name,ttm,03/31/2022,12/31/2021,09/30/2021,06/30/2021,03/31/2021,12/31/2020,09/30/2020,06/30/2020,03/31/2020,12/31/2019,09/30/2019,06/30/2019,03/31/2019,12/31/2018,09/30/2018,06/30/2018,03/31/2018,12/31/2017,09/30/2017,06/30/2017,03/31/2017,12/31/2016,09/30/2016,06/30/2016,03/31/2016,12/31/2015,09/30/2015,06/30/2015,03/31/2015,12/31/2014,09/30/2014,06/30/2014,03/31/2014,12/31/2013,09/30/2013,06/30/2013,03/31/2013,12/31/2012,09/30/2012,06/30/2012,03/31/2012,12/31/2011,09/30/2011,06/30/2011,03/31/2011,12/31/2010,09/30/2010,06/30/2010,03/31/2010,12/31/2009,09/30/2009,06/30/2009,03/31/2009,12/31/2008,09/30/2008,06/30/2008,03/31/2008,12/31/2007,09/30/2007,06/30/2007,03/31/2007,12/31/2006,09/30/2006,06/30/2006,03/31/2006,12/31/2005,09/30/2005,06/30/2005,03/31/2005,12/31/2004,09/30/2004,06/30/2004,03/31/2004,12/31/2003,09/30/2003,06/30/2003,03/31/2003,06/30/2002,03/31/2002,12/31/2001,09/30/2001,06/30/2001,03/31/2001,12/31/2000,09/30/2000
TotalRevenue,"4,206,685,000","1,037,156,000","1,162,997,000","1,016,100,000","990,432,000","861,300,000","932,475,000","809,886,000","825,253,000","643,502,000","747,049,000","648,539,000","663,918,000","679,683,000","764,958,000","656,607,000","666,145,000","590,014,000","627,952,000","535,748,000","517,366,000","475,394,000","529,725,000","448,015,000","443,272,000","418,615,000","472,077,000","449,904,000","455,833,000","444,845,000","488,865,000","465,801,000","441,169,000","403,363,000","470,601,000","405,390,000","403,573,000","377,336,000","452,772,000","409,251,000","424,705,000","359,304,000","388,159,000","362,876,000","349,574,000","297,606,000","359,694,000","326,667,000","356,181,000","295,232,000","321,560,000","255,478,000","240,001,000","244,507,000","335,023,000","460,658,000","438,780,000","373,021,000","442,778,000","395,935,000","370,414,000","353,579,000","416,688,000","361,072,000","366,420,000","332,150,000","470,867,000","404,899,000","395,185,000","346,946,000","428,723,000","350,176,000","338,308,000","297,454,000","389,748,000","322,374,000","326,404,000","345,125,000","235,601,000","246,171,000","283,771,000","150,713,000","149,035,000","180,312,000","223,662,000","208,611,000"
	OperatingRevenue,"4,226,887,000","1,041,525,000","1,167,457,000","1,021,640,000","996,265,000","866,604,000","918,082,000","814,331,000","830,404,000","648,299,000","747,049,000","648,539,000","666,492,000","681,627,000","766,319,000","655,839,000","664,531,000","590,014,000","614,615,000","535,748,000","517,366,000","475,394,000","512,881,000","448,015,000","439,239,000","413,235,000","468,214,000","446,003,000","452,092,000","441,104,000","484,824,000","462,334,000","437,478,000","400,190,000","466,746,000","401,730,000","400,098,000","374,054,000","439,112,000","409,251,000","424,705,000","359,304,000","388,159,000","362,876,000","349,574,000","297,606,000","359,694,000","326,667,000","356,181,000","295,232,000","321,560,000","255,478,000","240,001,000","244,507,000","335,023,000","460,658,000","438,780,000","373,021,000","442,778,000","395,935,000","370,414,000","353,579,000","416,688,000","361,072,000","366,420,000","332,150,000","470,867,000","404,899,000","395,185,000","346,946,000","428,723,000","350,176,000","338,308,000","297,454,000","389,748,000","322,374,000","326,404,000","345,125,000","235,601,000","246,171,000","283,771,000","150,713,000","149,035,000","180,312,000","223,662,000","208,611,000"
CostOfRevenue,"3,071,828,000","820,742,000","795,906,000","726,737,000","728,443,000","660,795,000","640,225,000","597,982,000","600,043,000","495,125,000","537,183,000","526,629,000","549,610,000","534,160,000","541,998,000","513,449,000","506,133,000","459,077,000","435,376,000","400,875,000","383,349,000","376,960,000","354,894,000","351,700,000","333,057,000","328,984,000","338,968,000","331,178,000","337,777,000","335,477,000","370,391,000","353,868,000","350,148,000","323,707,000","349,045,000","305,491,000","315,007,000","312,958,000","370,167,000","288,987,000","311,578,000","278,712,000","273,852,000","273,248,000","268,689,000","240,996,000","736,011,000","75,140,000","78,466,000","127,571,000","143,791,000","117,584,000","36,774,000","103,896,000","411,074,000","228,093,000","287,054,000","374,762,000","479,307,000","314,986,000","292,425,000","327,166,000","434,953,000","284,645,000","309,533,000","308,190,000",,,,,,,,,,,,,,,,,,,,
GrossProfit,"1,134,857,000","216,414,000","367,091,000","289,363,000","261,989,000","200,505,000","292,250,000","211,904,000","225,210,000","148,377,000","209,866,000","121,910,000","114,308,000","145,523,000","222,960,000","143,158,000","160,012,000","130,937,000","192,576,000","134,873,000","134,017,000","98,434,000","174,831,000","96,315,000","110,215,000","89,631,000","133,109,000","118,726,000","118,056,000","109,368,000","118,474,000","111,933,000","91,021,000","79,656,000","121,556,000","99,899,000","88,566,000","64,378,000","82,605,000","120,264,000","113,127,000","80,592,000","114,307,000","89,628,000","80,885,000","56,610,000","-376,317,000","251,527,000","277,715,000","167,661,000","177,769,000","137,894,000","203,227,000","140,611,000","-76,051,000","232,565,000","151,726,000","-1,741,000","-36,529,000","80,949,000","77,989,000","26,413,000","-18,265,000","76,427,000","56,887,000","23,960,000",,,,,,,,,,,,,,,,,,,,
OperatingExpense,"409,988,000","98,625,000","103,496,000","106,072,000","101,795,000","96,084,000","98,498,000","91,838,000","87,337,000","93,503,000","103,671,000","103,604,000","101,335,000","96,122,000","94,567,000","87,923,000","89,452,000","90,098,000","84,711,000","80,858,000","74,236,000","73,537,000","69,305,000","66,423,000","72,603,000","62,150,000","167,063,000","61,849,000","56,159,000","51,757,000","52,731,000","50,854,000","48,236,000","43,497,000","44,616,000","41,692,000","40,504,000","41,804,000","-2,507,000","57,999,000","27,537,000","26,923,000","25,985,000","21,248,000","18,697,000","17,452,000","-236,025,000","96,129,000","112,475,000","96,112,000","94,732,000","88,398,000","82,570,000","81,814,000","95,237,000","97,982,000","97,748,000","452,322,000","510,994,000","418,412,000","396,150,000","409,517,000","466,689,000","370,617,000","391,577,000","395,036,000","712,487,000","336,886,000","351,428,000","326,464,000","366,254,000","354,710,000","330,104,000","319,316,000","370,046,000","319,929,000","335,842,000","363,765,000","268,036,000","238,497,000","220,124,000","141,377,000","149,733,000","164,947,000","154,504,000","146,641,000"
	SellingGeneralAndAdministration,"168,082,000","42,768,000","42,401,000","42,966,000","39,947,000","37,672,000","40,043,000","37,731,000","34,627,000","42,391,000","48,698,000","49,110,000","46,374,000","45,029,000","42,677,000","41,605,000","42,358,000","39,847,000","39,189,000","38,260,000","34,891,000","32,359,000","33,457,000","31,958,000","32,010,000","30,323,000","30,557,000","27,555,000","23,830,000","20,813,000","21,501,000","21,642,000","18,774,000","17,282,000","17,935,000","14,535,000","13,771,000","15,179,000","14,272,000","14,746,000","14,823,000","12,620,000","13,709,000","11,284,000","9,922,000","9,122,000","-247,870,000","87,887,000","106,066,000","68,977,000","65,609,000","58,241,000","74,973,000","58,198,000","63,983,000","65,267,000","65,727,000","90,428,000","90,238,000","90,371,000","89,252,000","85,466,000","144,298,000","66,186,000","74,931,000","83,239,000",,,,,,,,,,,,,,,,,,,,
		GeneralAndAdministrativeExpense,"168,082,000","42,768,000","42,401,000","42,966,000","39,947,000","37,672,000","40,043,000","37,731,000","34,627,000","42,391,000","48,698,000","49,110,000","46,374,000","45,029,000","42,677,000","41,605,000","42,358,000","39,847,000","39,189,000","38,260,000","34,891,000","32,359,000","33,457,000","31,958,000","32,010,000","30,323,000","30,557,000","27,555,000","23,830,000","20,813,000","21,501,000","21,642,000","18,774,000","17,282,000","17,935,000","14,535,000","13,771,000","15,179,000","14,272,000",,"88,201,000",,,,,,,"87,887,000","106,066,000","68,977,000","65,609,000","58,241,000","74,973,000","58,198,000","63,983,000","65,267,000","65,727,000","90,428,000","90,238,000","90,371,000","89,252,000","85,466,000","144,298,000","66,186,000","74,931,000","83,239,000",,,,,,,,,,,,,,,,,,,,
			SalariesAndWages,,,,,,,,,,,,,,,,,,,,,,,,,,,,,,,,,,,,,,,,,"73,378,000",,,,,,,"56,244,000","60,071,000","61,362,000","58,372,000","52,271,000","52,349,000","52,668,000","55,320,000","54,697,000","52,845,000","-58,903,000","-67,589,000","-58,740,000","-61,438,000","-61,750,000","-64,823,000","-59,731,000","-59,099,000","-60,071,000",,,,,,,,,,,,,,,,,,,,
			OtherGandA,"168,082,000","42,768,000","42,401,000","42,966,000","39,947,000","37,672,000","40,043,000","37,731,000","34,627,000","42,391,000","48,698,000","49,110,000","46,374,000","45,029,000","42,677,000","41,605,000","42,358,000","39,847,000","39,189,000","38,260,000","34,891,000","32,359,000","33,457,000","31,958,000","32,010,000","30,323,000","30,557,000","27,555,000","23,830,000","20,813,000","21,501,000","21,642,000","18,774,000","17,282,000","17,935,000","14,535,000","13,771,000","15,179,000","14,272,000",,"14,823,000",,,,,,,"31,643,000","45,995,000","7,615,000","7,237,000","5,970,000","22,624,000","5,530,000","8,663,000","10,570,000","12,882,000","149,331,000","154,352,000","149,111,000","150,690,000","147,216,000","199,083,000","125,917,000","134,030,000","143,310,000",,,,,,,,,,,,,,,,,,,,
	DepreciationAmortizationDepletionIncomeStatement,,,,,,,,,,,,,,,,,,,,,,,,,,,,,,,,,,,,,,,,"16,612,000","13,877,000","14,303,000","12,276,000","9,964,000","8,775,000","8,330,000","8,304,000","8,403,000","8,567,000","9,079,000","8,519,000","9,039,000","7,597,000","7,919,000","9,048,000","8,715,000","12,817,000","8,366,000","8,204,000","12,171,000","10,062,000","9,575,000","12,021,000","10,275,000","6,520,000","13,526,000","8,498,000","11,768,000","13,066,000","13,004,000","14,243,000","15,054,000","15,404,000","14,266,000","13,921,000","10,110,000","19,341,000","16,767,000","27,196,000","21,695,000","20,376,000","22,381,000","20,469,000","20,186,000","21,279,000","25,393,000"
		DepreciationAndAmortizationInIncomeStatement,,,,,,,,,,,,,,,,,,,,,,,,,,,,,,,,,,,,,,,,"16,612,000","13,877,000","14,303,000","12,276,000","9,964,000","8,775,000","8,330,000","8,304,000","8,403,000","8,567,000","9,079,000","8,519,000","9,039,000","7,597,000","7,919,000","9,048,000","8,715,000","12,817,000","8,366,000","8,204,000","12,171,000","10,062,000","9,575,000","12,021,000","10,275,000","6,520,000","13,526,000","8,498,000","11,768,000","13,066,000","13,004,000","14,243,000","15,054,000","15,404,000","14,266,000","13,921,000","10,110,000","19,341,000","16,767,000","27,196,000","21,695,000","20,376,000","22,381,000","20,469,000","20,186,000","21,279,000","25,393,000"
			DepreciationIncomeStatement,,,,,,,,,,,,,,,,,,,,,,,,,,,,,,,,,,,,,,,,,,,,,,,,,,,,,,"7,919,000",,,,"8,366,000","8,204,000","12,171,000","10,062,000","9,575,000","12,021,000","10,275,000","6,520,000","13,526,000",,,,,,,,,,,,,,,,,,,,
	OtherOperatingExpenses,"241,906,000","55,857,000","61,095,000","63,106,000","61,848,000","58,412,000","58,455,000","54,107,000","52,710,000","51,112,000","54,973,000","54,494,000","54,961,000","51,093,000","51,890,000","46,318,000","47,094,000","50,251,000","45,522,000","42,598,000","39,345,000","41,178,000","35,848,000","34,465,000","40,593,000","31,827,000","136,506,000","34,294,000","32,329,000","30,944,000","31,230,000","29,212,000","29,462,000","26,215,000","26,681,000","27,157,000","26,733,000","26,625,000","28,013,000","26,641,000","-1,163,000",,,,,,,"-161,000","-2,158,000","18,056,000","20,604,000","21,118,000",,"15,697,000","22,206,000","24,000,000","19,204,000","353,528,000","412,552,000","315,870,000","296,836,000","314,476,000","310,370,000","294,156,000","310,126,000","298,271,000","341,232,000","325,118,000","338,362,000","313,460,000","352,011,000","339,656,000","314,700,000","305,050,000","356,125,000","309,819,000","316,501,000","346,998,000","240,840,000","216,802,000","199,748,000","118,996,000","129,264,000","144,761,000","133,225,000","121,248,000"
OperatingIncome,"724,869,000","117,789,000","263,595,000","183,291,000","160,194,000","104,421,000","193,752,000","120,066,000","137,873,000","54,874,000","106,195,000","18,306,000","12,973,000","49,401,000","128,393,000","55,235,000","70,560,000","40,839,000","107,865,000","54,015,000","59,781,000","24,897,000","105,526,000","29,892,000","37,612,000","27,481,000","-33,954,000","56,877,000","61,897,000","57,611,000","65,743,000","61,079,000","42,785,000","36,159,000","76,940,000","58,207,000","48,062,000","22,574,000","85,112,000","62,265,000","85,590,000","53,669,000","88,322,000","68,380,000","62,188,000","39,158,000","-140,292,000","155,398,000","165,240,000","71,549,000","83,037,000","49,496,000","120,657,000","58,797,000","-171,288,000","134,583,000","53,978,000","-454,063,000","-547,523,000","-337,463,000","-318,161,000","-383,104,000","-484,954,000","-294,190,000","-334,690,000","-371,076,000","-1,610,131,000","68,013,000","43,757,000","20,482,000","62,469,000","-4,534,000","8,204,000","-21,862,000","19,702,000","2,445,000","-9,438,000","-18,640,000","-32,435,000","7,674,000","63,647,000","9,336,000","-698,000","15,365,000","69,158,000","61,970,000"
NetNonOperatingInterestIncomeExpense,"-89,174,000","-16,419,000","-23,123,000","-24,679,000","-24,953,000","-25,698,000","-27,342,000","-28,096,000","-28,594,000","-28,602,000","-29,163,000","-28,611,000","-28,140,000","-27,846,000","-29,341,000","-28,403,000","-26,329,000","-23,868,000","-23,461,000","-22,943,000","-21,397,000","-18,488,000","-18,641,000","-18,980,000","-18,843,000","-19,341,000","-23,196,000","-19,514,000","-20,431,000","-20,034,000","-20,999,000","-21,328,000","-21,579,000","-21,413,000","-16,773,000","-17,454,000","-15,407,000","-11,862,000","-10,556,000","-8,119,000","-4,792,000","-2,702,000","1,934,000","2,185,000","1,353,000","236,000","771,000","-285,000","-1,409,000","-3,075,000","-6,433,000","-7,648,000","-7,633,000","-7,788,000","-8,243,000","-7,116,000","-6,317,000",,,,,,,,,,,,,,,,,,,,,,,,,,,,,
	InterestIncomeNonOperating,"752,000","240,000","164,000","159,000","189,000","211,000","147,000","225,000","224,000","480,000","321,000","653,000","1,278,000","2,044,000","2,006,000","1,592,000","1,388,000","1,724,000","1,723,000","1,688,000","1,342,000","1,256,000","1,207,000","1,316,000","1,405,000","1,604,000","1,601,000","2,040,000","4,425,000","4,488,000","4,446,000","4,588,000","4,719,000","4,727,000","4,810,000","4,849,000","4,978,000","5,176,000","5,007,000","4,833,000","4,887,000","4,909,000","4,993,000","5,004,000","5,080,000","5,115,000","5,043,000","5,490,000","8,741,000","3,906,000","13,413,000","346,000","628,000","842,000","-5,538,000","5,791,000","3,118,000",,,,,,,,,,,,,,,,,,,,,,,,,,,,,
	InterestExpenseNonOperating,"89,926,000","16,659,000","23,287,000","24,838,000","25,142,000","25,909,000","27,489,000","28,321,000","28,818,000","29,082,000","29,484,000","29,264,000","29,418,000","29,890,000","31,347,000","29,995,000","27,717,000","25,592,000","25,184,000","24,631,000","22,739,000","19,744,000","19,848,000","20,296,000","20,248,000","20,945,000","24,797,000","21,554,000","24,856,000","24,522,000","25,445,000","25,916,000","26,298,000","26,140,000","21,583,000","22,303,000","20,385,000","17,038,000","15,563,000","12,952,000","9,679,000","7,611,000","3,059,000","2,819,000","3,727,000","4,879,000","4,272,000","5,775,000","10,150,000","6,981,000","19,846,000","7,994,000","8,261,000","8,630,000","2,705,000","12,907,000","9,435,000",,,,,,,,,,,,,,,,,,,,,,,,,,,,,
OtherIncomeExpense,"-558,000","4,225,000","-7,026,000","-2,494,000","4,737,000","39,126,000","76,051,000","18,204,000","2,642,000","5,914,000","-598,850,000","61,997,000","37,352,000","-46,372,000","133,851,000","44,340,000","-52,368,000","-3,535,000","22,605,000","-45,080,000","11,399,000","-5,821,000","-32,437,000","-5,176,000","9,639,000","-7,316,000","-12,295,000","-62,536,000","-329,000","-1,316,000","-5,820,000","-857,000","-16,040,000","-8,181,000","-19,453,000","-4,784,000","-1,699,000","-529,000","8,109,000","188,000","-30,696,000","-32,793,000","-35,138,000","-24,759,000","-24,163,000","-22,708,000","-100,323,000","614,000","-213,000","8,835,000","-7,831,000","699,000","-60,000","2,568,000","60,244,000","-2,978,000","-607,000","9,807,000","9,731,000","10,673,000","1,374,000","15,132,000","-11,707,000","-12,518,000",,,"-34,000","228,000","33,562,000","35,966,000",,,"78,915,000","58,979,000",,,"42,803,000","37,661,000","-6,455,000","3,825,000","-44,391,000","-2,536,000","-71,173,000","-2,061,000",,
	GainOnSaleOfSecurity,,,"0",,,"-113,000","2,298,000","-43,604,000","-30,671,000","924,000","-3,791,000","83,175,000","42,300,000","-46,575,000","134,805,000","46,080,000","-50,031,000","-7,740,000","23,692,000","-44,775,000","13,763,000","-5,213,000","-27,901,000","-1,462,000","26,475,000",,"0","13,439,000",,,,,,,,,,,,,,,,,,,,,,,,,,,,,,,,,,,,,,,,,,,,,,,,,,,,,,,,,,
	SpecialIncomeCharges,"-2,425,000","3,607,000","-6,557,000","642,000","-117,000","-217,000","92,000","-881,000","-17,285,000","6,196,000","-622,131,000","-19,744,000","-4,003,000","-2,772,000","-836,000","-765,000","-9,614,000","-270,000","-1,117,000","-1,470,000","-1,303,000","-861,000","-4,094,000","-3,894,000","-16,788,000","-7,556,000","-12,789,000","-74,611,000","-613,000","-641,000","-5,547,000","-90,000","-16,128,000","-8,029,000","-18,914,000","-5,025,000","-595,000","23,000","-291,000",,"-29,472,000","-33,090,000","-34,833,000","-24,880,000","-24,569,000","-22,667,000","-109,545,000","614,000","-213,000","8,835,000","-7,831,000","699,000","-60,000","2,568,000","60,244,000","-2,978,000","-607,000","9,807,000","9,731,000","10,673,000","1,374,000","15,132,000","-11,707,000","-12,518,000",,,"-34,000","228,000","33,562,000","35,966,000",,,"78,915,000","58,979,000",,,"42,803,000","37,661,000","-6,455,000","3,825,000","-44,391,000","-2,536,000","-71,173,000","-2,061,000","0","0"
		RestructuringAndMergernAcquisition,"800,000","0","515,000","168,000","117,000","201,000","494,000","490,000","1,275,000","521,000","579,000","324,000","734,000","2,527,000","836,000","765,000","240,000","270,000","1,106,000","1,092,000","1,396,000","915,000","585,000","3,905,000","16,788,000","793,000",,,,,,,,,,,,,,,,,,,,,,,,,,,,,,,,,,,,,,,,,,,,,,,,,,,,,"7,850,000",,"44,948,000","0","71,214,000",,"0","0"
		OtherSpecialCharges,,"2,633,000","6,042,000",,,,"-216,000","554,000","16,008,000",,"616,243,000","19,420,000","3,269,000","245,000","0",,"9,374,000",,"106,000","167,000",,,"3,509,000",,,"6,763,000","12,782,000","74,403,000","499,000","-568,000","5,547,000","90,000","1,449,000","8,029,000","18,642,000","4,524,000","994,000",,"291,000",,,"33,286,000","34,733,000","25,043,000","24,750,000","22,787,000","113,146,000","-614,000","213,000",,,,"173,000",,,,,,,,,,,,,,,,,,,,,,,,,,"-1,395,000",,"-557,000","2,536,000","-41,000",,,
		GainOnSaleOfBusiness,,,,,,,,,,,,,,,,,,,,,,,,,,,,,,,,,,,,,,,,,,,,,,,"0","0","0",,,,"113,000",,,,,,,,,,,,,,,,,,,,,,,,,,,,,,,,,
		GainOnSaleOfPPE,"7,050,000","6,240,000","0","810,000","0","-16,000","370,000","163,000","-2,000","6,717,000","-5,309,000",,,,"0","0","0","0","95,000","-211,000","93,000","54,000","0","11,000","0","0","-7,000","-208,000","-114,000","-1,209,000","0","0","-14,679,000","0","-272,000","-501,000","399,000","23,000","0",,,"196,000","-100,000","163,000","181,000","120,000",,,,,,,,,,,,,,,,,,,,,,,,,,,,,,,,,,,,,,,,
	OtherNonOperatingIncomeExpenses,"1,867,000","618,000","-469,000","-3,136,000","4,854,000","39,456,000","73,661,000","62,689,000","50,598,000","-1,206,000","27,072,000","-1,434,000","-945,000","2,975,000","-118,000","-975,000","7,277,000","4,475,000","30,000","1,165,000","-1,061,000","253,000","-442,000","180,000","-48,000","240,000","494,000","-1,364,000","284,000","-675,000","-273,000","-767,000","88,000","-152,000","-539,000","241,000","-1,104,000","-552,000","6,268,000","188,000","-1,224,000","297,000","-305,000","121,000","406,000","-41,000",,,,,,,,,,,,,,,,,,,,,,,,,,,,,,,,,,,,,,,,
PretaxIncome,"635,137,000","105,595,000","233,446,000","156,118,000","139,978,000","117,849,000","242,461,000","110,174,000","111,921,000","32,186,000","-521,818,000","51,692,000","22,185,000","-24,817,000","232,903,000","71,172,000","-8,137,000","13,436,000","107,009,000","-14,008,000","49,783,000","588,000","54,448,000","5,736,000","28,408,000","824,000","-69,445,000","-25,173,000","41,137,000","36,261,000","38,924,000","38,894,000","5,166,000","6,565,000","40,714,000","35,969,000","30,956,000","10,183,000","82,665,000","54,334,000","50,102,000","18,174,000","55,118,000","45,806,000","39,378,000","16,686,000","62,298,000","55,225,000","61,696,000","53,891,000","46,121,000","21,679,000","17,838,000","38,459,000","103,499,000","10,151,000","6,628,000","-6,382,000","66,740,000","30,661,000","25,192,000","10,142,000","74,049,000","8,412,000","17,490,000","-6,151,000","44,751,000","50,622,000","26,870,000","1,520,000","48,169,000","140,267,000","-51,428,000","-57,463,000","-7,178,000","-24,575,000","-31,346,000","-37,892,000","-54,711,000","-10,974,000","-51,000","-9,859,000","-87,627,000","-1,576,000","50,251,000","37,213,000"
TaxProvision,"150,242,000","24,084,000","56,707,000","36,583,000","32,868,000","27,916,000","58,494,000","36,120,000","33,009,000","8,833,000","-111,573,000","-8,282,000","-64,683,000","4,893,000","21,899,000","34,000","12,986,000","3,808,000","-102,445,000","10,187,000","10,739,000","553,000","25,712,000","13,237,000","7,489,000","353,000","-31,863,000","-12,419,000","12,747,000","7,029,000","-2,720,000","11,318,000","-23,815,000","2,539,000","12,513,000","11,247,000","9,993,000","-9,920,000","29,662,000","19,759,000","18,906,000","7,234,000","22,085,000","17,464,000","14,907,000","6,224,000","19,768,000","21,186,000","28,920,000","20,280,000","17,986,000","7,606,000","7,275,000","15,074,000","41,243,000","4,910,000","5,098,000","-1,051,000","16,059,000","-1,691,000","-17,993,000","3,945,000","28,347,000","1,330,000","6,795,000","-2,452,000","17,282,000","20,759,000","11,016,000","845,000","21,107,000","6,365,000","0","1,117,000","0","0","0","0","-20,507,000","-4,324,000","7,981,000","-5,648,000","-38,605,000","-1,583,000","19,096,000","14,141,000"
NetIncomeCommonStockholders,"484,895,000","81,511,000","176,739,000","119,535,000","107,110,000","89,933,000","183,967,000","74,054,000","78,912,000","23,353,000","-410,245,000","59,974,000","86,868,000","-29,710,000","210,974,000","71,131,000","-21,150,000","9,612,000","209,448,000","-24,162,000","38,939,000","-752,000","28,417,000","-7,946,000","20,574,000","471,000","-37,582,000","-12,754,000","28,390,000","29,232,000","41,644,000","27,576,000","29,593,000","7,944,000","29,958,000","23,741,000","20,060,000","20,078,000","52,382,000","33,858,000","30,852,000","12,835,000","33,513,000","28,206,000","23,847,000","10,516,000","41,560,000","33,804,000","32,661,000","33,785,000","28,339,000","14,722,000","11,330,000","23,385,000","62,256,000","5,241,000","1,530,000","-5,331,000","50,681,000","32,352,000","43,185,000","6,197,000","45,702,000","7,082,000","10,695,000","-3,699,000","27,469,000","29,863,000","15,854,000","675,000","27,062,000","133,902,000","-51,428,000","-58,580,000","-7,178,000","-24,575,000","-31,346,000","-37,892,000","-34,204,000","-6,650,000","-8,032,000","-4,211,000","-49,022,000","-1,582,000","31,155,000","23,072,000"
	NetIncome,"484,895,000","81,511,000","176,739,000","119,535,000","107,110,000","89,933,000","183,967,000","74,054,000","78,912,000","23,353,000","-410,245,000","59,974,000","86,868,000","-29,710,000","210,974,000","71,131,000","-21,150,000","9,612,000","209,448,000","-24,162,000","38,939,000","-752,000","28,417,000","-7,946,000","20,574,000","471,000","-37,582,000","-12,754,000","28,390,000","29,232,000","41,644,000","27,576,000","29,593,000","7,944,000","29,958,000","23,741,000","20,060,000","20,078,000","52,382,000","33,858,000","30,852,000","12,835,000","33,513,000","28,206,000","23,847,000","10,516,000","41,560,000","33,804,000","32,661,000","33,785,000","28,339,000","14,722,000","11,330,000","23,385,000","62,256,000","5,241,000","1,530,000","-5,331,000","50,681,000","32,352,000","43,185,000","6,197,000","45,702,000","7,082,000","10,695,000","-3,699,000","27,469,000","29,863,000","15,854,000","675,000","27,062,000","133,902,000","-51,428,000","-58,580,000","-7,178,000","-24,575,000","-31,346,000","-37,892,000","-34,204,000","-6,650,000","-8,032,000","-4,211,000","-49,022,000","-1,582,000","31,155,000","23,072,000"
		NetIncomeIncludingNoncontrollingInterests,"484,895,000","81,511,000","176,739,000","119,535,000","107,110,000","89,933,000","183,967,000","74,054,000","78,912,000","23,353,000","-410,245,000","59,974,000","86,868,000","-29,710,000","210,974,000","71,131,000","-21,150,000","9,612,000","209,448,000","-24,162,000","38,939,000","-752,000","28,417,000","-7,946,000","20,574,000","471,000","-37,582,000","-12,754,000","28,390,000","29,232,000","41,644,000","27,576,000","28,981,000","4,026,000","28,201,000","24,722,000","20,963,000","20,103,000","53,003,000","34,575,000","31,196,000","10,940,000","33,033,000","28,342,000","24,471,000","10,462,000","42,530,000","34,039,000","32,776,000","33,611,000","28,135,000","14,073,000","10,563,000","23,385,000","62,256,000","5,241,000","1,530,000","-1,895,000","50,681,000","32,352,000","43,185,000","6,197,000","45,702,000","7,082,000","10,695,000","-3,699,000","27,469,000","29,863,000","15,854,000","675,000","27,062,000","133,902,000","-51,428,000","-58,580,000","-7,178,000","-24,575,000","-31,346,000","-37,892,000","-34,204,000","-6,650,000","-8,032,000","-4,211,000","-49,022,000","-1,582,000","31,155,000","23,072,000"
			NetIncomeContinuousOperations,"484,895,000","81,511,000","176,739,000","119,535,000","107,110,000","89,933,000","183,967,000","74,054,000","78,912,000","23,353,000","-410,245,000","59,974,000","86,868,000","-29,710,000","211,004,000","71,138,000","-21,123,000","9,628,000","209,454,000","-24,195,000","39,044,000","35,000","28,736,000","-7,501,000","20,919,000","471,000","-37,582,000","-12,754,000","28,390,000","29,232,000","41,644,000","27,576,000","28,981,000","4,026,000","28,201,000","24,722,000","20,963,000","20,103,000","53,003,000","34,575,000","31,196,000","10,940,000","33,033,000","28,342,000","24,471,000","10,462,000","42,530,000","34,039,000","32,776,000","33,611,000","28,135,000","14,073,000","10,563,000","23,385,000","62,256,000","5,241,000","1,530,000","-5,331,000","50,681,000","32,352,000","43,185,000","6,197,000","45,702,000","7,082,000","10,695,000","-3,699,000","27,469,000","29,863,000","15,854,000","675,000","27,062,000","133,902,000","-51,428,000","-58,580,000","-7,178,000","-24,575,000","-31,346,000","-37,892,000","-34,204,000","-6,650,000","-8,032,000","-4,211,000","-49,022,000","7,000","31,155,000","23,072,000"
			NetIncomeDiscontinuousOperations,,,,,,,,,,,"0","0","0","0","-30,000","-7,000","-27,000","-16,000","-6,000","33,000","-105,000","-787,000","-319,000","-445,000","-345,000",,,,,,,,,,,,,,,,,,,,,,,,,,,,,,,,,,,,,,,,,,,,,,,,,,,,,,,,,,,,,
			NetIncomeExtraordinary,,,,,,,,,,,,,,,,,,,,,,,,,,,,,,,,,,,,,,,,,,,,,,,,,,,,,,,,,,,,,,,,,,,,,,,,,,,,,,,"0","0","0","0","0","-1,589,000","0","0"
		MinorityInterests,,,,,,,,,,,,,,,,,,,,,,,,,,,"0","0","0","0","0","0","612,000","3,918,000","1,757,000","-981,000","-903,000","-25,000","-621,000","-717,000","-344,000","1,895,000","480,000","-136,000","-624,000","54,000","-970,000","-235,000","-115,000","174,000","204,000","649,000","767,000","0",,,,"-3,436,000",,,,,,,,,,,,,,,,,,,,,,,,,,,,
AverageDilutionEarnings,,,"0",,,,,,,,,,"-43,379,000",,,,,,,"-33,000","-14,188,000",,,"445,000","-27,168,000",,,,,,,,,,,,,,,,,,,,,,,,,,,,,,,,,,,,,,,,,,,,,,,,,,,,,,,,,,,,,
DilutedNIAvailtoComStockholders,"485,007,000","81,511,000","176,739,000","119,535,000","107,110,000","89,933,000","183,967,000","74,054,000","78,912,000","23,353,000","-410,245,000","59,974,000","43,489,000","-29,710,000","210,974,000","71,131,000","-21,150,000","9,612,000","208,589,000","-24,195,000","24,751,000","-752,000","53,736,000","-7,501,000","-6,594,000","471,000","-37,582,000","-12,754,000","28,390,000","29,232,000","41,644,000","27,576,000","29,593,000","7,944,000","29,958,000","23,741,000","20,060,000","20,078,000","52,382,000","33,858,000","30,852,000","12,835,000","33,513,000","28,206,000","23,847,000","10,516,000","41,560,000","33,804,000","32,661,000","33,785,000","28,339,000","14,722,000","11,330,000","23,385,000","62,256,000","5,241,000","1,530,000","-5,331,000","50,681,000","32,352,000","43,185,000","6,197,000","45,702,000","7,082,000","10,695,000","-3,699,000","27,469,000","29,863,000","15,854,000","675,000","27,062,000","133,902,000","-51,428,000","-58,580,000","-7,178,000","-24,575,000","-31,346,000","-37,892,000","-34,204,000","-6,650,000","-8,032,000","-4,211,000","-49,022,000","-1,582,000","31,155,000","23,072,000"
BasicEPS,,"2.82","6.07","4.12","3.69","3.16","6.72","2.83","3.02","0.9","-15.86","2.32","3.36","-1.15","8.25","2.78","-0.83","0.38","8.28","-0.96","1.54","-0.03","1.14","-0.32","0.83","0.02","-1.53","-0.51","1.13","1.18","1.68","1.1","1.17","0.32","1.2","0.94","0.78","0.76","1.98","1.28","1.17","0.49",,"1.07","0.91","0.4",,"1.31","1.27","1.32",,"0.7","0.54","1.12",,"0.24","0.07","-0.25",,"1.52","2.04","0.29",,"0.34","0.52","-0.18",,"1.47","0.78","0.03",,"3.493","-1.34","-1.53",,"-0.64","-0.82","-0.99","-0.89","-0.17",,"-0.11","-1.28","-0.04",,"0.61"
DilutedEPS,,"2.38","5.55","3.91","3.53","3.05","6.15","2.78","3.01","0.9","-15.86","2.32","1.61","-1.15","2.73","0.84","-0.83","0.37","6.71","-0.96","0.92","-0.03","1.11","-0.32","-0.28","0.02","-1.53","-0.51","1.13","1.17","1.66","1.1","1.17","0.32","1.19","0.94","0.78","0.76","1.97","1.27","1.16","0.48",,"1.07","0.9","0.4",,"1.29","1.25","1.3",,"0.7","0.54","1.12",,"0.24","0.07","-0.25",,"1.5","2.01","0.29",,"0.34","0.51","-0.18",,"1.44","0.77","0.03",,"3.493","-1.34","-1.53",,"-0.64","-0.82","-0.99","-0.89","-0.17",,"-0.11","-1.28","-0.04",,"0.6"
BasicAverageShares,,"28,854,000","29,107,000","29,023,000","29,011,000","28,491,000","27,395,000","26,135,000","26,129,000","25,966,000","25,869,000","25,854,000","25,851,000","25,735,000","25,588,000","25,575,000","25,565,000","25,436,000","25,282,000","25,262,000","25,257,000","25,162,000","25,008,000","24,840,000","24,812,000","24,711,000","24,633,000","24,798,000","25,029,000","24,876,000","24,807,000","24,983,000","25,241,000","25,096,000","25,039,000","25,124,000","25,691,000","26,330,000","26,444,000","26,443,000","26,428,000","26,360,000",,"26,291,000","26,269,000","26,041,000",,"25,855,000","25,767,000","25,583,000",,"20,924,000","20,906,000","20,877,000",,"21,552,000","21,506,000","21,424,000",,"21,284,211","21,169,118","21,368,966",,"20,829,412","20,567,308","20,550,000",,"20,314,966","3,650,149","3,650,149",,"38,330,314","38,379,104","38,287,582",,"38,398,438","38,226,829","38,274,747","38,431,461","39,117,647",,"38,163,000","38,162,000","38,125,000",,"38,072,000"
DilutedAverageShares,,"34,690,000","31,821,000","30,547,000","30,319,000","29,478,000","29,666,000","26,619,000","26,182,000","25,966,000","25,869,000","25,854,000","26,953,000","25,735,000","27,911,000","28,747,000","25,565,000","25,956,000","27,435,000","25,262,000","26,791,000","25,744,000","25,554,000","24,840,000","25,225,000","24,846,000","24,633,000","24,798,000","25,198,000","25,070,000","25,018,000","25,064,000","25,279,000","25,151,000","25,159,000","25,212,000","25,716,000","26,439,000","26,615,000","26,580,000","26,511,000","26,488,000",,"26,452,000","26,491,000","26,289,000",,"26,143,000","26,077,000","25,892,000",,"21,131,000","21,062,000","20,885,000",,"21,662,000","21,656,000","21,424,000",,"21,568,000","21,485,075","21,368,966",,"20,829,412","20,970,588","20,550,000",,"20,738,194","3,650,149","3,650,149",,"38,330,314","38,379,104","38,287,582",,"38,398,438","38,226,829","38,274,747","38,431,461","39,117,647",,"38,163,000","38,162,000","38,435,000",,"38,618,000"
TotalOperatingIncomeAsReported,"728,486,000","121,396,000","263,080,000","183,933,000","160,077,000","104,204,000","193,844,000","119,192,000","120,662,000","61,070,000","-515,936,000","-879,000","8,970,000","46,874,000","127,557,000","54,470,000","60,946,000","40,569,000","106,748,000","52,712,000","58,478,000","24,036,000","101,432,000","25,998,000","20,824,000","20,057,000","-43,744,000","48,995,000","61,284,000","56,970,000","60,196,000","60,989,000","26,657,000","28,130,000","58,026,000","57,706,000","48,461,000","22,597,000","87,529,000","62,265,000","56,118,000","20,579,000","53,489,000","43,500,000","37,619,000","16,491,000","61,541,000","54,896,000","63,318,000","48,131,000","52,169,000","28,628,000","25,531,000","43,679,000","-39,669,000","20,245,000","13,552,000","-2,600,000","70,689,000","35,360,000","31,236,000","17,490,000","81,760,000","32,865,000","30,570,000","7,104,000","61,048,000","68,013,000","43,757,000","20,482,000","62,469,000","-4,534,000","8,204,000","-21,862,000","19,702,000","2,445,000","-9,438,000","-18,640,000","-40,285,000","7,674,000","18,699,000","9,336,000","-71,912,000","15,365,000","69,158,000","61,970,000"
RentExpenseSupplemental,"238,511,000","52,349,000","58,959,000","62,107,000","65,096,000","65,643,000","69,541,000","67,109,000","59,954,000","55,368,000","67,709,000","72,318,000","78,317,000","82,104,000","85,024,000","83,231,000","77,979,000","75,121,000","78,267,000","67,341,000","59,047,000","54,608,000","58,670,000","51,370,000","55,500,000","59,011,000","64,911,000","62,224,000","59,477,000","57,764,000","73,741,000","69,519,000","65,732,000","62,536,000","73,544,000","64,886,000","58,598,000","54,120,000","56,267,000","59,286,000","58,640,000","52,473,000","56,416,000","53,868,000","54,170,000","49,694,000","52,275,000","50,251,000","50,961,000","11,709,000","11,326,000","10,434,000","47,563,000","7,559,000","-111,393,000","57,169,000","20,213,000","-76,701,000","-138,824,000","-57,856,000","-56,990,000","-73,472,000","-131,761,000","-54,928,000","-55,727,000","-69,990,000",,,,,,,,,,,,,,,,,,,,
TotalExpenses,"3,481,816,000","919,367,000","899,402,000","832,809,000","830,238,000","756,879,000","738,723,000","689,820,000","687,380,000","588,628,000","640,854,000","630,233,000","650,945,000","630,282,000","636,565,000","601,372,000","595,585,000","549,175,000","520,087,000","481,733,000","457,585,000","450,497,000","424,199,000","418,123,000","405,660,000","391,134,000","506,031,000","393,027,000","393,936,000","387,234,000","423,122,000","404,722,000","398,384,000","367,204,000","393,661,000","347,183,000","355,511,000","354,762,000","367,660,000","346,986,000","339,115,000","305,635,000","299,837,000","294,496,000","287,386,000","258,448,000","499,986,000","171,269,000","190,941,000","223,683,000","238,523,000","205,982,000","119,344,000","185,710,000","506,311,000","326,075,000","384,802,000","827,084,000","990,301,000","733,398,000","688,575,000","736,683,000","901,642,000","655,262,000","701,110,000","703,226,000","2,080,998,000","336,886,000","351,428,000","326,464,000","366,254,000","354,710,000","330,104,000","319,316,000","370,046,000","319,929,000","335,842,000","363,765,000","268,036,000","238,497,000","220,124,000","141,377,000","149,733,000","164,947,000","154,504,000","146,641,000"
NetIncomeFromContinuingAndDiscontinuedOperation,"484,895,000","81,511,000","176,739,000","119,535,000","107,110,000","89,933,000","183,967,000","74,054,000","78,912,000","23,353,000","-410,245,000","59,974,000","86,868,000","-29,710,000","210,974,000","71,131,000","-21,150,000","9,612,000","209,448,000","-24,162,000","38,939,000","-752,000","28,417,000","-7,946,000","20,574,000","471,000","-37,582,000","-12,754,000","28,390,000","29,232,000","41,644,000","27,576,000","29,593,000","7,944,000","29,958,000","23,741,000","20,060,000","20,078,000","52,382,000","33,858,000","30,852,000","12,835,000","33,513,000","28,206,000","23,847,000","10,516,000","41,560,000","33,804,000","32,661,000","33,785,000","28,339,000","14,722,000","11,330,000","23,385,000","62,256,000","5,241,000","1,530,000","-5,331,000","50,681,000","32,352,000","43,185,000","6,197,000","45,702,000","7,082,000","10,695,000","-3,699,000","27,469,000","29,863,000","15,854,000","675,000","27,062,000","133,902,000","-51,428,000","-58,580,000","-7,178,000","-24,575,000","-31,346,000","-37,892,000","-34,204,000","-6,650,000","-8,032,000","-4,211,000","-49,022,000","7,000","31,155,000","23,072,000"
NormalizedIncome,"486,746,364.942","78,726,396","181,703,221.375","119,043,228","107,199,505","90,184,790","182,153,590.297","103,954,813.168","112,724,277.16","18,186,984.962","81,844,906.615","13,669,370","58,911,190","6,313,310","89,631,605.158","25,823,000","22,417,850","15,371,170","195,909,000","3,552,000","29,275,360","3,679,400","47,933,000","-4,287,400","13,789,368","5,004,600","-29,908,600","23,949,200","28,812,970","29,748,646","45,249,550","27,639,810","40,076,200","12,865,777","43,058,990.175","27,193,175","20,462,815","20,063,050","52,382,000","33,858,000","49,202,734.741","32,753,818.092","54,412,800","43,600,248.788","39,115,119.229","24,728,043.27","116,344,886.353","33,425,549.19","32,799,450","28,274,744.391","33,116,112.053","14,268,241.662","11,369,000","21,823,527.263","26,018,447.328","7,176,700","1,924,550","-13,522,964.431","43,291,476.311","25,414,550","42,291,900","-3,049,007.099","52,927,395.535","17,620,810.747","10,695,000","-3,699,000","27,489,869.835","29,726,200","-4,283,200","-20,904,600","27,062,000","133,902,000","-130,343,000","-93,967,400","-7,178,000","-24,575,000","-74,149,000","-75,553,000","-30,168,489.408","-8,967,864.954","18,602,600","-2,689,400","-6,318,200","1,243,600","31,155,000","23,072,000"
InterestIncome,"752,000","240,000","164,000","159,000","189,000","211,000","147,000","225,000","224,000","480,000","321,000","653,000","1,278,000","2,044,000","2,006,000","1,592,000","1,388,000","1,724,000","1,723,000","1,688,000","1,342,000","1,256,000","1,207,000","1,316,000","1,405,000","1,604,000","1,601,000","2,040,000","4,425,000","4,488,000","4,446,000","4,588,000","4,719,000","4,727,000","4,810,000","4,849,000","4,978,000","5,176,000","5,007,000","4,833,000","4,887,000","4,909,000","4,993,000","5,004,000","5,080,000","5,115,000","5,043,000","5,490,000","8,741,000","3,906,000","13,413,000","346,000","628,000","842,000","-5,538,000","5,791,000","3,118,000",,,,,,,,,,,,,,,,,,,,,,,,,,,,,
InterestExpense,"89,926,000","16,659,000","23,287,000","24,838,000","25,142,000","25,909,000","27,489,000","28,321,000","28,818,000","29,082,000","29,484,000","29,264,000","29,418,000","29,890,000","31,347,000","29,995,000","27,717,000","25,592,000","25,184,000","24,631,000","22,739,000","19,744,000","19,848,000","20,296,000","20,248,000","20,945,000","24,797,000","21,554,000","24,856,000","24,522,000","25,445,000","25,916,000","26,298,000","26,140,000","21,583,000","22,303,000","20,385,000","17,038,000","15,563,000","12,952,000","9,679,000","7,611,000","3,059,000","2,819,000","3,727,000","4,879,000","4,272,000","5,775,000","10,150,000","6,981,000","19,846,000","7,994,000","8,261,000","8,630,000","2,705,000","12,907,000","9,435,000",,,,,,,,,,,,,,,,,,,,,,,,,,,,,
NetInterestIncome,"-89,174,000","-16,419,000","-23,123,000","-24,679,000","-24,953,000","-25,698,000","-27,342,000","-28,096,000","-28,594,000","-28,602,000","-29,163,000","-28,611,000","-28,140,000","-27,846,000","-29,341,000","-28,403,000","-26,329,000","-23,868,000","-23,461,000","-22,943,000","-21,397,000","-18,488,000","-18,641,000","-18,980,000","-18,843,000","-19,341,000","-23,196,000","-19,514,000","-20,431,000","-20,034,000","-20,999,000","-21,328,000","-21,579,000","-21,413,000","-16,773,000","-17,454,000","-15,407,000","-11,862,000","-10,556,000","-8,119,000","-4,792,000","-2,702,000","1,934,000","2,185,000","1,353,000","236,000","771,000","-285,000","-1,409,000","-3,075,000","-6,433,000","-7,648,000","-7,633,000","-7,788,000","-8,243,000","-7,116,000","-6,317,000",,,,,,,,,,,,,,,,,,,,,,,,,,,,,
EBIT,"725,063,000","122,254,000","256,733,000","180,956,000","165,120,000","143,758,000","269,950,000","138,495,000","140,739,000","61,268,000","-492,334,000","80,956,000","51,603,000","5,073,000","264,250,000","101,167,000","19,580,000","39,028,000","132,193,000","10,623,000","72,522,000","20,332,000","74,296,000","26,032,000","48,656,000","21,769,000","-44,648,000","-3,619,000","65,993,000","60,783,000","64,369,000","64,810,000","31,464,000","32,705,000","62,297,000","58,272,000","51,341,000","27,221,000","98,228,000","67,286,000","59,781,000","25,785,000","58,177,000","48,625,000","43,105,000","21,565,000","66,570,000","61,000,000","71,846,000","60,872,000","65,967,000","29,673,000","26,099,000","47,089,000","106,204,000","23,058,000","16,063,000","-454,063,000","-547,523,000","-337,463,000","-318,161,000","-383,104,000","-484,954,000","-294,190,000","-334,690,000","-371,076,000","-1,610,131,000","68,013,000","43,757,000","20,482,000","62,469,000","-4,534,000","8,204,000","-21,862,000","19,702,000","2,445,000","-9,438,000","-18,640,000","-32,435,000","7,674,000","63,647,000","9,336,000","-698,000","15,365,000","69,158,000","61,970,000"
EBITDA,"1,081,478,000"
ReconciledCostOfRevenue,"3,071,828,000","820,742,000","795,906,000","726,737,000","728,443,000","660,795,000","640,225,000","597,982,000","600,043,000","495,125,000","537,183,000","526,629,000","549,610,000","534,160,000","541,998,000","513,449,000","506,133,000","459,077,000","435,376,000","400,875,000","383,349,000","376,960,000","354,894,000","351,700,000","333,057,000","328,984,000","338,968,000","331,178,000","337,777,000","335,477,000","370,391,000","353,868,000","350,148,000","323,707,000","349,045,000","305,491,000","315,007,000","312,958,000","370,167,000","286,537,000","309,413,000","276,610,000","265,884,000","273,248,000","268,689,000","240,996,000","737,761,000","74,556,000","77,884,000","126,987,000","143,206,000","116,999,000","36,189,000","103,312,000","410,614,000","227,634,000","286,595,000","374,302,000","480,684,000","314,527,000","291,966,000","326,707,000","433,483,000","284,183,000","309,076,000","307,729,000",,,,,,,,,,,,,,,,,,,,
ReconciledDepreciation,"356,415,000","85,257,000","92,099,000","93,015,000","86,044,000","86,172,000","87,275,000","83,317,000","83,157,000","74,352,000","75,537,000","83,464,000","78,832,000","78,988,000","75,871,000","68,076,000","61,810,000","59,796,000","55,421,000","51,200,000","47,625,000","43,217,000","44,523,000","42,380,000","42,001,000","39,817,000","36,732,000","37,609,000","36,888,000","36,375,000","36,831,000","34,298,000","34,794,000","32,401,000","28,347,000","27,950,000","24,311,000","21,063,000","20,685,000","19,062,000","16,042,000","16,405,000","20,244,000","9,964,000","8,775,000","8,330,000","6,554,000","8,987,000","9,149,000","9,663,000","9,104,000","9,624,000","8,182,000","8,503,000","9,508,000","9,174,000","13,276,000","8,826,000","6,827,000","12,630,000","10,521,000","10,034,000","13,491,000","10,737,000","6,977,000","13,987,000","9,039,000","12,311,000","13,614,000","13,542,000","17,563,000","14,127,000","16,661,000","14,242,000","-3,653,000","15,136,000","16,907,000","14,174,000","27,841,000","22,835,000","22,277,000","27,360,000","16,102,000","17,673,000","21,279,000","25,393,000"
NetIncomeFromContinuingOperationNetMinorityInterest,"484,895,000","81,511,000","176,739,000","119,535,000","107,110,000","89,933,000","183,967,000","74,054,000","78,912,000","23,353,000","-410,245,000","59,974,000","86,868,000","-29,710,000","211,004,000","71,138,000","-21,123,000","9,628,000","209,454,000","-24,195,000","39,044,000","35,000","28,736,000","-7,501,000","20,919,000","471,000","-37,582,000","-12,754,000","28,390,000","29,232,000","41,644,000","27,576,000","29,593,000","7,944,000","29,958,000","23,741,000","20,060,000","20,078,000","52,382,000","33,858,000","30,852,000","12,835,000","33,513,000","28,206,000","23,847,000","10,516,000","41,560,000","33,804,000","32,661,000","33,785,000","28,339,000","14,722,000","11,330,000","23,385,000","62,256,000","5,241,000","1,530,000","-5,331,000","50,681,000","32,352,000","43,185,000","6,197,000","45,702,000","7,082,000","10,695,000","-3,699,000","27,469,000","29,863,000","15,854,000","675,000","27,062,000","133,902,000","-51,428,000","-58,580,000","-7,178,000","-24,575,000","-31,346,000","-37,892,000","-34,204,000","-6,650,000","-8,032,000","-4,211,000","-49,022,000","7,000","31,155,000","23,072,000"
TotalUnusualItemsExcludingGoodwill,"-2,425,000","3,607,000","-6,557,000","642,000","-117,000","-330,000","2,390,000","-44,485,000","-47,956,000","7,120,000","-625,922,000","63,431,000","38,297,000","-49,347,000","133,969,000","45,315,000","-59,645,000","-8,010,000","22,575,000","-46,245,000","12,460,000","-6,074,000","-31,995,000","-5,356,000","9,687,000","-7,556,000","-12,789,000","-61,172,000","-613,000","-641,000","-5,547,000","-90,000","-16,128,000","-8,029,000","-18,914,000","-5,025,000","-595,000","23,000","-291,000",,"-29,472,000","-33,090,000","-34,833,000","-24,880,000","-24,569,000","-22,667,000","-109,545,000","614,000","-213,000","8,835,000","-7,831,000","699,000","-60,000","2,568,000","60,244,000","-2,978,000","-607,000","9,807,000","9,731,000","10,673,000","1,374,000","15,132,000","-11,707,000","-12,518,000",,,"-34,000","228,000","33,562,000","35,966,000",,,"78,915,000","58,979,000",,,"42,803,000","37,661,000","-6,455,000","3,825,000","-44,391,000","-2,536,000","-71,173,000","-2,061,000","0","0"
TotalUnusualItems,"-2,425,000","3,607,000","-6,557,000","642,000","-117,000","-330,000","2,390,000","-44,485,000","-47,956,000","7,120,000","-625,922,000","63,431,000","38,297,000","-49,347,000","133,969,000","45,315,000","-59,645,000","-8,010,000","22,575,000","-46,245,000","12,460,000","-6,074,000","-31,995,000","-5,356,000","9,687,000","-7,556,000","-12,789,000","-61,172,000","-613,000","-641,000","-5,547,000","-90,000","-16,128,000","-8,029,000","-18,914,000","-5,025,000","-595,000","23,000","-291,000",,"-29,472,000","-33,090,000","-34,833,000","-24,880,000","-24,569,000","-22,667,000","-109,545,000","614,000","-213,000","8,835,000","-7,831,000","699,000","-60,000","2,568,000","60,244,000","-2,978,000","-607,000","9,807,000","9,731,000","10,673,000","1,374,000","15,132,000","-11,707,000","-12,518,000",,,"-34,000","228,000","33,562,000","35,966,000",,,"78,915,000","58,979,000",,,"42,803,000","37,661,000","-6,455,000","3,825,000","-44,391,000","-2,536,000","-71,173,000","-2,061,000","0","0"
NormalizedEBITDA,"1,083,903,000","203,904,000","355,389,000","273,329,000","251,281,000","230,260,000","354,835,000","266,297,000","271,852,000","128,500,000","209,125,000","100,989,000","92,138,000","133,408,000","206,152,000","123,928,000","141,035,000","106,834,000","165,039,000","108,068,000","107,687,000","69,623,000","150,814,000","73,768,000","80,970,000","69,142,000","4,873,000","95,162,000","103,494,000","97,799,000","106,747,000","99,198,000","82,386,000","73,135,000","109,558,000","91,247,000","76,247,000","48,261,000","118,913,000","86,348,000","105,295,000","75,280,000","113,254,000","83,469,000","76,449,000","52,562,000","184,419,000","69,373,000","81,208,000","61,700,000","82,902,000","38,598,000","34,341,000","53,024,000","55,468,000","35,210,000","29,946,000","-455,044,000","-549,050,000","-335,506,000","-309,014,000","-388,202,000","-459,756,000","-270,935,000","-327,713,000","-357,089,000","-1,601,058,000","80,096,000","23,809,000","-1,942,000","80,032,000","10,520,000","-54,050,000","-66,575,000","33,623,000","17,581,000","-32,900,000","-39,534,000","1,861,000","26,684,000","130,315,000","39,232,000","90,944,000","37,612,000","90,437,000","87,363,000"
TaxRateForCalcs,"0.237","0.228","0.243","0.234","0.235","0.237","0.241","0.328","0.295","0.274","0.214","0.27","0.27","0.27","0.094","0","0.27","0.283","0.4","0.4","0.216","0.4","0.4","0.4","0.264","0.4","0.4","0.4","0.31","0.194","0.35","0.291","0.35","0.387","0.307","0.313","0.323","0.35","0.359","0.364","0.377","0.398","0.4","0.381","0.379","0.373","0.317","0.384","0.35","0.376","0.39","0.351","0.35","0.392","0.398","0.35","0.35","0.165","0.241","0.35","0.35","0.389","0.383","0.158","0.389","0.399","0.386","0.4","0.4","0.4","0.4","0.045","0","0.4","0","0","0","0","0.375","0.394","0.4","0.4","0.4","0.4","0.38","0.38"
TaxEffectOfUnusualItems,"-573,635.058","822,396","-1,592,778.625","150,228","-27,495","-78,210","576,590.297","-14,584,186.832","-14,143,722.84","1,953,984.962","-133,832,093.385","17,126,370","10,340,190","-13,323,690","12,596,605.158","0","-16,104,150","-2,266,830","9,030,000","-18,498,000","2,691,360","-2,429,600","-12,798,000","-2,142,400","2,557,368","-3,022,400","-5,115,600","-24,468,800","-190,030","-124,354","-1,941,450","-26,190","-5,644,800","-3,107,223","-5,813,009.825","-1,572,825","-192,185","8,050","0","0","-11,121,265.259","-13,171,181.908","-13,933,200","-9,485,751.212","-9,300,880.771","-8,454,956.73","-34,760,113.647","235,549.19","-74,550","3,324,744.391","-3,053,887.947","245,241.662","-21,000","1,006,527.263","24,006,447.328","-1,042,300","-212,450","1,615,035.569","2,341,476.311","3,735,550","480,900","5,885,992.901","-4,481,604.465","-1,979,189.253","0","0","-13,130.165","91,200","13,424,800","14,386,400","0","0","0","23,591,600","0","0","0","0","-2,419,489.408","1,507,135.046","-17,756,400","-1,014,400","-28,469,200","-824,400","0","0"