name,ttm,03/31/2022,12/31/2021,09/30/2021,06/30/2021,03/31/2021,12/31/2020,09/30/2020,06/30/2020,03/31/2020,12/31/2019,09/30/2019,06/30/2019,03/31/2019,12/31/2018,09/30/2018,06/30/2018,03/31/2018,12/31/2017,09/30/2017,06/30/2017,03/31/2017,12/31/2016,09/30/2016,06/30/2016,03/31/2016,12/31/2015,09/30/2015,06/30/2015,03/31/2015,12/31/2014,09/30/2014,06/30/2014,03/31/2014,12/31/2013,09/30/2013,06/30/2013,03/31/2013,12/31/2012,09/30/2012,06/30/2012,03/31/2012,12/31/2011,09/30/2011,06/30/2011,03/31/2011,12/31/2010,09/30/2010,06/30/2010,03/31/2010,12/31/2009,09/30/2009,06/30/2009,03/31/2009,12/31/2008,09/30/2008,06/30/2008,03/31/2008,12/31/2007,09/30/2007,06/30/2007,03/31/2007,12/31/2006,09/30/2006,06/30/2006,03/31/2006,12/31/2005,09/30/2005,06/30/2005,03/31/2005,12/31/2004,09/30/2004,06/30/2004,03/31/2004,12/31/2003,09/30/2003,06/30/2003,03/31/2003,12/31/2002,09/30/2002,06/30/2002,03/31/2002,12/31/2001,09/30/2001,06/30/2001,03/31/2001,12/31/2000,09/30/2000,06/30/2000,03/31/2000,12/31/1999,09/30/1999,06/30/1999,03/31/1999,12/31/1998,09/30/1998,06/30/1998,03/31/1998,12/31/1997,09/30/1997,06/30/1997,03/31/1997,12/31/1996,09/30/1996,06/30/1996,03/31/1996,12/31/1995,09/30/1995,06/30/1995,03/31/1995,12/31/1994,09/30/1994,06/30/1994,03/31/1994,12/31/1993
TotalRevenue,"1,408,492,000","323,080,000","466,829,000","316,914,000","301,669,000","285,186,000","387,044,000","315,883,000","299,910,000","291,485,000","399,920,000","354,901,000","297,618,000","205,855,000","319,950,000","245,525,000","234,995,000","209,310,000","326,395,000","225,735,000","240,599,000","231,462,000","342,730,000","216,975,000","219,930,000","226,066,000","308,637,000","238,701,000","265,822,000","232,817,000","290,224,000","249,644,000","254,808,000","221,473,000","283,162,000","213,939,000","205,830,000","161,997,000","224,095,000","155,062,000","149,797,000","137,625,000","135,037,000","112,149,000","113,366,000","104,543,000","141,241,000","97,017,000","92,423,000","87,743,000","125,911,000","104,461,000","87,170,000","88,213,000","107,283,000","108,560,000","109,219,000","92,591,000","101,282,000","84,872,000","98,109,000","89,948,000","93,289,000","88,230,000","84,764,000","89,833,000","85,075,000","79,002,000","78,003,000","75,626,000","80,606,000","69,708,000","72,532,000","76,527,000","74,017,000","71,778,000","73,774,000","69,250,000","62,489,000","86,870,000","64,976,000","65,673,000","65,310,000","75,002,000","73,671,000","76,492,000","74,636,000","82,157,000","78,902,000","75,389,000","67,100,000","92,700,000","89,100,000","87,000,000","86,100,000","95,400,000","69,100,000","64,200,000","61,100,000","57,000,000","55,200,000","51,100,000","47,600,000","49,300,000","39,900,000","36,500,000","34,100,000","33,100,000","29,100,000","26,800,000","25,900,000","18,600,000","18,500,000","18,500,000","18,500,000"
	OperatingRevenue,"1,408,492,000","323,080,000","466,829,000","316,914,000","301,669,000","285,186,000","387,044,000","315,883,000","299,910,000","291,485,000","399,920,000","354,901,000","297,618,000","205,855,000","319,950,000","245,525,000","234,995,000","209,310,000","326,395,000","225,735,000","240,599,000","231,462,000","342,730,000","216,975,000","219,930,000","226,066,000","308,637,000","238,701,000","265,822,000","232,817,000","290,224,000","249,644,000","254,808,000","221,473,000","283,162,000","213,939,000","205,830,000","161,997,000","224,095,000","155,062,000","149,797,000","137,625,000","135,037,000","112,149,000","113,366,000","104,543,000","141,241,000","97,017,000","92,423,000","87,743,000","125,911,000","104,461,000","87,170,000","88,213,000","107,283,000","108,560,000","109,219,000","92,591,000","101,282,000","84,872,000","98,109,000","89,948,000","93,289,000","88,230,000","84,764,000","89,833,000","85,075,000","79,002,000","78,003,000","75,626,000","80,606,000","69,708,000","72,532,000","76,527,000","74,017,000","71,778,000","73,774,000","69,250,000","62,489,000","86,870,000","64,976,000","65,673,000","65,310,000","75,002,000","73,671,000","76,492,000","74,636,000","82,157,000","78,902,000","75,389,000","67,100,000","92,700,000","89,100,000","87,000,000","86,100,000","95,400,000","69,100,000","64,200,000","61,100,000","57,000,000","55,200,000","51,100,000","47,600,000","49,300,000","39,900,000","36,500,000","34,100,000","33,100,000","29,100,000","26,800,000","25,900,000","18,600,000","18,500,000","18,500,000","18,500,000"
CostOfRevenue,"645,672,000","166,286,000","162,060,000","158,712,000","158,614,000","159,485,000","150,697,000","158,579,000","147,346,000","165,837,000","173,104,000","174,168,000","155,240,000","114,941,000","104,281,000","102,473,000","116,261,000","107,336,000","115,993,000","107,393,000","120,357,000","108,543,000","110,829,000","100,267,000","115,355,000","118,483,000","117,095,000","109,659,000","126,423,000","119,122,000","110,889,000","110,752,000","119,492,000","113,623,000","100,472,000","86,836,000","88,742,000","67,789,000","60,470,000","57,818,000","61,533,000","45,823,000","31,522,000","33,759,000","35,954,000","33,049,000","34,303,000","32,044,000","32,410,000","30,966,000","33,575,000","31,895,000","31,788,000","30,389,000","35,818,000","45,283,000","48,010,000","41,120,000","34,903,000","35,219,000","36,721,000","34,544,000","34,358,000","29,079,000","27,280,000","26,561,000","27,826,000","25,058,000","20,641,000","19,543,000","19,742,000","20,160,000","19,670,000","20,928,000","21,618,000","22,700,000","21,421,000","21,982,000","20,747,000","17,385,000","22,624,000","24,922,000","26,763,000","26,376,000","31,034,000","32,630,000","25,151,000","25,424,000","24,204,000","16,001,000","22,600,000","23,000,000","23,200,000","24,400,000","29,000,000","30,900,000","21,200,000","19,400,000","18,500,000","17,400,000","17,400,000","16,000,000","16,000,000","16,500,000","13,800,000","12,100,000","10,400,000","16,800,000","8,500,000","8,200,000","10,000,000",,,,
GrossProfit,"762,820,000","156,794,000","304,769,000","158,202,000","143,055,000","125,701,000","236,347,000","157,304,000","152,564,000","125,648,000","226,816,000","180,733,000","142,378,000","90,914,000","215,669,000","143,052,000","118,734,000","101,974,000","210,402,000","118,342,000","120,242,000","122,919,000","231,901,000","116,708,000","104,575,000","107,583,000","191,542,000","129,042,000","139,399,000","113,695,000","179,335,000","138,892,000","135,316,000","107,850,000","182,690,000","127,103,000","117,088,000","94,208,000","163,625,000","97,244,000","88,264,000","91,802,000","103,515,000","78,390,000","77,412,000","71,494,000","106,938,000","64,973,000","60,013,000","56,777,000","92,336,000","72,566,000","55,382,000","57,824,000","71,465,000","63,277,000","61,209,000","51,471,000","66,379,000","49,653,000","61,388,000","55,404,000","58,931,000","59,151,000","57,484,000","63,272,000","57,249,000","53,944,000","57,362,000","56,083,000","60,864,000","49,548,000","52,862,000","55,599,000","52,399,000","49,078,000","52,353,000","47,268,000","41,742,000","69,485,000","42,352,000","40,751,000","38,547,000","48,626,000","42,637,000","43,862,000","49,485,000","56,733,000","54,698,000","59,388,000","44,500,000","69,700,000","65,900,000","62,600,000","57,100,000","64,500,000","47,900,000","44,800,000","42,600,000","39,600,000","37,800,000","35,100,000","31,600,000","32,800,000","26,100,000","24,400,000","23,700,000","16,300,000","20,600,000","18,600,000","15,900,000",,,,
OperatingExpense,"528,947,000","129,128,000","141,965,000","130,223,000","127,631,000","122,011,000","140,640,000","126,122,000","123,426,000","136,931,000","124,403,000","125,415,000","148,260,000","119,007,000","99,255,000","114,693,000","120,892,000","118,678,000","102,365,000","106,919,000","158,685,000","119,296,000","111,558,000","125,572,000","130,920,000","122,604,000","117,569,000","105,156,000","115,735,000","107,270,000","100,064,000","107,023,000","108,575,000","107,559,000","96,710,000","97,548,000","105,566,000","98,217,000","88,090,000","88,936,000","96,122,000","93,415,000","66,472,000","67,122,000","66,990,000","63,996,000","64,139,000","57,585,000","55,647,000","57,682,000","57,366,000","60,623,000","58,618,000","59,931,000","53,457,000","60,319,000","59,950,000","51,983,000","63,527,000","57,292,000","56,506,000","55,193,000","53,966,000","56,610,000","41,964,000","42,070,000","42,734,000","42,803,000","42,176,000","40,040,000","38,779,000","37,283,000","39,887,000","41,533,000","36,891,000","37,224,000","47,699,000","35,990,000","34,269,000","31,902,000","39,209,000","39,049,000","39,308,000","48,909,000","62,143,000","45,046,000","53,409,000","55,524,000","52,781,000","57,436,000","47,900,000","50,000,000","47,300,000","45,500,000","42,000,000","49,400,000","35,000,000","33,000,000","31,400,000","29,200,000","28,100,000","26,400,000","24,900,000","25,700,000","20,900,000","19,700,000","19,500,000","12,600,000","17,400,000","16,300,000","15,600,000",,,,
	SellingGeneralAndAdministration,"254,910,000","60,483,000","70,700,000","63,130,000","60,597,000","55,913,000","76,659,000","59,154,000","54,213,000","66,009,000","58,049,000","57,703,000","82,281,000","60,947,000","44,975,000","57,789,000","61,997,000","60,542,000","49,395,000","50,538,000","101,344,000","59,640,000","51,060,000","61,264,000","63,180,000","55,878,000","61,299,000","48,735,000","56,306,000","50,486,000","48,991,000","52,407,000","52,689,000","53,025,000","46,675,000","48,657,000","53,685,000","50,111,000","44,346,000","44,981,000","51,414,000","55,060,000","40,214,000","38,882,000","37,595,000","35,656,000","40,344,000","34,274,000","31,724,000","34,307,000","34,080,000","35,975,000","34,376,000","36,612,000","44,201,000","48,926,000","47,256,000","39,430,000","47,116,000","42,652,000","43,084,000","43,152,000","41,981,000","37,313,000","31,773,000","32,092,000","32,982,000","32,959,000","32,472,000","29,817,000","28,864,000","27,584,000","30,584,000","31,961,000","27,458,000","27,636,000","28,931,000","27,633,000","26,319,000","22,027,000","30,498,000","30,131,000","30,259,000","36,166,000","46,996,000","34,297,000","35,822,000","37,371,000","35,022,000","33,363,000","32,200,000","34,000,000","32,100,000","32,300,000","30,300,000","37,900,000","26,000,000","24,700,000","23,400,000","40,000,000","21,200,000","19,700,000","18,100,000","18,800,000","14,900,000","13,400,000","13,800,000","19,200,000","11,700,000","11,300,000","10,800,000",,,,
		GeneralAndAdministrativeExpense,"121,901,000","25,875,000","34,372,000","29,717,000","31,937,000","27,775,000","49,784,000","37,000,000","29,758,000","35,926,000","27,174,000","27,286,000","49,319,000","31,517,000","20,399,000","29,537,000","28,837,000","28,649,000","22,700,000","25,302,000","72,527,000","32,503,000","21,639,000","31,390,000","34,437,000","25,878,000","20,552,000","20,284,000","25,008,000","21,575,000","19,938,000","25,329,000","24,682,000","25,116,000","23,557,000","24,559,000","26,147,000","25,037,000","21,616,000","24,533,000","28,236,000","34,362,000","20,191,000","19,068,000","15,804,000","16,362,000","20,558,000","16,341,000","15,735,000","17,462,000","17,811,000","21,064,000","18,865,000","21,504,000",,,,,,,,,,,,,,,,,,,,,,,,,,,,,,,,,,,,,,,,,,,,,,,,,,,,,,,,,,,,,
			OtherGandA,"121,901,000","25,875,000","34,372,000","29,717,000","31,937,000","27,775,000","49,784,000","37,000,000","29,758,000","35,926,000","27,174,000","27,286,000","49,319,000","31,517,000","20,399,000","29,537,000","28,837,000","28,649,000","22,700,000","25,302,000","72,527,000","32,503,000","21,639,000","31,390,000","34,437,000","25,878,000","20,552,000","20,284,000","25,008,000","21,575,000","19,938,000","25,329,000","24,682,000","25,116,000","23,557,000","24,559,000","26,147,000","25,037,000","21,616,000","24,533,000","28,236,000","34,362,000","20,191,000","19,068,000","15,804,000","16,362,000","20,558,000","16,341,000","15,735,000","17,462,000","17,811,000","21,064,000","18,865,000","21,504,000",,,,,,,,,,,,,,,,,,,,,,,,,,,,,,,,,,,,,,,,,,,,,,,,,,,,,,,,,,,,,
		SellingAndMarketingExpense,"133,009,000","34,608,000","36,328,000","33,413,000","28,660,000","28,138,000","26,875,000","22,154,000","24,455,000","30,083,000","30,875,000","30,417,000","32,962,000","29,430,000","24,576,000","28,252,000","33,160,000","31,893,000","26,695,000","25,236,000","28,817,000","27,137,000","29,421,000","29,874,000","28,743,000","30,000,000","40,747,000","28,451,000","31,298,000","28,911,000","29,053,000","27,078,000","28,007,000","27,909,000","23,118,000","24,098,000","27,538,000","25,074,000","22,730,000","20,448,000","23,178,000","20,698,000","20,023,000","19,814,000","21,791,000","19,294,000","19,786,000","17,933,000","15,989,000","16,845,000","16,269,000","14,911,000","15,511,000","15,108,000",,,,,,,,,,,,,,,,,,,,,,,,,,,,,,,,,,,,,,,,,,,,,,,,,,,,,,,,,,,,,
	ResearchAndDevelopment,"147,603,000","37,807,000","39,519,000","35,248,000","35,029,000","34,514,000","31,118,000","33,573,000","35,578,000","39,024,000","34,601,000","36,543,000","39,235,000","36,194,000","32,969,000","36,008,000","37,862,000","36,791,000","30,732,000","33,935,000","34,969,000","37,285,000","37,665,000","42,210,000","46,358,000","43,518,000","33,285,000","36,123,000","39,425,000","37,091,000","31,554,000","36,321,000","38,876,000","37,456,000","33,375,000","33,642,000","38,391,000","37,149,000","33,586,000","34,213,000","35,027,000","30,933,000","20,781,000","22,481,000","23,784,000","23,130,000","18,717,000","18,165,000","18,798,000","18,396,000","18,530,000","20,071,000","19,932,000","18,973,000","9,256,000","11,393,000","12,694,000","12,553,000","16,411,000","14,640,000","13,422,000","12,041,000","11,985,000","10,847,000","10,191,000","9,978,000","9,752,000","9,844,000","9,704,000","10,223,000","9,915,000","9,699,000","9,303,000","9,572,000","9,433,000","9,588,000","9,478,000","8,357,000","7,950,000","8,351,000","8,711,000","8,918,000","9,049,000","8,883,000","10,854,000","10,722,000","10,069,000","10,279,000","10,125,000","9,968,000","8,500,000","9,200,000","8,700,000","8,500,000","8,200,000","8,300,000","6,000,000","5,600,000","5,500,000",,"4,600,000","4,500,000","3,900,000","3,700,000","3,500,000","3,900,000","3,400,000",,"3,600,000","2,700,000","2,500,000",,,,
	DepreciationAmortizationDepletionIncomeStatement,"126,434,000","30,838,000","31,746,000","31,845,000","32,005,000","31,584,000","32,863,000","33,395,000","33,635,000","31,898,000","31,753,000","31,169,000","26,744,000","21,866,000","21,311,000","20,896,000","21,033,000","21,345,000","22,238,000","22,446,000","22,372,000","22,371,000","22,833,000","22,098,000","21,382,000","23,208,000","22,985,000","20,298,000","20,004,000","19,693,000","19,519,000","18,295,000","17,010,000","17,078,000","16,660,000","15,249,000","13,490,000","10,957,000","10,158,000","9,742,000","9,681,000","7,422,000","5,477,000","5,759,000","5,611,000","5,210,000","5,078,000","5,146,000","5,125,000","4,979,000","4,756,000","4,577,000","4,310,000","4,346,000",,,,,,,,,,,,,,,,,,,,,,,,,,,,,,"3,860,000","4,293,000","27,000","7,518,000","7,874,000","7,634,000","14,105,000","7,200,000","6,800,000","6,500,000","4,700,000","3,500,000","3,200,000","3,000,000","2,700,000","2,500,000","2,500,000","2,300,000","2,200,000","2,900,000","3,200,000","2,500,000","2,400,000","2,300,000","2,200,000","2,100,000","2,300,000","2,300,000",,,,
		DepreciationAndAmortizationInIncomeStatement,"126,434,000","30,838,000","31,746,000","31,845,000","32,005,000","31,584,000","32,863,000","33,395,000","33,635,000","31,898,000","31,753,000","31,169,000","26,744,000","21,866,000","21,311,000","20,896,000","21,033,000","21,345,000","22,238,000","22,446,000","22,372,000","22,371,000","22,833,000","22,098,000","21,382,000","23,208,000","22,985,000","20,298,000","20,004,000","19,693,000","19,519,000","18,295,000","17,010,000","17,078,000","16,660,000","15,249,000","13,490,000","10,957,000","10,158,000","9,742,000","9,681,000","7,422,000","5,477,000","5,759,000","5,611,000","5,210,000","5,078,000","5,146,000","5,125,000","4,979,000","4,756,000","4,577,000","4,310,000","4,346,000",,,,,,,,,,,,,,,,,,,,,,,,,,,,,,"3,860,000","4,293,000","27,000","7,518,000","7,874,000","7,634,000","14,105,000","7,200,000","6,800,000","6,500,000","4,700,000","3,500,000","3,200,000","3,000,000","2,700,000","2,500,000","2,500,000","2,300,000","2,200,000","2,900,000","3,200,000","2,500,000","2,400,000","2,300,000","2,200,000","2,100,000","2,300,000","2,300,000",,,,
			DepreciationIncomeStatement,,,,,,,,,,,,,,,,,,,,,,,,,,,,,,,,,,,,,,,,,,,,,,,,,,,,,,,,,,,,,,,,,,,,,,,,,,,,,,,,,,,,,,"-3,386,000",,,,,,,,,,,,,,,,,,,,,,,,,,,,,
			Amortization,,,,,,,,,,,,,,,,,,,,,,,,,,,,,,,,,,,,,,,,,,,,,,,,,,,,,,,,,,,,,,,,,,,,,,,,,,,,,,,,,,,,"3,860,000","4,293,000","3,413,000",,,,,,,,,,,,,,,,,,,,,,,,,,,,,
				AmortizationOfIntangiblesIncomeStatement,,,,,,,,,,,,,,,,,,,,,,,,,,,,,,,,,,,,,,,,,,,,,,,,,,,,,,,,,,,,,,,,,,,,,,,,,,,,,,,,,,,,"3,860,000","4,293,000","3,413,000",,,,,,,,,,,,,,,,,,,,,,,,,,,,,
	OtherOperatingExpenses,,,,,,,,,,,,,,,,,,,,,,,,,,,,,,,,,,,,,,,,,,,,,,,,,,,,,,,,,,,,,,,,,,,,,,,,,,,,"0","9,290,000",,,,,,,,,,,,,,,,,,,,,,,,,,,,,,,,,,,,,,
OperatingIncome,"233,873,000","27,666,000","162,804,000","27,979,000","15,424,000","3,690,000","95,707,000","31,182,000","29,138,000","-11,283,000","102,413,000","55,318,000","-5,882,000","-28,093,000","116,414,000","28,359,000","-2,158,000","-16,704,000","108,037,000","11,423,000","-38,443,000","3,623,000","120,343,000","-8,864,000","-26,345,000","-15,021,000","73,973,000","23,886,000","23,664,000","6,425,000","79,271,000","31,869,000","26,741,000","291,000","85,980,000","29,555,000","11,522,000","-4,009,000","75,535,000","8,308,000","-7,858,000","-1,613,000","37,043,000","11,268,000","10,422,000","7,498,000","42,799,000","7,388,000","4,366,000","-905,000","34,970,000","11,943,000","-3,236,000","-2,107,000","18,008,000","2,958,000","1,259,000","-512,000","2,852,000","-7,639,000","4,882,000","211,000","4,965,000","2,541,000","15,520,000","21,202,000","14,515,000","11,141,000","15,186,000","16,043,000","22,085,000","12,265,000","12,975,000","14,066,000","15,508,000","11,854,000","4,654,000","11,278,000","7,473,000","37,583,000","3,143,000","1,702,000","-761,000","-283,000","-19,506,000","-1,184,000","-3,924,000","1,209,000","1,917,000","1,952,000","-3,400,000","19,700,000","18,600,000","17,100,000","15,100,000","15,100,000","12,900,000","11,800,000","11,200,000","10,400,000","9,700,000","8,700,000","6,700,000","7,100,000","5,200,000","4,700,000","4,200,000","3,700,000","3,200,000","2,300,000","300,000","-84,500,000","18,500,000","18,500,000","18,500,000"
NetNonOperatingInterestIncomeExpense,"-32,652,000","-7,735,000","-8,148,000","-8,374,000","-8,395,000","-8,621,000","-9,545,000","-9,998,000","-11,188,000","-14,271,000","-15,160,000","-15,999,000","-12,326,000","-8,581,000","-6,982,000","-9,810,000","-6,975,000","-6,621,000","-8,672,000","-9,209,000","-10,514,000","-10,054,000","-10,103,000","-9,693,000","-9,594,000","-10,264,000","-10,066,000","-9,634,000","-10,447,000","-10,839,000","-10,675,000","-10,318,000","-9,194,000","-8,976,000","-9,660,000","-7,294,000","-5,842,000","-3,766,000","-2,822,000","-2,398,000","-2,641,000","-1,642,000","-332,000","-201,000","-178,000","-405,000","-284,000","-233,000","-415,000","-399,000","-895,000","-371,000","-80,000","-468,000",,,,,,,,,,,,,,,,,,,,,,,,,,,,,,,,,,,,,,,,,,,,,,,,,,,,,,,,,,,,,
	InterestIncomeNonOperating,"11,827,000","3,159,000","2,969,000","2,834,000","2,865,000","2,854,000","2,847,000","2,927,000","2,954,000","2,900,000","2,949,000","2,988,000","2,997,000","3,033,000","2,893,000","2,763,000","2,742,000","2,744,000","143,000","165,000","150,000","106,000","114,000","145,000","121,000","150,000","132,000","94,000","58,000","102,000","143,000","98,000","135,000","199,000","158,000","159,000","211,000","131,000","209,000","222,000","234,000","249,000","676,000","205,000","196,000","238,000","230,000","185,000","126,000","124,000","178,000","117,000","446,000","301,000",,,,,,,,,,,,,,,,,,,,,,,,,,,,,,,,,,,,,,,,,,,,,,,,,,,,,,,,,,,,,
	InterestExpenseNonOperating,"44,479,000","10,894,000","11,117,000","11,208,000","11,260,000","11,475,000","12,392,000","12,925,000","14,142,000","17,171,000","18,109,000","18,987,000","15,323,000","11,614,000","9,875,000","12,573,000","9,717,000","9,365,000","8,815,000","9,374,000","10,664,000","10,160,000","10,217,000","9,838,000","9,715,000","10,414,000","10,198,000","9,728,000","10,505,000","10,941,000","10,818,000","10,416,000","9,329,000","9,175,000","9,818,000","7,453,000","6,053,000","3,897,000","3,031,000","2,620,000","2,875,000","1,891,000","1,008,000","406,000","374,000","643,000","514,000","418,000","541,000","523,000","1,073,000","488,000","526,000","769,000",,,,,,,,,,,,,,,,,,,,,,,,,,,,,,,,,,,,,,,,,,,,,,,,,,,,,,,,,,,,,
OtherIncomeExpense,"2,338,000","2,250,000","-258,000","-1,088,000","1,434,000","-1,382,000","5,245,000","1,356,000","2,041,000","-9,758,000","3,399,000","-2,369,000","1,402,000","-1,912,000","-688,000","-1,304,000","-1,677,000","-55,000","-443,000","-1,059,000","-1,766,000","649,000","-378,000","2,305,000","2,023,000","151,618,000","-1,284,000","4,314,000","19,659,000","3,722,000","1,104,000","3,614,000","-3,901,000","-1,057,000","-1,821,000","-3,152,000","-1,519,000","3,165,000","1,298,000","-1,430,000","-347,000","878,000","-714,000","-46,000","260,000","-302,000","-163,000","-1,556,000","-1,682,000","-214,000","-1,929,000","16,000","-3,615,000","-1,120,000","5,172,000","932,000","2,333,000","-190,000","-334,000","-1,577,000","-1,533,000","-337,000","-293,000","-8,754,000","-227,000","354,000","-366,000","-236,000","-453,000","255,000","-1,247,000","-775,000","995,000","-131,000","2,205,000","975,000","-9,065,000","79,000","-1,139,000","-2,208,000","325,000","4,339,000","-4,006,000","1,039,000","-8,320,000","-988,000","-14,038,000","215,000","-1,065,000","-51,000","200,000","-2,400,000","600,000","700,000","200,000","-1,300,000","600,000","700,000","500,000","500,000","500,000","100,000","100,000","-800,000","300,000","500,000","500,000","0","400,000","200,000","100,000",,,,
	GainOnSaleOfSecurity,"520,000",,,,,,,,,"-9,758,000","3,399,000","-2,369,000",,,,,,,,,,,"-378,000","2,794,000","2,023,000",,"-1,284,000","4,314,000","19,659,000","3,722,000","1,152,000","3,550,000","-3,819,000","-949,000","-1,912,000","-2,913,000","-1,338,000","3,466,000",,,,,,,,,,,,,,,,,,,,,,,,,,,,,,,,,,,,,,,,,,,,,,,,,,,,,,,,,,,,,,,,,,,,,,,,,,,,,
	SpecialIncomeCharges,,,,,,,,,,,,,,,,,,,"0","0","0","0","0","-489,000","0","151,952,000",,,,,,,,,,,,,,"-1,430,000","-347,000","878,000","-714,000","-46,000","260,000","-302,000","-163,000","-1,556,000","-1,682,000","-214,000","-1,929,000","16,000","-3,615,000","-1,120,000","5,172,000","932,000","2,333,000","-190,000","-334,000","-1,577,000","-1,533,000","-337,000","-293,000","-8,754,000","-227,000","354,000","-366,000","-236,000","-453,000","255,000","-1,247,000","-775,000","995,000","-131,000","2,205,000","975,000","-9,065,000","79,000","-1,139,000","-2,208,000","325,000","4,339,000","-4,006,000","1,039,000","-8,320,000","-988,000","-14,038,000","215,000","-1,065,000","-51,000","200,000","-2,400,000","600,000","700,000","200,000","-1,300,000","600,000","700,000","500,000","500,000","500,000","100,000","100,000","-800,000","300,000","500,000","500,000","0","400,000","200,000","100,000",,,,
		GainOnSaleOfPPE,,,,,,,,,,,,,,,,,,,"0","0","0","0","0","-489,000","0","151,952,000",,,,,,,,,,,,,,,,,,,,,,,,,,,,,,,,,,,,,,,,,,,,,,,,,,,,,,,,,,,,,,,,,,,,,,,,,,,,,,,,,,,,,,,,,
	OtherNonOperatingIncomeExpenses,"2,338,000","2,250,000","-258,000","-1,088,000","1,434,000","-1,382,000","5,245,000","1,356,000","2,041,000",,"3,399,000",,"1,402,000","-1,912,000","-688,000","-1,304,000","-1,677,000","-55,000","-443,000","-1,059,000","-1,766,000","649,000","-378,000",,,"-334,000","-1,284,000",,,"3,722,000","-48,000","64,000","-82,000","-108,000","91,000","-239,000","-181,000","-301,000",,,,,,,,,,,,,,,,,,,,,,,,,,,,,,,,,,,,,,,,,,,,,,,,,,,,,,,,,,,,,,,,,,,,,,,,,,,,,
PretaxIncome,"203,559,000","22,181,000","154,398,000","18,517,000","8,463,000","-6,313,000","91,407,000","22,540,000","19,991,000","-35,312,000","90,652,000","36,950,000","-16,806,000","-38,586,000","108,744,000","17,245,000","-10,810,000","-23,380,000","98,922,000","1,155,000","-50,723,000","-5,782,000","109,862,000","-16,252,000","-33,916,000","126,333,000","62,623,000","18,566,000","32,876,000","-692,000","69,700,000","25,165,000","13,646,000","-9,742,000","74,499,000","19,109,000","4,161,000","-4,610,000","74,011,000","4,480,000","-10,846,000","-2,377,000","35,997,000","11,021,000","10,504,000","6,791,000","42,352,000","5,599,000","2,269,000","-1,518,000","32,146,000","11,588,000","-6,931,000","-3,695,000","22,398,000","3,376,000","3,257,000","-1,475,000","1,892,000","-10,129,000","2,858,000","-709,000","4,097,000","3,849,000","16,924,000","23,055,000","17,047,000","11,918,000","15,910,000","17,025,000","21,254,000","11,787,000","14,040,000","13,903,000","17,705,000","12,591,000","4,478,000","10,855,000","5,688,000","30,672,000","4,117,000","6,770,000","-3,847,000","1,601,000","-26,450,000","-2,205,000","-17,757,000","1,657,000","1,659,000","2,546,000","-2,300,000","20,100,000","19,000,000","17,700,000","15,100,000","13,600,000","13,400,000","12,600,000","11,600,000","10,800,000","10,100,000","8,700,000","6,900,000","6,400,000","5,700,000","5,100,000","4,700,000","4,000,000","3,500,000","1,800,000","-800,000",,,,
TaxProvision,"58,333,000","6,691,000","44,927,000","4,753,000","1,962,000","-4,368,000","24,261,000","6,674,000","5,916,000","-10,885,000","35,166,000","5,136,000","-22,531,000","-12,623,000","21,054,000","2,012,000","3,764,000","-3,952,000","65,758,000","-2,233,000","-20,914,000","-4,174,000","43,171,000","-6,426,000","-17,058,000","36,849,000","18,856,000","3,786,000","5,825,000","-530,000","23,334,000","9,433,000","2,409,000","-3,967,000","24,108,000","5,347,000","2,280,000","-2,444,000","24,347,000","-1,175,000","-6,195,000","-555,000","12,106,000","482,000","704,000","5,169,000","15,254,000","3,263,000","2,419,000","571,000","12,585,000","3,829,000","-3,369,000","437,000","10,901,000","1,659,000","2,429,000","1,985,000","3,908,000","-1,514,000","5,581,000","-295,000","1,476,000","1,968,000","-6,384,000","8,069,000","1,857,000","2,783,000","5,915,000","5,832,000","8,331,000","1,781,000","-4,622,000","5,927,000","7,664,000","3,478,000","6,331,000","6,785,000","2,693,000","18,422,000","2,848,000","2,220,000","-1,047,000","5,147,000","-4,935,000","1,399,000","-3,405,000","729,000","644,000","995,000","-900,000","7,500,000","7,200,000","6,800,000","5,700,000","5,300,000","5,000,000","4,700,000","4,400,000","3,800,000","3,800,000","3,600,000","3,100,000","2,900,000","2,400,000","2,100,000","1,800,000","1,200,000","700,000","-500,000","600,000",,,,
NetIncomeCommonStockholders,"145,226,000","15,490,000","109,471,000","13,764,000","6,501,000","-1,945,000","67,146,000","15,866,000","14,075,000","-24,427,000","55,486,000","31,814,000","5,725,000","-25,963,000","87,690,000","15,233,000","-14,574,000","-19,428,000","33,164,000","3,388,000","-29,809,000","-1,608,000","66,691,000","-9,826,000","-16,858,000","89,484,000","43,767,000","14,780,000","27,051,000","-162,000","46,366,000","15,732,000","11,237,000","-5,775,000","50,391,000","13,762,000","1,881,000","-2,166,000","49,664,000","5,655,000","-4,651,000","-1,822,000","23,891,000","10,539,000","9,800,000","1,622,000","27,098,000","2,336,000","-150,000","-2,089,000","19,561,000","7,759,000","-3,562,000","-4,132,000","11,497,000","1,717,000","828,000","-3,460,000","-2,016,000","-8,615,000","-2,723,000","-414,000","2,621,000","1,881,000","23,308,000","14,986,000","15,190,000","9,135,000","9,995,000","11,193,000","12,923,000","10,006,000","18,662,000","7,976,000","10,041,000","9,113,000","-1,853,000","4,070,000","2,995,000","37,954,000","1,269,000","4,550,000","-28,504,000","-3,546,000","-21,515,000","-3,604,000","-14,352,000","928,000","1,015,000","1,551,000","-1,400,000","12,600,000","11,800,000","10,900,000","9,400,000","8,300,000","8,400,000","7,900,000","7,200,000","7,000,000","6,300,000","5,100,000","3,800,000","3,500,000","3,300,000","3,000,000","2,900,000","2,800,000","2,800,000","2,300,000","-1,400,000","-8,400,000","-8,400,000","-8,400,000","-8,300,000"
	NetIncome,"145,226,000","15,490,000","109,471,000","13,764,000","6,501,000","-1,945,000","67,146,000","15,866,000","14,075,000","-24,427,000","55,486,000","31,814,000","5,725,000","-25,963,000","87,690,000","15,233,000","-14,574,000","-19,428,000","33,164,000","3,388,000","-29,809,000","-1,608,000","66,691,000","-9,826,000","-16,858,000","89,484,000","43,767,000","14,780,000","27,051,000","-162,000","46,366,000","15,732,000","11,237,000","-5,775,000","50,391,000","13,762,000","1,881,000","-2,166,000","49,664,000","5,655,000","-4,651,000","-1,822,000","23,891,000","10,539,000","9,800,000","1,622,000","27,098,000","2,336,000","-150,000","-2,089,000","19,561,000","7,759,000","-3,562,000","-4,132,000","11,497,000","1,717,000","828,000","-3,460,000","-2,016,000","-8,615,000","-2,723,000","-414,000","2,621,000","1,881,000","23,308,000","14,986,000","15,190,000","9,135,000","9,995,000","11,193,000","12,923,000","10,006,000","18,662,000","7,976,000","10,041,000","9,113,000","-1,853,000","4,070,000","2,995,000","37,954,000","1,269,000","4,550,000","-28,504,000","-3,546,000","-21,515,000","-3,604,000","-14,352,000","928,000","1,015,000","1,551,000","-1,400,000","12,600,000","11,800,000","10,900,000","9,400,000","8,300,000","8,400,000","7,900,000","7,200,000","7,000,000","6,300,000","5,100,000","3,800,000","3,500,000","3,300,000","3,000,000","2,900,000","2,800,000","2,800,000","2,300,000","-1,400,000","-8,400,000","-8,400,000","-8,400,000","-8,300,000"
		NetIncomeIncludingNoncontrollingInterests,"145,226,000","15,490,000","109,471,000","13,764,000","6,501,000","-1,945,000","67,146,000","15,866,000","14,075,000","-24,427,000","55,486,000","31,814,000","5,725,000","-25,963,000","87,690,000","15,233,000","-14,574,000","-19,428,000","33,164,000","3,388,000","-29,809,000","-1,608,000","66,691,000","-9,826,000","-16,858,000","89,484,000","43,767,000","14,780,000","27,051,000","-162,000","46,366,000","15,732,000","11,237,000","-5,775,000","50,391,000","13,762,000","1,881,000","-2,166,000","49,664,000","5,655,000","-4,651,000","-1,822,000","23,891,000","10,539,000","9,800,000","1,622,000","27,098,000","2,336,000","-150,000","-2,089,000","19,561,000","7,759,000","-3,562,000","-4,132,000","11,497,000","1,717,000","828,000","-3,460,000","-2,016,000","-8,615,000","-2,723,000","-414,000","2,621,000","1,881,000","23,308,000","14,986,000","15,190,000","9,135,000","9,995,000","11,193,000","12,923,000","10,006,000","18,662,000","7,976,000","10,041,000","9,113,000","-1,853,000","4,070,000","2,995,000","37,954,000","1,269,000","4,550,000","-28,504,000","-3,546,000","-21,515,000","-3,604,000","-14,352,000","928,000","1,015,000","1,551,000","-1,400,000","12,600,000","11,800,000","10,900,000","9,400,000","8,300,000","8,400,000","7,900,000","7,200,000","7,000,000","6,300,000","5,100,000","3,800,000","3,500,000","3,300,000","3,000,000","2,900,000","2,800,000","2,800,000","2,300,000","-1,400,000","-8,400,000","-8,400,000","-8,400,000","-8,300,000"
			NetIncomeContinuousOperations,"145,226,000","15,490,000","109,471,000","13,764,000","6,501,000","-1,945,000","67,146,000","15,866,000","14,075,000","-24,427,000","55,486,000","31,814,000","5,725,000","-25,963,000","87,690,000","15,233,000","-14,574,000","-19,428,000","33,164,000","3,388,000","-29,809,000","-1,608,000","66,691,000","-9,826,000","-16,858,000","89,484,000","43,767,000","14,780,000","27,051,000","-162,000","46,366,000","15,732,000","11,237,000","-5,775,000","50,391,000","13,762,000","1,881,000","-2,166,000","49,664,000","5,655,000","-4,651,000","-1,822,000","23,891,000","10,539,000","9,800,000","1,622,000","27,098,000","2,336,000","-150,000","-2,089,000","19,561,000","7,759,000","-3,562,000","-4,132,000","11,497,000","1,717,000","828,000","-3,460,000","-2,016,000","-8,615,000","-2,723,000","-414,000","2,621,000","1,881,000","23,308,000","14,986,000","15,190,000","9,135,000","9,995,000","11,193,000","12,923,000","10,006,000","18,662,000","7,976,000","10,041,000","9,113,000","-1,853,000","4,070,000","2,995,000","12,250,000","1,269,000","4,550,000","-2,800,000","-3,546,000","-21,515,000","-3,604,000","-14,352,000","928,000","1,015,000","1,551,000","-1,400,000","12,600,000","11,800,000","10,900,000","9,400,000","8,300,000","8,400,000","7,900,000","7,200,000","7,000,000","6,300,000","5,100,000","3,800,000","3,500,000","3,300,000","3,000,000","2,900,000","2,800,000","2,800,000","2,300,000","-1,400,000","-8,400,000","-8,400,000","-8,400,000","-8,300,000"
			NetIncomeExtraordinary,,,,,,,,,,,,,,,,,,,,,,,,,,,,,,,,,,,,,,,,,,,,,,,,,,,,,,,,,,,,,,,,,,,,,,,,,,,,,,,,,,,"-25,704,000",,,,,,,,,,,,,,,,,,,,,,,,,,,,,,,,
			NetIncomeFromTaxLossCarryforward,,,,,,,,,,,,,,,,,,,,,,,,,,,,,,,,,,,,,,,,,,,,,,,,,,,,,,,,,,,,,,,,,,,,,,,,,,,,,,,,,,,,,,,,,,,,,,,,,,,,,,,,,,,,"0",,,,,,,
DilutedNIAvailtoComStockholders,"145,226,000","15,490,000","109,471,000","13,764,000","6,501,000","-1,945,000","67,146,000","15,866,000","14,075,000","-24,427,000","55,486,000","31,814,000","5,725,000","-25,963,000","87,690,000","15,233,000","-14,574,000","-19,428,000","33,164,000","3,388,000","-29,809,000","-1,608,000","66,691,000","-9,826,000","-16,858,000","89,484,000","43,767,000","14,780,000","27,051,000","-162,000","46,366,000","15,732,000","11,237,000","-5,775,000","50,391,000","13,762,000","1,881,000","-2,166,000","49,664,000","5,655,000","-4,651,000","-1,822,000","23,891,000","10,539,000","9,800,000","1,622,000","27,098,000","2,336,000","-150,000","-2,089,000","19,561,000","7,759,000","-3,562,000","-4,132,000","11,497,000","1,717,000","828,000","-3,460,000","-2,016,000","-8,615,000","-2,723,000","-414,000","2,621,000","1,881,000","23,308,000","14,986,000","15,190,000","9,135,000","9,995,000","11,193,000","12,923,000","10,006,000","18,662,000","7,976,000","10,041,000","9,113,000","-1,853,000","4,070,000","2,995,000","37,954,000","1,269,000","4,550,000","-28,504,000","-3,546,000","-21,515,000","-3,604,000","-14,352,000","928,000","1,015,000","1,551,000","-1,400,000","12,600,000","11,800,000","10,900,000","9,400,000","8,300,000","8,400,000","7,900,000","7,200,000","7,000,000","6,300,000","5,100,000","3,800,000","3,500,000","3,300,000","3,000,000","2,900,000","2,800,000","2,800,000","2,300,000","-1,400,000","-8,400,000","-8,400,000","-8,400,000","-8,300,000"
BasicEPS,,"0.13","0.94","0.12","0.06","-0.02","0.57","0.14","0.12","-0.21","0.48","0.27","0.05","-0.22","0.76","0.13","-0.13","-0.17","0.28","0.03","-0.25","-0.01","0.57","-0.08","-0.15","0.75","0.37","0.13","0.23","-0.001","0.4","0.14","0.1","-0.05","0.433","0.117","0.017","-0.017",,"0.047","-0.04","-0.017",,"0.103","0.097","0.017",,"0.023","0","-0.02",,"0.077","-0.033","-0.04",,"0.017","0.007","-0.033","-0.02",,"-0.023","-0.003","0.023",,"0.207","0.133","0.137",,"0.09","0.097","0.113",,"0.167","0.073","0.093",,"-0.017","0.037","0.027",,"0.013","0.043","-0.27",,"-0.203","-0.033","-0.15",,"0.01","0.017","-0.013",,"0.123","0.117","0.1",,"0.093","0.093","0.087",,"0.08","0.067","0.05",,"0.04","0.04","0.037",,"0.04","0.037","-0.023",,"-0.14","-0.14","-0.14"
DilutedEPS,,"0.13","0.93","0.12","0.05","-0.02","0.56","0.13","0.12","-0.21","0.47","0.27","0.05","-0.22","0.74","0.13","-0.13","-0.17","0.28","0.03","-0.25","-0.01","0.56","-0.08","-0.15","0.75","0.36","0.12","0.23","-0.001","0.4","0.14","0.1","-0.05","0.427","0.117","0.017","-0.017",,"0.047","-0.04","-0.017",,"0.103","0.097","0.017",,"0.023","0","-0.02",,"0.077","-0.033","-0.04",,"0.017","0.007","-0.033","-0.02",,"-0.023","-0.003","0.023",,"0.203","0.13","0.133",,"0.087","0.097","0.113",,"0.163","0.07","0.09",,"-0.017","0.037","0.027",,"0.013","0.043","-0.27",,"-0.203","-0.033","-0.15",,"0.01","0.017","-0.013",,"0.12","0.113","0.1",,"0.093","0.09","0.083",,"0.077","0.067","0.047",,"0.04","0.04","0.037",,"0.04","0.037","-0.023",,"-0.14","-0.14","-0.14"
BasicAverageShares,,"115,287,000","116,912,000","117,512,000","117,718,000","117,491,000","116,934,000","116,558,000","116,033,000","116,006,000","115,695,000","116,169,000","116,586,000","116,090,000","116,066,000","115,889,000","115,548,000","115,642,000","118,315,000","118,254,000","117,149,000","116,610,000","117,316,000","116,118,000","115,480,000","118,679,000","118,739,000","117,922,000","117,109,000","115,855,000","115,378,000","114,484,000","113,907,000","115,233,000","115,950,000","117,375,000","119,505,000","118,395,000",,"117,378,000","117,789,000","110,121,000",,"100,485,000","100,338,000","99,954,000",,"99,732,000","100,500,000","101,175,000",,"102,036,000","102,387,000","103,566,000",,"102,777,000","102,399,000","105,495,000","107,100,000",,"111,225,000","111,486,000","111,546,000",,"112,587,000","111,723,000","111,759,000",,"112,728,000","114,363,000","113,343,000",,"111,831,000","110,538,000","109,146,000",,"106,713,000","106,458,000","106,311,000",,"106,065,000","105,897,000","105,765,000",,"105,258,000","103,668,000","94,962,000",,"94,863,000","95,121,000","96,117,000",,"95,675,676","93,428,571","94,000,000",,"90,000,000","84,642,857","83,076,923",,"78,750,000","76,500,000","76,000,000",,"82,500,000","75,000,000","79,090,909",,"70,000,000","62,727,273","60,000,000",,"60,000,000","60,000,000","59,285,714"
DilutedAverageShares,,"116,098,000","118,141,000","118,540,000","119,010,000","117,491,000","119,375,000","117,804,000","117,264,000","116,006,000","118,898,000","118,307,000","118,786,000","116,090,000","117,852,000","117,492,000","115,548,000","115,642,000","119,727,000","119,743,000","117,149,000","116,610,000","118,477,000","116,118,000","115,480,000","119,938,000","120,167,000","119,304,000","118,575,000","115,855,000","117,033,000","116,428,000","115,977,000","115,233,000","118,437,000","119,421,000","121,503,000","118,395,000",,"122,136,000","117,789,000","110,121,000",,"102,915,000","102,762,000","101,949,000",,"100,440,000","100,500,000","101,175,000",,"102,510,000","102,387,000","103,566,000",,"103,734,000","104,709,000","105,495,000","107,100,000",,"111,225,000","111,486,000","114,105,000",,"115,362,000","114,195,000","114,078,000",,"114,936,000","116,709,000","115,656,000",,"115,056,000","114,081,000","112,923,000",,"106,713,000","106,719,000","106,650,000",,"107,205,000","106,593,000","105,765,000",,"105,258,000","103,668,000","94,962,000",,"95,625,000","96,516,000","96,117,000",,"98,333,333","96,176,471","94,000,000",,"90,000,000","87,777,778","86,400,000",,"82,173,913","76,500,000","81,428,571",,"82,500,000","75,000,000","79,090,909",,"70,000,000","62,727,273","60,000,000",,"60,000,000","60,000,000","59,285,714"
TotalOperatingIncomeAsReported,"233,873,000","27,666,000","162,804,000","27,979,000","15,424,000","3,690,000","95,707,000","31,182,000","29,138,000","-11,283,000","102,413,000","55,318,000","-5,882,000","-28,093,000","116,414,000","28,359,000","-2,158,000","-16,704,000","108,037,000","11,423,000","-38,443,000","3,623,000","120,343,000","-9,353,000","-26,345,000","136,931,000","73,973,000","23,886,000","23,664,000","6,425,000","79,271,000","31,869,000","26,741,000","291,000","85,980,000","29,555,000","11,522,000","-4,009,000","75,535,000","8,308,000","-7,858,000","-1,613,000","37,043,000","11,268,000","10,422,000","7,498,000","42,799,000","7,388,000","4,366,000","-905,000","34,970,000","11,943,000","-3,236,000","-2,107,000","18,008,000","2,958,000","1,259,000","-512,000","2,852,000","-7,639,000","4,882,000","211,000","4,965,000","2,541,000","15,520,000","21,202,000","14,515,000","11,141,000","15,186,000","16,043,000","22,085,000","12,265,000","12,975,000","14,066,000","15,508,000","11,854,000","4,654,000","11,278,000","7,473,000","37,583,000","3,143,000","1,702,000","-761,000","-283,000","-19,506,000","-1,184,000","-3,924,000","1,209,000","1,917,000","1,952,000","-3,400,000","19,700,000","18,600,000","17,100,000","15,100,000","15,100,000","12,900,000","11,800,000","11,200,000","10,400,000","9,700,000","8,700,000","6,700,000","7,100,000","5,200,000","4,700,000","4,200,000","3,700,000","3,200,000","2,300,000","300,000",,,,
TotalExpenses,"1,174,619,000","295,414,000","304,025,000","288,935,000","286,245,000","281,496,000","291,337,000","284,701,000","270,772,000","302,768,000","297,507,000","299,583,000","303,500,000","233,948,000","203,536,000","217,166,000","237,153,000","226,014,000","218,358,000","214,312,000","279,042,000","227,839,000","222,387,000","225,839,000","246,275,000","241,087,000","234,664,000","214,815,000","242,158,000","226,392,000","210,953,000","217,775,000","228,067,000","221,182,000","197,182,000","184,384,000","194,308,000","166,006,000","148,560,000","146,754,000","157,655,000","139,238,000","97,994,000","100,881,000","102,944,000","97,045,000","98,442,000","89,629,000","88,057,000","88,648,000","90,941,000","92,518,000","90,406,000","90,320,000","89,275,000","105,602,000","107,960,000","93,103,000","98,430,000","92,511,000","93,227,000","89,737,000","88,324,000","85,689,000","69,244,000","68,631,000","70,560,000","67,861,000","62,817,000","59,583,000","58,521,000","57,443,000","59,557,000","62,461,000","58,509,000","59,924,000","69,120,000","57,972,000","55,016,000","49,287,000","61,833,000","63,971,000","66,071,000","75,285,000","93,177,000","77,676,000","78,560,000","80,948,000","76,985,000","73,437,000","70,500,000","73,000,000","70,500,000","69,900,000","71,000,000","80,300,000","56,200,000","52,400,000","49,900,000","46,600,000","45,500,000","42,400,000","40,900,000","42,200,000","34,700,000","31,800,000","29,900,000","29,400,000","25,900,000","24,500,000","25,600,000",,,,
NetIncomeFromContinuingAndDiscontinuedOperation,"145,226,000","15,490,000","109,471,000","13,764,000","6,501,000","-1,945,000","67,146,000","15,866,000","14,075,000","-24,427,000","55,486,000","31,814,000","5,725,000","-25,963,000","87,690,000","15,233,000","-14,574,000","-19,428,000","33,164,000","3,388,000","-29,809,000","-1,608,000","66,691,000","-9,826,000","-16,858,000","89,484,000","43,767,000","14,780,000","27,051,000","-162,000","46,366,000","15,732,000","11,237,000","-5,775,000","50,391,000","13,762,000","1,881,000","-2,166,000","49,664,000","5,655,000","-4,651,000","-1,822,000","23,891,000","10,539,000","9,800,000","1,622,000","27,098,000","2,336,000","-150,000","-2,089,000","19,561,000","7,759,000","-3,562,000","-4,132,000","11,497,000","1,717,000","828,000","-3,460,000","-2,016,000","-8,615,000","-2,723,000","-414,000","2,621,000","1,881,000","23,308,000","14,986,000","15,190,000","9,135,000","9,995,000","11,193,000","12,923,000","10,006,000","18,662,000","7,976,000","10,041,000","9,113,000","-1,853,000","4,070,000","2,995,000","12,250,000","1,269,000","4,550,000","-2,800,000","-3,546,000","-21,515,000","-3,604,000","-14,352,000","928,000","1,015,000","1,551,000","-1,400,000","12,600,000","11,800,000","10,900,000","9,400,000","8,300,000","8,400,000","7,900,000","7,200,000","7,000,000","6,300,000","5,100,000","3,800,000","3,500,000","3,300,000","3,000,000","2,900,000","2,800,000","2,800,000","2,300,000","-1,400,000","-8,400,000","-8,400,000","-8,400,000","-8,300,000"
NormalizedIncome,"145,226,000","15,490,000","109,471,000","13,764,000","6,501,000","-1,945,000","67,146,000","15,866,000","14,075,000","-17,693,980","53,405,550.435","33,851,340","5,725,000","-25,963,000","87,690,000","15,233,000","-14,574,000","-19,428,000","34,735,400","3,388,000","-29,809,000","-1,608,000","66,920,462.398","-11,209,000","-18,071,800","-18,401,920","44,664,383.198","11,328,800","10,930,620","-2,395,200","45,599,663.816","13,513,250","14,380,037","-5,158,150","51,684,273.628","15,859,360","2,750,700","-4,418,900","48,519,213.63","6,584,500","-4,425,450","-2,494,997.897","24,364,877.656","10,582,988.204","9,557,425.743","1,818,300","27,202,291.981","3,347,400","943,300","-1,949,900","20,734,806.041","7,748,286.848","-1,212,250","-3,404,000","8,135,200","1,111,200","-688,450","-3,336,500","-1,798,900","-7,273,717.05","-1,726,550","-194,950","2,808,442.763","7,133,400","23,444,200","14,755,896.161","15,516,130.111","9,315,891.089","10,279,584.224","11,025,351.542","13,681,209.325","10,663,898.532","18,065,000","8,054,600","8,718,000","8,407,323.326","3,586,000","4,022,600","3,678,400","13,574,800","1,074,000","1,633,833.087","115,726.54","-4,169,400","-14,747,332.703","-3,011,200","-3,005,861.801","799,000","1,666,582.278","1,582,068.735","-1,521,739.13","14,104,477.612","11,427,368.421","10,468,926.554","9,275,496.689","9,093,382.353","8,023,880.597","7,461,111.111","6,889,655.172","6,675,925.926","5,988,118.812","5,040,000","3,740,000","3,980,000","3,120,000","2,700,000","2,591,489.362","2,800,000","2,480,000","2,180,000","-1,460,000","-8,400,000","-8,400,000","-8,400,000","-8,300,000"
InterestIncome,"11,827,000","3,159,000","2,969,000","2,834,000","2,865,000","2,854,000","2,847,000","2,927,000","2,954,000","2,900,000","2,949,000","2,988,000","2,997,000","3,033,000","2,893,000","2,763,000","2,742,000","2,744,000","143,000","165,000","150,000","106,000","114,000","145,000","121,000","150,000","132,000","94,000","58,000","102,000","143,000","98,000","135,000","199,000","158,000","159,000","211,000","131,000","209,000","222,000","234,000","249,000","676,000","205,000","196,000","238,000","230,000","185,000","126,000","124,000","178,000","117,000","446,000","301,000",,,,,,,,,,,,,,,,,,,,,,,,,,,,,,,,,,,,,,,,,,,,,,,,,,,,,,,,,,,,,
InterestExpense,"44,479,000","10,894,000","11,117,000","11,208,000","11,260,000","11,475,000","12,392,000","12,925,000","14,142,000","17,171,000","18,109,000","18,987,000","15,323,000","11,614,000","9,875,000","12,573,000","9,717,000","9,365,000","8,815,000","9,374,000","10,664,000","10,160,000","10,217,000","9,838,000","9,715,000","10,414,000","10,198,000","9,728,000","10,505,000","10,941,000","10,818,000","10,416,000","9,329,000","9,175,000","9,818,000","7,453,000","6,053,000","3,897,000","3,031,000","2,620,000","2,875,000","1,891,000","1,008,000","406,000","374,000","643,000","514,000","418,000","541,000","523,000","1,073,000","488,000","526,000","769,000","1,460,000","1,149,000","1,038,000","1,366,000","1,389,000","2,156,000","1,431,000",,"1,460,000","59,000","10,000","87,000","29,000",,"102,000","137,000","168,000",,"284,000","381,000","531,000","573,000",,,"956,000",,,,,"287,000","349,000","749,000","619,000","599,000",,"72,000",,"200,000",,"100,000","100,000","100,000",,,,,"100,000","0","100,000","100,000","0","100,000",,"-400,000","500,000","700,000","1,000,000",,,,
NetInterestIncome,"-32,652,000","-7,735,000","-8,148,000","-8,374,000","-8,395,000","-8,621,000","-9,545,000","-9,998,000","-11,188,000","-14,271,000","-15,160,000","-15,999,000","-12,326,000","-8,581,000","-6,982,000","-9,810,000","-6,975,000","-6,621,000","-8,672,000","-9,209,000","-10,514,000","-10,054,000","-10,103,000","-9,693,000","-9,594,000","-10,264,000","-10,066,000","-9,634,000","-10,447,000","-10,839,000","-10,675,000","-10,318,000","-9,194,000","-8,976,000","-9,660,000","-7,294,000","-5,842,000","-3,766,000","-2,822,000","-2,398,000","-2,641,000","-1,642,000","-332,000","-201,000","-178,000","-405,000","-284,000","-233,000","-415,000","-399,000","-895,000","-371,000","-80,000","-468,000","-782,000","-514,000","-335,000","-773,000","-626,000","-913,000","-491,000",,"-575,000","1,612,000","1,631,000","1,499,000","2,898,000",,"1,177,000","727,000","416,000",,"70,000","-32,000","-8,000","-238,000",,,"-646,000","-6,227,000","649,000","729,000","920,000","845,000","1,376,000","-33,000","205,000","233,000",,"645,000",,"2,700,000",,"-100,000","-100,000","-100,000",,,,,"-100,000","0","-100,000","-100,000","0","-100,000",,"400,000","-500,000","-700,000","-1,000,000",,,,
EBIT,"248,038,000","33,075,000","165,515,000","29,725,000","19,723,000","5,162,000","103,799,000","35,465,000","34,133,000","-18,141,000","108,761,000","55,937,000","-1,483,000","-26,972,000","118,619,000","29,818,000","-1,093,000","-14,015,000","107,737,000","10,529,000","-40,059,000","4,378,000","120,079,000","-6,414,000","-24,201,000","136,747,000","72,821,000","28,294,000","43,381,000","10,249,000","80,518,000","35,581,000","22,975,000","-567,000","84,317,000","26,562,000","10,214,000","-713,000","77,042,000","7,100,000","-7,971,000","-486,000","37,005,000","11,427,000","10,878,000","7,434,000","42,866,000","6,017,000","2,810,000","-995,000","33,219,000","12,076,000","-6,405,000","-2,926,000","28,864,000","2,958,000","1,259,000","-512,000","2,852,000","-7,639,000","4,882,000","211,000","4,965,000","2,541,000","15,520,000","21,202,000","14,515,000","11,141,000","15,186,000","16,043,000","22,085,000","12,265,000","12,975,000","14,066,000","15,508,000","11,854,000","4,654,000","11,278,000","7,473,000","37,583,000","3,143,000","1,702,000","-761,000","-283,000","-19,506,000","-1,184,000","-3,924,000","1,209,000","1,917,000","1,952,000","-3,400,000","19,700,000","18,600,000","17,100,000","15,100,000","15,100,000","12,900,000","11,800,000","11,200,000","10,400,000","9,700,000","8,700,000","6,700,000","7,100,000","5,200,000","4,700,000","4,200,000","3,700,000","3,200,000","2,300,000","300,000","-84,500,000","18,500,000","18,500,000","18,500,000"
EBITDA,"390,223,000"
ReconciledCostOfRevenue,"629,921,000","162,919,000","158,016,000","154,425,000","154,561,000","155,141,000","138,945,000","151,140,000","140,044,000","160,357,000","165,774,000","167,576,000","148,560,000","108,572,000","101,131,000","99,824,000","112,943,000","103,688,000","112,779,000","104,286,000","117,148,000","105,276,000","106,046,000","97,382,000","112,394,000","115,179,000","113,497,000","106,302,000","122,846,000","115,203,000","106,999,000","106,922,000","115,959,000","110,095,000","96,948,000","83,408,000","85,312,000","64,560,000","56,680,000","54,060,000","58,076,000","43,050,000","29,964,000","32,297,000","34,263,000","31,440,000","32,812,000","30,538,000","30,900,000","29,454,000","32,081,000","30,465,000","30,369,000","28,994,000","35,818,000","45,283,000","48,010,000","41,120,000","34,903,000","35,219,000","36,721,000","34,544,000","34,358,000","29,079,000","27,280,000","26,561,000","27,826,000","25,058,000","20,641,000","19,543,000","19,742,000","20,160,000","19,670,000","20,928,000","21,618,000","22,700,000","21,421,000","21,982,000","20,747,000","17,385,000","22,624,000","24,922,000","26,763,000","19,943,000","24,366,000","22,901,000","25,151,000","25,424,000","24,204,000","23,201,000","22,600,000","23,000,000","23,200,000","24,400,000","29,000,000","30,900,000","21,200,000","19,400,000","18,500,000","17,400,000","17,400,000","16,000,000","16,000,000","16,500,000","13,900,000","12,100,000","10,400,000","16,800,000","8,500,000","8,200,000","10,000,000",,,,
ReconciledDepreciation,"142,185,000","34,205,000","35,790,000","36,132,000","36,058,000","35,928,000","44,615,000","40,834,000","40,937,000","37,378,000","39,083,000","37,761,000","33,424,000","28,235,000","24,461,000","23,545,000","24,351,000","24,993,000","25,452,000","25,553,000","25,581,000","25,638,000","27,616,000","24,983,000","24,343,000","26,512,000","26,583,000","23,655,000","23,581,000","23,612,000","23,409,000","22,125,000","20,543,000","20,606,000","20,184,000","18,677,000","16,920,000","14,186,000","13,948,000","13,500,000","13,138,000","10,195,000","7,035,000","7,221,000","7,302,000","6,819,000","6,569,000","6,652,000","6,635,000","6,491,000","6,250,000","6,007,000","5,729,000","5,741,000","5,347,000","5,620,000","5,614,000","5,469,000","5,304,000","5,354,000","5,357,000","5,166,000","4,962,000","2,383,000","2,075,000","1,990,000","1,913,000","1,597,000","1,197,000","1,106,000","1,280,000","1,520,000","1,522,000","1,730,000","1,799,000","2,084,000","2,158,000","2,220,000","2,577,000","-1,413,000","5,014,000","5,710,000","6,574,000","10,293,000","10,961,000","9,756,000","7,518,000","7,874,000","7,634,000","6,905,000","7,200,000","6,800,000","6,500,000","4,700,000","3,500,000","3,200,000","3,000,000","2,700,000","2,500,000","2,500,000","2,300,000","2,200,000","2,900,000","3,200,000","2,400,000","2,400,000","2,300,000","2,200,000","2,100,000","2,300,000","2,300,000",,,,
NetIncomeFromContinuingOperationNetMinorityInterest,"145,226,000","15,490,000","109,471,000","13,764,000","6,501,000","-1,945,000","67,146,000","15,866,000","14,075,000","-24,427,000","55,486,000","31,814,000","5,725,000","-25,963,000","87,690,000","15,233,000","-14,574,000","-19,428,000","33,164,000","3,388,000","-29,809,000","-1,608,000","66,691,000","-9,826,000","-16,858,000","89,484,000","43,767,000","14,780,000","27,051,000","-162,000","46,366,000","15,732,000","11,237,000","-5,775,000","50,391,000","13,762,000","1,881,000","-2,166,000","49,664,000","5,655,000","-4,651,000","-1,822,000","23,891,000","10,539,000","9,800,000","1,622,000","27,098,000","2,336,000","-150,000","-2,089,000","19,561,000","7,759,000","-3,562,000","-4,132,000","11,497,000","1,717,000","828,000","-3,460,000","-2,016,000","-8,615,000","-2,723,000","-414,000","2,621,000","1,881,000","23,308,000","14,986,000","15,190,000","9,135,000","9,995,000","11,193,000","12,923,000","10,006,000","18,662,000","7,976,000","10,041,000","9,113,000","-1,853,000","4,070,000","2,995,000","12,250,000","1,269,000","4,550,000","-2,800,000","-3,546,000","-21,515,000","-3,604,000","-14,352,000","928,000","1,015,000","1,551,000","-1,400,000","12,600,000","11,800,000","10,900,000","9,400,000","8,300,000","8,400,000","7,900,000","7,200,000","7,000,000","6,300,000","5,100,000","3,800,000","3,500,000","3,300,000","3,000,000","2,900,000","2,800,000","2,800,000","2,300,000","-1,400,000","-8,400,000","-8,400,000","-8,400,000","-8,300,000"
TotalUnusualItemsExcludingGoodwill,"520,000",,,,,,,,,"-9,758,000","3,399,000","-2,369,000",,,,,,,"-2,619,000","0","0","0","-378,000","2,305,000","2,023,000","151,952,000","-1,284,000","4,314,000","19,659,000","3,722,000","1,152,000","3,550,000","-3,819,000","-949,000","-1,912,000","-2,913,000","-1,338,000","3,466,000","1,706,000","-1,430,000","-347,000","878,000","-714,000","-46,000","260,000","-302,000","-163,000","-1,556,000","-1,682,000","-214,000","-1,929,000","16,000","-3,615,000","-1,120,000","5,172,000","932,000","2,333,000","-190,000","-334,000","-1,577,000","-1,533,000","-337,000","-293,000","-8,754,000","-227,000","354,000","-366,000","-236,000","-453,000","255,000","-1,247,000","-775,000","995,000","-131,000","2,205,000","975,000","-9,065,000","79,000","-1,139,000","-2,208,000","325,000","4,339,000","-4,006,000","1,039,000","-8,320,000","-988,000","-14,038,000","215,000","-1,065,000","-51,000","200,000","-2,400,000","600,000","700,000","200,000","-1,300,000","600,000","700,000","500,000","500,000","500,000","100,000","100,000","-800,000","300,000","500,000","500,000","0","400,000","200,000","100,000",,,,
TotalUnusualItems,"520,000",,,,,,,,,"-9,758,000","3,399,000","-2,369,000",,,,,,,"-2,619,000","0","0","0","-378,000","2,305,000","2,023,000","151,952,000","-1,284,000","4,314,000","19,659,000","3,722,000","1,152,000","3,550,000","-3,819,000","-949,000","-1,912,000","-2,913,000","-1,338,000","3,466,000","1,706,000","-1,430,000","-347,000","878,000","-714,000","-46,000","260,000","-302,000","-163,000","-1,556,000","-1,682,000","-214,000","-1,929,000","16,000","-3,615,000","-1,120,000","5,172,000","932,000","2,333,000","-190,000","-334,000","-1,577,000","-1,533,000","-337,000","-293,000","-8,754,000","-227,000","354,000","-366,000","-236,000","-453,000","255,000","-1,247,000","-775,000","995,000","-131,000","2,205,000","975,000","-9,065,000","79,000","-1,139,000","-2,208,000","325,000","4,339,000","-4,006,000","1,039,000","-8,320,000","-988,000","-14,038,000","215,000","-1,065,000","-51,000","200,000","-2,400,000","600,000","700,000","200,000","-1,300,000","600,000","700,000","500,000","500,000","500,000","100,000","100,000","-800,000","300,000","500,000","500,000","0","400,000","200,000","100,000",,,,
NormalizedEBITDA,"390,223,000","67,280,000","201,305,000","65,857,000","55,781,000","41,090,000","148,414,000","76,299,000","75,070,000","28,995,000","144,445,000","96,067,000","31,941,000","1,263,000","143,080,000","53,363,000","23,258,000","10,978,000","135,808,000","36,082,000","-14,478,000","30,016,000","148,073,000","16,264,000","-1,881,000","11,307,000","100,688,000","47,635,000","47,303,000","30,139,000","102,775,000","54,156,000","47,337,000","20,988,000","106,413,000","48,152,000","28,472,000","10,007,000","89,284,000","22,030,000","5,514,000","8,831,000","44,754,000","18,694,000","17,920,000","14,555,000","49,598,000","14,225,000","11,127,000","5,710,000","41,398,000","18,067,000","2,939,000","3,935,000","29,039,000","7,646,000","4,540,000","5,147,000","8,490,000","-708,000","11,772,000","5,714,000","10,220,000","13,678,000","17,822,000","22,838,000","16,794,000","12,974,000","16,836,000","16,894,000","24,612,000","14,560,000","13,502,000","15,927,000","15,102,000","12,963,000","15,877,000","13,419,000","11,189,000","39,791,000","7,832,000","3,073,000","9,819,000","8,971,000","-225,000","9,560,000","17,632,000","8,868,000","10,616,000","16,108,000","3,600,000","28,900,000","24,500,000","21,100,000","18,400,000","19,600,000","15,300,000","13,800,000","13,200,000","12,400,000","11,500,000","10,800,000","9,500,000","11,100,000","7,400,000","6,600,000","6,000,000","5,900,000","4,900,000","4,400,000","2,500,000","-84,500,000","18,500,000","18,500,000","18,500,000"
TaxRateForCalcs,"0.287","0.3","0.291","0.26","0.23","0.27","0.265","0.3","0.3","0.31","0.388","0.14","0.27","0.33","0.194","0.12","0.35","0.17","0.4","0.4","0.4","0.4","0.393","0.4","0.4","0.29","0.301","0.2","0.18","0.4","0.335","0.375","0.177","0.35","0.324","0.28","0.35","0.35","0.329","0.35","0.35","0.233","0.336","0.044","0.067","0.35","0.36","0.35","0.35","0.35","0.391","0.33","0.35","0.35","0.35","0.35","0.35","0.35","0.35","0.149","0.35","0.35","0.36","0.4","0.4","0.35","0.109","0.234","0.372","0.343","0.392","0.151","0.4","0.4","0.4","0.276","0.4","0.4","0.4","0.4","0.4","0.328","0.272","0.4","0.187","0.4","0.192","0.4","0.388","0.391","0.391","0.373","0.379","0.384","0.377","0.39","0.373","0.373","0.379","0.352","0.376","0.4","0.4","0.4","0.4","0.4","0.383","0.3","0.2","0.4","0.4","0.4","0.4","0.4","0.4"
TaxEffectOfUnusualItems,"0","0","0","0","0","0","0","0","0","-3,024,980","1,318,550.435","-331,660","0","0","0","0","0","0","-1,047,600","0","0","0","-148,537.602","922,000","809,200","44,066,080","-386,616.802","862,800","3,538,620","1,488,800","385,663.816","1,331,250","-675,963","-332,150","-618,726.372","-815,640","-468,300","1,213,100","561,213.63","-500,500","-121,450","205,002.103","-240,122.344","-2,011.796","17,425.743","-105,700","-58,708.019","-544,600","-588,700","-74,900","-755,193.959","5,286.848","-1,265,250","-392,000","1,810,200","326,200","816,550","-66,500","-116,900","-235,717.05","-536,550","-117,950","-105,557.237","-3,501,600","-90,800","123,896.161","-39,869.889","-55,108.911","-168,415.776","87,351.542","-488,790.675","-117,101.468","398,000","-52,400","882,000","269,323.326","-3,626,000","31,600","-455,600","-883,200","130,000","1,422,833.087","-1,090,273.46","415,600","-1,552,332.703","-395,200","-2,691,861.801","86,000","-413,417.722","-19,931.265","78,260.87","-895,522.388","227,368.421","268,926.554","75,496.689","-506,617.647","223,880.597","261,111.111","189,655.172","175,925.926","188,118.812","40,000","40,000","-320,000","120,000","200,000","191,489.362","0","80,000","80,000","40,000","0","0","0","0"