name,ttm,03/31/2022,12/31/2021,09/30/2021,06/30/2021,03/31/2021,12/31/2020,09/30/2020,06/30/2020,03/31/2020,12/31/2019,09/30/2019,06/30/2019,03/31/2019,12/31/2018,09/30/2018,06/30/2018,03/31/2018,12/31/2017,09/30/2017,06/30/2017,03/31/2017,12/31/2016,09/30/2016,06/30/2016,03/31/2016,12/31/2015,09/30/2015,06/30/2015,03/31/2015,12/31/2014,09/30/2014,06/30/2014,03/31/2014,12/31/2013,09/30/2013,06/30/2013,03/31/2013,12/31/2012,09/30/2012,06/30/2012,03/31/2012,12/31/2011,09/30/2011,06/30/2011,03/31/2011,12/31/2010,09/30/2010,06/30/2010,03/31/2010,12/31/2009,09/30/2009,06/30/2009,03/31/2009,12/31/2008,09/30/2008,06/30/2008,03/31/2008,12/31/2007,09/30/2007,06/30/2007,03/31/2007,12/31/2006,09/30/2006,06/30/2006,03/31/2006,12/31/2005,09/30/2005,06/30/2005,03/31/2005,12/31/2004
TotalRevenue,"13,242,498,000","3,213,658,000","3,266,716,000","3,353,767,000","3,408,357,000","3,265,573,000","3,313,155,000","3,568,950,000","3,189,679,000","3,245,737,000","3,235,610,000","5,115,608,000","4,980,204,000","5,040,022,000","5,037,495,000","5,305,850,000","5,147,920,000","4,790,910,000","4,910,832,000","4,856,388,000","4,561,467,000","4,427,198,000","4,358,349,000","4,323,096,000","4,408,782,000","4,381,296,000","4,297,651,000","4,723,637,000","4,549,578,000","4,506,197,000","4,186,035,000","2,562,529,000","1,968,155,000","1,872,224,000","1,953,875,000","2,079,087,000","2,067,490,000","1,989,646,000","2,017,272,000","2,082,911,000","2,095,138,000","2,010,951,000","2,029,180,000","2,118,045,000","2,046,725,000","1,936,421,000","1,936,183,000","1,828,658,000","1,635,183,000","1,601,166,000","1,480,784,000","1,655,890,000","1,531,989,000","1,498,758,000","1,454,128,000","1,628,908,000","1,321,203,000","1,164,121,000","1,080,250,000","1,114,356,000","1,100,656,000","1,083,709,000","938,549,000","907,882,000","907,883,000","858,930,000","746,797,000","598,835,000","598,835,000","598,835,000","598,835,000"
	OperatingRevenue,"13,242,498,000","3,213,658,000","3,266,716,000","3,353,767,000","3,408,357,000","3,265,573,000","3,313,155,000","3,568,950,000","3,189,679,000","3,245,737,000","3,235,610,000","5,115,608,000","4,980,204,000","5,040,022,000","5,037,495,000","5,305,850,000","5,147,920,000","4,790,910,000","4,910,832,000","4,856,388,000","4,561,467,000","4,427,198,000","4,358,349,000","4,323,096,000","4,408,782,000","4,381,296,000","4,297,651,000","4,723,637,000","4,549,578,000","4,506,197,000","4,186,035,000","2,562,529,000","1,968,155,000","1,872,224,000","1,953,875,000","2,079,087,000","2,067,490,000","1,989,646,000","2,017,272,000","2,082,911,000","2,095,138,000","2,010,951,000","2,029,180,000","2,118,045,000","2,046,725,000","1,936,421,000","1,936,183,000","1,828,658,000","1,635,183,000","1,601,166,000","1,480,784,000","1,655,890,000","1,531,989,000","1,498,758,000","1,454,128,000","1,628,908,000","1,321,203,000","1,164,121,000","1,080,250,000","1,114,356,000","1,100,656,000","1,083,709,000","938,549,000","907,882,000","907,883,000","858,930,000","746,797,000","598,835,000","598,835,000","598,835,000","598,835,000"
CostOfRevenue,"12,413,550,000","3,003,706,000","3,066,512,000","3,136,509,000","3,206,823,000","3,070,314,000","3,128,785,000","3,379,082,000","3,004,600,000","3,076,924,000","3,069,810,000","4,877,382,000","4,770,960,000","4,844,660,000","4,866,882,000","5,117,804,000","4,962,741,000","4,649,638,000","4,774,680,000","4,686,261,000","4,386,291,000","4,258,754,000","4,188,376,000","4,175,917,000","4,237,439,000","4,197,852,000","4,156,793,000","4,553,009,000","4,423,060,000","4,402,885,000","4,021,812,000","2,433,498,000","1,859,615,000","1,784,817,000","1,875,677,000","1,938,874,000","1,935,676,000","1,889,803,000","1,939,154,000","1,938,753,000","1,983,900,000","1,934,834,000","1,938,834,000","1,977,652,000","1,925,486,000","1,836,686,000","1,830,848,000","1,704,324,000","1,520,118,000","1,493,271,000","1,397,807,000","1,560,644,000","1,444,872,000","1,409,124,000","1,372,921,000","2,453,720,000","905,182,000","794,726,000","753,658,000","797,561,000","788,565,000","799,838,000","690,130,000",,,,,,,,
GrossProfit,"828,948,000","209,952,000","200,204,000","217,258,000","201,534,000","195,259,000","184,370,000","189,868,000","185,079,000","168,813,000","165,800,000","238,226,000","209,244,000","195,362,000","170,613,000","188,046,000","185,179,000","141,272,000","136,152,000","170,127,000","175,176,000","168,444,000","169,973,000","147,179,000","171,343,000","183,444,000","140,858,000","170,628,000","126,518,000","103,312,000","164,223,000","129,031,000","108,540,000","87,407,000","78,198,000","140,213,000","131,814,000","99,843,000","78,118,000","144,158,000","111,238,000","76,117,000","90,346,000","140,393,000","121,239,000","99,735,000","105,335,000","124,334,000","115,065,000","107,895,000","82,977,000","95,246,000","87,117,000","89,634,000","81,207,000","-824,812,000","416,021,000","369,395,000","326,592,000","316,795,000","312,091,000","283,871,000","248,419,000",,,,,,,,
OperatingExpense,"154,304,000","37,098,000","36,501,000","44,365,000","36,340,000","36,007,000","38,360,000","49,402,000","54,482,000","41,037,000","43,614,000","37,256,000","37,534,000","37,426,000","35,907,000","35,741,000","35,159,000","30,217,000","34,670,000","36,882,000","33,944,000","29,844,000","32,639,000","28,131,000","28,863,000","29,455,000","28,639,000","25,422,000","24,418,000","29,797,000","34,338,000","7,710,000","22,904,000","26,449,000","23,845,000","23,953,000","24,010,000","27,253,000","22,102,000","7,244,000","8,401,000","2,959,000","13,649,000","-24,951,000","23,560,000","12,278,000","23,262,000","25,156,000","22,386,000","24,447,000","17,487,000","64,996,000","13,918,000","23,930,000","11,510,000","-895,946,000","351,839,000","310,436,000","282,060,000","274,491,000","266,409,000","245,927,000","218,411,000",,,,,,,,
	SellingGeneralAndAdministration,"154,304,000","37,098,000","36,501,000","44,365,000","36,340,000","36,007,000","38,360,000","49,402,000","54,482,000","41,037,000","43,614,000","37,256,000","37,534,000","37,426,000","35,907,000","35,741,000","35,159,000","30,217,000","34,670,000","36,882,000","33,944,000","29,844,000","32,639,000","28,131,000","28,863,000","29,455,000","28,639,000","25,422,000","24,418,000","29,797,000","34,338,000","7,710,000","22,904,000","26,449,000","23,845,000","23,953,000","24,010,000","27,253,000","22,102,000","17,753,000","20,682,000","19,857,000","22,611,000","19,868,000","23,560,000","23,608,000","23,262,000","32,373,000","28,327,000","27,898,000","21,865,000","25,646,000","20,071,000","23,930,000","17,246,000","-885,917,000","357,152,000","314,444,000","284,902,000","278,691,000","270,401,000","248,146,000","219,828,000",,,,,,,,
		GeneralAndAdministrativeExpense,"154,304,000","37,098,000","36,501,000","44,365,000","36,340,000","36,007,000","38,360,000","49,402,000","54,482,000","41,037,000","43,614,000","37,256,000","37,534,000","37,426,000","35,907,000","35,741,000","35,159,000","30,217,000","34,670,000","36,882,000","33,944,000","29,844,000","32,639,000","28,131,000","28,863,000","29,455,000","28,639,000","25,422,000","24,418,000","29,797,000","34,338,000","7,710,000","22,904,000","26,449,000","23,845,000","23,953,000","24,010,000","27,253,000","22,102,000",,,,,,,,,,,,,,,,,,,,,,,,,,,,,,,,
			OtherGandA,"154,304,000","37,098,000","36,501,000","44,365,000","36,340,000","36,007,000","38,360,000","49,402,000","54,482,000","41,037,000","43,614,000","37,256,000","37,534,000","37,426,000","35,907,000","35,741,000","35,159,000","30,217,000","34,670,000","36,882,000","33,944,000","29,844,000","32,639,000","28,131,000","28,863,000","29,455,000","28,639,000","25,422,000","24,418,000","29,797,000","34,338,000","7,710,000","22,904,000","26,449,000","23,845,000","23,953,000","24,010,000","27,253,000","22,102,000",,,,,,,,,,,,,,,,,,,,,,,,,,,,,,,,
	OtherOperatingExpenses,,,,,,,,,,,,,,,,,,,,,,,,,,,,,,,,,,,,,,,,"-10,509,000","-12,281,000","-16,898,000","-8,962,000",,"-12,248,000","-11,330,000",,"-7,217,000","-5,941,000","-3,451,000","-4,378,000","39,350,000","-6,153,000",,"-5,736,000","-10,029,000","-5,313,000","-4,008,000","-2,842,000","-4,200,000","-3,992,000","-2,219,000","-1,417,000",,,,,,,,
OperatingIncome,"674,644,000","172,854,000","163,703,000","172,893,000","165,194,000","159,252,000","146,010,000","140,466,000","130,597,000","127,776,000","122,186,000","200,970,000","171,710,000","157,936,000","134,706,000","152,305,000","150,020,000","111,055,000","101,482,000","133,245,000","141,232,000","138,600,000","137,334,000","119,048,000","142,480,000","153,989,000","112,219,000","145,206,000","102,100,000","73,515,000","129,885,000","121,321,000","85,636,000","60,958,000","54,353,000","116,260,000","107,804,000","72,590,000","56,016,000","136,914,000","102,837,000","73,158,000","76,697,000","165,344,000","97,679,000","87,457,000","82,073,000","99,178,000","92,679,000","83,448,000","65,490,000","30,250,000","73,199,000","65,704,000","69,697,000","71,134,000","64,182,000","58,959,000","44,532,000","42,304,000","45,682,000","37,944,000","30,008,000","-2,410,201,000","907,883,000","858,930,000","746,797,000","-1,698,205,000","598,835,000","598,835,000","598,835,000"
NetNonOperatingInterestIncomeExpense,"-224,457,000","-24,173,000","-25,383,000","-25,863,000","-149,038,000","-32,800,000","-30,651,000","-47,501,000","-34,925,000","-37,111,000","-40,377,000","-56,376,000","-55,764,000","-57,828,000","-56,026,000","-55,564,000","-55,213,000","-100,577,000","-56,165,000","-54,325,000","-61,547,000","-61,801,000","-53,637,000","-73,405,000","-62,516,000","-62,723,000","-59,518,000","-60,046,000","-60,220,000","-60,663,000","-118,698,000","-10,120,000","-9,797,000","-10,498,000","-10,427,000","-10,242,000","-11,719,000","-11,855,000","-10,551,000","-10,576,000","-12,702,000","-11,204,000","-10,614,000","-10,073,000","-10,452,000","-10,014,000","-9,872,000","-5,442,000","-1,126,000","-2,385,000","-975,000","-2,557,000","-2,517,000","-2,019,000",,,,,,,,,,,,,,,,,
	InterestExpenseNonOperating,"224,457,000","24,173,000","25,383,000","25,863,000","149,038,000","32,800,000","30,651,000","47,501,000","34,925,000","37,111,000","40,377,000","56,376,000","55,764,000","57,828,000","56,026,000","55,564,000","55,213,000","100,577,000","56,165,000","54,325,000","61,547,000","61,801,000","53,637,000","73,405,000","62,516,000","62,723,000","59,518,000","60,046,000","60,220,000","60,663,000","118,698,000","10,120,000","9,797,000","10,498,000","10,427,000","10,242,000","11,719,000","11,855,000","10,551,000","10,576,000","12,702,000","11,204,000","10,614,000",,,"10,014,000",,,,"2,385,000","975,000",,,,,,,,,,,,,,,,,,,,
	TotalOtherFinanceCost,,,,,,,,,,,,,,,,,,,,,,,,,,,,,,,,,,,,,,,,,,,,,"10,452,000",,"9,872,000","5,442,000","1,126,000","2,385,000","975,000","2,557,000","2,517,000","2,019,000",,,,,,,,,,,,,,,,,
OtherIncomeExpense,"-47,688,000","-58,044,000","7,453,000","3,122,000","-219,000","1,888,000","-984,000","-73,633,000","-8,608,000","-15,278,000","-30,989,000","-616,653,000","26,045,000","14,354,000","-47,194,000","27,305,000","13,466,000","-142,633,000","32,003,000","31,014,000","68,594,000","3,554,000","6,919,000","-47,081,000","-30,667,000","-12,485,000","-53,786,000","-42,496,000","-50,591,000","-68,009,000","-111,960,000","-16,909,000","6,930,000","7,241,000","36,100,000","7,944,000","5,309,000","8,002,000","6,216,000","-334,460,000","1,043,000","4,471,000","1,919,000","-30,466,000","10,663,000","1,456,000","2,288,000","6,970,000","-253,000","1,829,000","1,704,000","1,307,000","208,000","-7,151,000","948,000","7,463,000","6,069,000","3,195,000","2,842,000","4,200,000","3,992,000","2,219,000","12,703,000",,,,,,,,
	EarningsFromEquityInterest,"39,555,000","11,919,000","7,950,000","11,416,000","8,270,000","7,157,000","8,201,000","16,775,000","8,573,000","13,505,000","9,928,000","13,960,000","28,563,000","25,963,000","12,504,000","25,512,000","12,863,000","13,038,000","29,720,000","31,915,000","66,458,000","21,738,000","21,471,000","21,240,000","18,513,000","39,016,000","25,263,000","29,917,000","27,776,000","24,628,000","23,924,000","8,509,000","5,896,000","7,436,000","36,083,000","6,464,000","4,094,000","7,846,000","5,915,000","10,509,000",,,,,"12,248,000",,,,,,,,,,"5,736,000","10,029,000","5,313,000","4,008,000","2,842,000","4,200,000","3,992,000","2,219,000","1,417,000",,,,,,,,
	SpecialIncomeCharges,"-103,719,000","-73,292,000","-3,371,000","-14,085,000","-12,971,000","-8,746,000","-13,038,000","-91,907,000","-20,300,000","-31,213,000","-44,925,000","-634,653,000","-7,404,000","-15,875,000","-63,295,000","-800,000","-2,149,000","-168,178,000","0","-3,300,000","0","-19,425,000","-15,412,000","-71,215,000","-50,678,000","-52,247,000","-82,091,000","-79,883,000","-88,495,000","-91,599,000","-138,463,000","-19,473,000",,,,"0",,,,"-334,460,000","1,043,000","4,471,000","1,919,000","1,209,000","-1,585,000","1,456,000","2,288,000","6,970,000","-253,000","1,829,000","1,704,000","1,307,000","208,000","-7,151,000","-4,788,000","-2,566,000","756,000","-813,000",,"0",,,"11,286,000",,,,,,,,
		RestructuringAndMergernAcquisition,"103,719,000","73,292,000","3,371,000","14,085,000","12,971,000","8,746,000","13,038,000","91,907,000","20,300,000","31,213,000","44,925,000","16,276,000","0","15,875,000","63,295,000","0","0","0","0","3,300,000","0","19,997,000","15,412,000","71,215,000","50,678,000","50,711,000","41,038,000","79,883,000","88,495,000","91,599,000","138,463,000","19,473,000",,,,,,,,,,,,,,,,,,,,,,,,,,,,,,,,,,,,,,,
		ImpairmentOfCapitalAssets,,,,,,,,"0",,,,"615,400,000",,,,,,,,,,,,,,,,,,,,,,,,"0",,,,"336,000,000",,,,,,,,,,,,,,,,,,,,,,,,,,,,,,,
		WriteOff,,,,,,,,,,,,,"0","0",,"0","0","168,178,000",,,,,,,,,,,,,,,,,,,,,,,,,,,,,,,,,,,,,,,,,,,,,,,,,,,,,
		OtherSpecialCharges,,,,,,,,,,,,,,,,,,,,,,,,,,,,,,,,,,,,,,,,"-1,540,000",,,,,,,,,,,,,,,,,,,,,,,,,,,,,,,
		GainOnSaleOfPPE,,,,,,,,"0",,,,"-2,977,000","-7,404,000",,,"-800,000","-2,149,000","0",,"0","0","572,000","0","0","0","-1,536,000","-41,053,000",,,,,,,,,,,,,,,,,,,,,,,,,,,,,,,,,,,,,,,,,,,,
	OtherNonOperatingIncomeExpenses,"16,476,000","3,329,000","2,874,000","5,791,000","4,482,000","3,477,000","3,853,000","1,499,000","3,119,000","2,430,000","4,008,000","4,040,000","4,886,000","4,266,000","3,597,000","2,593,000","2,752,000","12,507,000","2,283,000","2,399,000","2,136,000","1,241,000","860,000","2,894,000","1,498,000","746,000","3,042,000","7,470,000","10,128,000","-1,038,000","2,579,000","1,892,000","1,034,000","-195,000","17,000","1,480,000","1,215,000","156,000","301,000",,,,,,,,,,,,,,,,,,,,,,,,,,,,,,,,
PretaxIncome,"402,499,000","90,637,000","145,773,000","150,152,000","15,937,000","128,340,000","114,375,000","19,332,000","87,064,000","75,387,000","50,820,000","-472,059,000","141,991,000","114,462,000","31,486,000","124,046,000","108,273,000","-132,155,000","77,320,000","109,934,000","148,279,000","80,353,000","90,616,000","-1,438,000","49,297,000","78,781,000","-1,085,000","42,664,000","-8,711,000","-55,157,000","-100,773,000","94,292,000","82,769,000","57,701,000","80,026,000","113,962,000","101,394,000","68,737,000","51,681,000","-208,122,000","91,178,000","66,425,000","68,002,000","124,805,000","97,890,000","78,899,000","82,586,000","100,706,000","91,300,000","82,892,000","66,219,000","74,114,000","70,890,000","61,437,000","57,865,000","62,542,000","59,878,000","55,409,000","44,686,000","41,252,000","35,546,000","32,068,000","38,633,000",,,,,,,,
TaxProvision,"86,829,000","36,011,000","22,556,000","46,200,000","-17,938,000","35,148,000","25,601,000","15,427,000","-7,184,000","21,604,000","15,906,000","-24,076,000","36,603,000","20,943,000","-33,600,000","18,719,000","33,131,000","-24,400,000","-47,093,000","6,150,000","12,205,000","-35,487,000","24,838,000","-14,325,000","-35,097,000","12,187,000","-682,000","16,187,000","-8,464,000","-75,761,000","-20,443,000","29,657,000","13,677,000","15,205,000","23,485,000","35,735,000","30,179,000","13,961,000","12,703,000","16,746,000","21,323,000","16,769,000","19,578,000","36,389,000","23,959,000","19,239,000","20,503,000","31,518,000","22,665,000","21,048,000","16,465,000","20,124,000","20,987,000","18,431,000","17,360,000","20,124,000","21,424,000","19,580,000","15,193,000","11,860,000","11,360,000","10,870,000","13,113,000",,,,,,,,
EarningsFromEquityInterestNetOfTax,,,,,,,,,,,,,,,,,,,,,,,,,,,,,,,,,,,,,,,,,,,,,,,"8,097,000",,,,,,,"4,903,000",,,,,,,,,,,,,,,,,
NetIncomeCommonStockholders,"210,803,000","41,557,000","61,548,000","96,167,000","11,531,000","39,359,000","26,128,000","-230,187,000","89,339,000","-86,126,000","40,604,000","-474,152,000","83,738,000","77,845,000","51,519,000","83,977,000","60,910,000","-119,733,000","111,314,000","88,488,000","101,327,000","102,396,000","47,179,000","7,204,000","67,444,000","41,828,000","-20,367,000","1,056,000","-17,192,000","266,000","-103,503,000","64,026,000","69,240,000","40,192,000","56,396,000","76,568,000","70,755,000","53,811,000","38,109,000","-224,905,000","69,413,000","48,994,000","47,931,000","87,383,000","73,834,000","57,715,000","56,866,000","67,751,000","64,808,000","58,454,000","45,747,000","54,267,000","51,058,000","43,363,000","40,869,000","43,413,000","38,418,000","35,790,000","29,437,000","29,327,000","24,118,000","21,111,000","25,491,000","14,343,000","14,343,000","11,224,000","11,571,000","12,077,000","12,077,000","12,077,000","12,077,000"
	NetIncome,"210,803,000","41,557,000","61,548,000","96,167,000","11,531,000","39,359,000","26,128,000","-230,187,000","89,339,000","-86,126,000","40,604,000","-474,152,000","83,738,000","77,845,000","51,519,000","83,977,000","60,910,000","-119,733,000","111,314,000","88,488,000","101,327,000","102,396,000","47,179,000","7,204,000","67,444,000","41,828,000","-20,367,000","1,056,000","-17,192,000","266,000","-103,503,000","64,026,000","69,240,000","40,192,000","56,396,000","76,568,000","70,755,000","53,811,000","38,109,000","-224,905,000","69,413,000","48,994,000","47,931,000","87,383,000","73,834,000","57,715,000","56,868,000","67,774,000","64,842,000","58,489,000","45,782,000","54,272,000","51,121,000","43,398,000","40,905,000","43,450,000","38,454,000","35,829,000","29,493,000","29,392,000","24,186,000","21,198,000","25,520,000","14,422,000","14,422,000","11,887,000","12,955,000","13,453,000","13,454,000","13,454,000","13,454,000"
		NetIncomeIncludingNoncontrollingInterests,"234,470,000","48,513,000","61,277,000","106,307,000","18,373,000","45,278,000","33,022,000","-223,991,000","94,122,000","-76,966,000","53,094,000","-447,983,000","105,388,000","93,519,000","65,086,000","105,327,000","75,142,000","-107,755,000","124,413,000","103,784,000","136,074,000","115,840,000","65,778,000","12,887,000","84,394,000","66,594,000","-403,000","26,477,000","-247,000","20,604,000","-80,330,000","64,635,000","69,092,000","42,496,000","56,541,000","78,227,000","71,215,000","54,776,000","38,978,000","-224,868,000","69,855,000","49,656,000","48,424,000","88,416,000","73,931,000","59,660,000","62,083,000","69,188,000","68,635,000","61,654,000","49,867,000","54,272,000","51,121,000","43,398,000","44,351,000","46,101,000","43,316,000","40,627,000","30,772,000","36,738,000","28,010,000","24,846,000","27,106,000","28,346,000","14,422,000","11,887,000","12,955,000","21,906,000","13,454,000","13,454,000","13,454,000"
			NetIncomeContinuousOperations,"315,670,000","54,626,000","123,217,000","103,952,000","33,875,000","93,192,000","88,774,000","3,905,000","94,248,000","53,783,000","34,914,000","-447,983,000","105,388,000","93,519,000","65,086,000","105,327,000","75,142,000","-107,755,000","124,413,000","103,784,000","136,074,000","115,840,000","65,778,000","12,887,000","84,394,000","66,594,000","-403,000","26,477,000","-247,000","20,604,000","-80,330,000","64,635,000","69,092,000","42,496,000","56,541,000","78,227,000","71,215,000","54,776,000","38,978,000","-224,868,000","69,855,000","49,656,000","48,424,000","88,416,000","73,931,000","59,660,000","62,083,000","69,188,000","68,635,000","61,844,000","49,754,000","53,990,000","49,903,000","43,006,000","40,505,000","42,418,000","38,454,000","35,829,000","29,493,000","29,392,000","24,186,000","21,198,000","25,520,000","14,422,000","14,422,000","11,887,000","12,955,000","13,453,000","13,454,000","13,454,000","13,454,000"
			NetIncomeDiscontinuousOperations,"-81,200,000","-6,113,000","-61,940,000","2,355,000","-15,502,000","-47,914,000","-55,752,000","-227,896,000","-126,000","-130,749,000","18,180,000",,,,,,,,,,,,,,,,,,,,,,,,,,,,,,,,,"0","0","0","0","0","0","-190,000","113,000","282,000","1,218,000","392,000","400,000",,,,,,,,,,,,,,,,
		MinorityInterests,"-23,667,000","-6,956,000","271,000","-10,140,000","-6,842,000","-5,919,000","-6,894,000","-6,196,000","-4,783,000","-9,160,000","-12,490,000","-26,169,000","-21,650,000","-15,674,000","-13,567,000","-21,350,000","-14,232,000","-11,978,000","-13,099,000","-15,296,000","-34,747,000","-13,444,000","-18,599,000","-5,683,000","-16,950,000","-24,766,000","-19,964,000","-25,421,000","-16,945,000","-20,338,000","-23,173,000","-609,000","148,000","-2,304,000","-145,000","-1,659,000","-460,000","-965,000","-869,000","-37,000","-442,000","-662,000","-493,000","-1,033,000","-97,000","-1,945,000","-5,215,000","-1,414,000","-3,793,000","-3,165,000","-4,085,000",,,,"-3,446,000","-2,651,000","-4,862,000","-4,798,000","-1,279,000","-7,346,000","-3,824,000","-3,648,000","-1,586,000",,,,,,,,
	PreferredStockDividends,,,,,,,,,,,,,,,,,,,,,,,,,,,,,,,,,,,,,,,,,,,,"0",,,"2,000","23,000","34,000","35,000","35,000","5,000","63,000","35,000","36,000","37,000","36,000","39,000","56,000","65,000","68,000","87,000","29,000","79,000","79,000","663,000","1,384,000","1,376,000","1,377,000","1,377,000","1,377,000"
DilutedNIAvailtoComStockholders,"210,803,000","41,557,000","61,548,000","96,167,000","11,531,000","39,359,000","26,128,000","-230,187,000","89,339,000","-86,126,000","40,604,000","-474,152,000","83,738,000","77,845,000","51,519,000","83,977,000","60,910,000","-119,733,000","111,314,000","88,488,000","101,327,000","102,396,000","47,179,000","7,204,000","67,444,000","41,828,000","-20,367,000","1,056,000","-17,192,000","266,000","-103,503,000","64,026,000","69,240,000","40,192,000","56,396,000","76,568,000","70,755,000","53,811,000","38,109,000","-224,905,000","69,413,000","48,994,000","47,931,000","87,383,000","73,834,000","57,715,000","56,866,000","67,751,000","64,808,000","58,454,000","45,747,000","54,267,000","51,058,000","43,363,000","40,869,000","43,413,000","38,418,000","35,790,000","29,437,000","29,327,000","24,118,000","21,111,000","25,491,000","14,343,000","14,343,000","11,224,000","11,571,000","12,077,000","12,077,000","12,077,000","12,077,000"
BasicEPS,,"0.29","0.43","0.67","0.08","0.27","0.17","-1.44","0.56","-0.54","0.26","-3.01","0.53","0.5","0.33","0.53","0.38","-0.75","0.7","0.56","0.65","0.66","0.31","0.05","0.44","0.27","-0.13","0.01","-0.11","0.002","-0.73","0.65","0.71","0.41","0.59","0.78","0.71","0.54","0.36","-2.05","0.63","0.43","0.42",,"0.63","0.49","0.48",,"0.57","0.51","0.4",,"0.46","0.41","0.39",,"0.38","0.36","0.3",,"0.3","0.37","0.89",,"0.725","0.21","0.43",,"0.465","0.465","0.465"
DilutedEPS,,"0.29","0.43","0.66","0.08","0.26","0.17","-1.44","0.55","-0.54","0.25","-3.01","0.52","0.49","0.32","0.52","0.37","-0.75","0.69","0.55","0.64","0.65","0.3","0.05","0.43","0.27","-0.13","0.01","-0.11","0.002","-0.73","0.64","0.7","0.41","0.58","0.77","0.7","0.53","0.36","-2.05","0.63","0.43","0.42",,"0.62","0.49","0.48",,"0.56","0.51","0.4",,"0.46","0.4","0.38",,"0.37","0.35","0.29",,"0.26","0.27","0.65",,"0.555","0.17","0.4",,"0.42","0.42","0.42"
BasicAverageShares,,"141,060,000","141,778,000","143,812,000","146,109,000","147,770,000","151,424,000","160,020,000","160,119,000","158,550,000","157,332,000","157,709,000","157,429,000","156,621,000","156,416,000","158,605,000","160,395,000","159,495,000","157,909,000","157,529,000","155,763,000","155,366,000","154,255,000","156,320,000","154,852,000","154,295,000","153,619,000","153,779,000","151,697,000","151,053,000","141,892,000","98,107,000","97,483,000","97,012,000","96,302,000","98,028,000","99,257,000","100,430,000","104,759,000","109,962,000","110,221,000","113,352,000","113,965,000",,"117,932,000","117,283,000","118,001,000",,"114,539,000","113,801,000","113,153,000",,"109,872,000","106,465,000","104,529,000",,"102,020,000","100,571,000","99,644,000",,"80,915,000","56,331,000","28,800,000",,"27,428,000","53,676,000","26,644,000",,"25,940,000","25,940,000","25,940,000"
DilutedAverageShares,,"142,626,000","144,637,000","146,581,000","148,859,000","149,519,000","153,744,000","160,020,000","161,835,000","160,718,000","160,657,000","157,709,000","159,787,000","158,416,000","159,603,000","161,765,000","163,213,000","159,495,000","161,847,000","161,076,000","158,820,000","158,650,000","157,993,000","157,856,000","156,175,000","155,448,000","153,619,000","155,231,000","151,697,000","152,818,000","141,892,000","99,743,000","98,956,000","98,337,000","97,590,000","99,652,000","100,761,000","101,818,000","105,538,000","109,962,000","110,819,000","114,288,000","114,591,000",,"118,907,000","118,278,000","119,115,000",,"115,620,000","115,044,000","114,498,000",,"111,515,000","108,148,000","106,620,000",,"104,563,000","103,454,000","103,025,000",,"92,037,000","77,964,000","39,518,000",,"36,329,000","70,306,000","32,612,000",,"31,989,000","31,989,000","31,989,000"
TotalOperatingIncomeAsReported,"610,480,000","111,481,000","168,282,000","170,224,000","160,493,000","157,663,000","141,173,000","65,334,000","118,870,000","110,068,000","87,189,000","-419,723,000","192,869,000","168,024,000","83,915,000","177,017,000","160,734,000","-44,085,000","131,202,000","161,860,000","207,690,000","140,913,000","143,393,000","69,073,000","110,315,000","140,758,000","96,444,000","95,240,000","41,381,000","6,544,000","15,346,000","102,520,000","91,532,000","68,394,000","90,436,000","122,724,000","111,898,000","80,436,000","61,931,000","-199,086,000","102,837,000","73,158,000","76,697,000","133,669,000","109,927,000","87,457,000","90,170,000","99,178,000","92,679,000","83,448,000","65,490,000","75,364,000","73,199,000","70,607,000","69,697,000","71,134,000","64,182,000","58,959,000","44,532,000","42,304,000","45,682,000","37,944,000","30,008,000",,,,,,,,
TotalExpenses,"12,567,854,000","3,040,804,000","3,103,013,000","3,180,874,000","3,243,163,000","3,106,321,000","3,167,145,000","3,428,484,000","3,059,082,000","3,117,961,000","3,113,424,000","4,914,638,000","4,808,494,000","4,882,086,000","4,902,789,000","5,153,545,000","4,997,900,000","4,679,855,000","4,809,350,000","4,723,143,000","4,420,235,000","4,288,598,000","4,221,015,000","4,204,048,000","4,266,302,000","4,227,307,000","4,185,432,000","4,578,431,000","4,447,478,000","4,432,682,000","4,056,150,000","2,441,208,000","1,882,519,000","1,811,266,000","1,899,522,000","1,962,827,000","1,959,686,000","1,917,056,000","1,961,256,000","1,945,997,000","1,992,301,000","1,937,793,000","1,952,483,000","1,952,701,000","1,949,046,000","1,848,964,000","1,854,110,000","1,729,480,000","1,542,504,000","1,517,718,000","1,415,294,000","1,625,640,000","1,458,790,000","1,433,054,000","1,384,431,000","1,557,774,000","1,257,021,000","1,105,162,000","1,035,718,000","1,072,052,000","1,054,974,000","1,045,765,000","908,541,000",,,,,,,,
NetIncomeFromContinuingAndDiscontinuedOperation,"210,803,000","41,557,000","61,548,000","96,167,000","11,531,000","39,359,000","26,128,000","-230,187,000","89,339,000","-86,126,000","40,604,000","-474,152,000","83,738,000","77,845,000","51,519,000","83,977,000","60,910,000","-119,733,000","111,314,000","88,488,000","101,327,000","102,396,000","47,179,000","7,204,000","67,444,000","41,828,000","-20,367,000","1,056,000","-17,192,000","266,000","-103,503,000","64,026,000","69,240,000","40,192,000","56,396,000","76,568,000","70,755,000","53,811,000","38,109,000","-224,905,000","69,413,000","48,994,000","47,931,000","87,383,000","73,834,000","57,715,000","56,868,000","67,774,000","64,842,000","58,489,000","45,782,000","54,272,000","51,121,000","43,398,000","40,905,000","43,450,000","38,454,000","35,829,000","29,493,000","29,392,000","24,186,000","21,198,000","25,520,000","14,422,000","14,422,000","11,887,000","12,955,000","13,453,000","13,454,000","13,454,000","13,454,000"
NormalizedIncome,"373,347,243.663","91,842,344.539","126,336,495","103,563,211.572","36,501,830","93,623,765.404","91,997,488","64,801,110","104,284,000","66,891,146.749","53,287,475","128,132,364.664","89,233,367.678","90,815,366.803","97,724,350","84,656,277.042","62,401,416.678","17,394,012.902","111,314,000","91,603,389.234","101,327,000","114,051,000","58,368,112","49,933,000","97,850,800","85,976,715","28,887,600","50,630,868.531","35,905,000","55,225,400","6,852,011","64,026,000","69,240,000","40,192,000","56,396,000","76,568,000","70,755,000","53,811,000","38,109,000","-7,506,000","68,613,917.272","45,651,704.539","46,564,486.427","86,526,504.315","75,031,064.409","56,614,035.983","56,868,000","62,985,403.889","65,032,193.373","57,314,421.078","44,388,690.482","53,037,886.634","49,756,578.445","48,011,711.64","43,856,558.628","44,158,343.897","37,968,492.401","36,354,708.405","29,493,000","29,392,000","24,186,000","21,198,000","18,064,748.79","14,422,000","14,422,000","11,887,000","12,955,000","13,453,000","13,454,000","13,454,000","13,454,000"
InterestExpense,"224,457,000","24,173,000","25,383,000","25,863,000","149,038,000","32,800,000","30,651,000","47,501,000","34,925,000","37,111,000","40,377,000","56,376,000","55,764,000","57,828,000","56,026,000","55,564,000","55,213,000","100,577,000","56,165,000","54,325,000","61,547,000","61,801,000","53,637,000","73,405,000","62,516,000","62,723,000","59,518,000","60,046,000","60,220,000","60,663,000","118,698,000","10,120,000","9,797,000","10,498,000","10,427,000","10,242,000","11,719,000","11,855,000","10,551,000","10,576,000","12,702,000","11,204,000","10,614,000",,,"10,014,000",,,,"2,385,000","975,000",,,,,,,,,,,,,,,,,,,,
NetInterestIncome,"-224,457,000","-24,173,000","-25,383,000","-25,863,000","-149,038,000","-32,800,000","-30,651,000","-47,501,000","-34,925,000","-37,111,000","-40,377,000","-56,376,000","-55,764,000","-57,828,000","-56,026,000","-55,564,000","-55,213,000","-100,577,000","-56,165,000","-54,325,000","-61,547,000","-61,801,000","-53,637,000","-73,405,000","-62,516,000","-62,723,000","-59,518,000","-60,046,000","-60,220,000","-60,663,000","-118,698,000","-10,120,000","-9,797,000","-10,498,000","-10,427,000","-10,242,000","-11,719,000","-11,855,000","-10,551,000","-10,576,000","-12,702,000","-11,204,000","-10,614,000","-10,073,000","-10,452,000","-10,014,000","-9,872,000","-5,442,000","-1,126,000","-2,385,000","-975,000","-2,557,000","-2,517,000","-2,019,000",,,,,,,,,,,,,,,,,
EBIT,"626,956,000","114,810,000","171,156,000","176,015,000","164,975,000","161,140,000","145,026,000","66,833,000","121,989,000","112,498,000","91,197,000","-415,683,000","197,755,000","172,290,000","87,512,000","179,610,000","163,486,000","-31,578,000","133,485,000","164,259,000","209,826,000","142,154,000","144,253,000","71,967,000","111,813,000","141,504,000","58,433,000","102,710,000","51,509,000","5,506,000","17,925,000","104,412,000","92,566,000","68,199,000","90,453,000","124,204,000","113,113,000","80,592,000","62,232,000","-197,546,000","103,880,000","77,629,000","78,616,000","168,712,000","97,679,000","88,913,000","82,073,000","99,178,000","92,679,000","83,448,000","65,490,000","30,250,000","73,199,000","65,704,000","69,697,000","71,134,000","64,182,000","58,959,000","44,532,000","42,304,000","45,682,000","37,944,000","30,008,000","-2,410,201,000","907,883,000","858,930,000","746,797,000","-1,698,205,000","598,835,000","598,835,000","598,835,000"
EBITDA,"807,704,000"
ReconciledCostOfRevenue,"12,413,550,000","3,003,706,000","3,066,512,000","3,136,509,000","3,206,823,000","3,070,314,000","3,128,785,000","3,379,082,000","3,004,600,000","3,076,924,000","3,069,810,000","4,877,382,000","4,770,960,000","4,844,660,000","4,866,882,000","5,117,804,000","4,962,741,000","4,649,638,000","4,774,680,000","4,686,261,000","4,386,291,000","4,258,754,000","4,188,376,000","4,175,917,000","4,237,439,000","4,197,852,000","4,156,793,000","4,553,009,000","4,423,060,000","4,402,885,000","4,021,812,000","2,433,498,000","1,859,615,000","1,784,817,000","1,875,677,000","1,938,874,000","1,935,676,000","1,889,803,000","1,939,154,000","1,938,753,000","1,983,900,000","1,934,834,000","1,938,834,000","1,977,652,000","1,925,486,000","1,836,686,000","1,830,848,000","1,704,324,000","1,520,118,000","1,493,271,000","1,397,807,000","1,560,644,000","1,444,872,000","1,409,124,000","1,372,921,000","2,453,720,000","905,182,000","794,726,000","753,658,000","797,561,000","788,565,000","799,838,000","690,130,000",,,,,,,,
ReconciledDepreciation,"180,748,000","43,803,000","41,373,000","47,112,000","48,460,000","41,305,000","39,523,000","55,936,000","55,749,000","67,816,000","57,875,000","67,701,000","64,768,000","65,556,000","63,160,000","67,429,000","66,658,000","70,648,000","62,835,000","72,653,000","67,112,000","71,950,000","66,916,000","83,270,000","97,261,000","107,181,000","111,018,000","148,121,000","134,700,000","214,322,000","102,122,000","24,924,000","24,328,000","23,944,000","22,198,000","23,035,000","23,532,000","23,937,000","23,902,000","26,081,000","26,085,000","25,260,000","25,548,000","25,061,000","28,091,000","27,311,000","29,843,000","21,154,000","17,241,000","18,164,000","22,340,000","23,330,000","21,653,000","20,039,000","19,095,000","22,674,000","18,738,000","9,773,000","11,567,000","14,146,000","12,008,000","12,002,000","6,970,000",,,,,,,,
NetIncomeFromContinuingOperationNetMinorityInterest,"292,003,000","47,670,000","123,488,000","93,812,000","27,033,000","87,273,000","81,880,000","-2,291,000","89,465,000","44,623,000","22,424,000","-474,152,000","83,738,000","77,845,000","51,519,000","83,977,000","60,910,000","-119,733,000","111,314,000","88,488,000","101,327,000","102,396,000","47,179,000","7,204,000","67,444,000","41,828,000","-20,367,000","1,056,000","-17,192,000","266,000","-103,503,000","64,026,000","69,240,000","40,192,000","56,396,000","76,568,000","70,755,000","53,811,000","38,109,000","-224,905,000","69,413,000","48,994,000","47,931,000","87,383,000","73,834,000","57,715,000","56,868,000","67,774,000","64,842,000","58,679,000","45,669,000","53,990,000","49,903,000","43,006,000","40,505,000","42,418,000","38,454,000","35,829,000","29,493,000","29,392,000","24,186,000","21,198,000","25,520,000","14,422,000","14,422,000","11,887,000","12,955,000","13,453,000","13,454,000","13,454,000","13,454,000"
TotalUnusualItemsExcludingGoodwill,"-103,719,000","-73,292,000","-3,371,000","-14,085,000","-12,971,000","-8,746,000","-13,038,000","-91,907,000","-20,300,000","-31,213,000","-44,925,000","-634,653,000","-7,404,000","-15,875,000","-63,295,000","-800,000","-2,149,000","-168,178,000","0","-3,300,000","0","-19,425,000","-15,412,000","-71,215,000","-50,678,000","-52,247,000","-82,091,000","-79,883,000","-88,495,000","-91,599,000","-138,463,000","-19,473,000",,,,"0",,,,"-334,460,000","1,043,000","4,471,000","1,919,000","1,209,000","-1,585,000","1,456,000","2,288,000","6,970,000","-253,000","1,829,000","1,704,000","1,307,000","208,000","-7,151,000","-4,788,000","-2,566,000","756,000","-813,000",,"0",,,"11,286,000",,,,,,,,
TotalUnusualItems,"-103,719,000","-73,292,000","-3,371,000","-14,085,000","-12,971,000","-8,746,000","-13,038,000","-91,907,000","-20,300,000","-31,213,000","-44,925,000","-634,653,000","-7,404,000","-15,875,000","-63,295,000","-800,000","-2,149,000","-168,178,000","0","-3,300,000","0","-19,425,000","-15,412,000","-71,215,000","-50,678,000","-52,247,000","-82,091,000","-79,883,000","-88,495,000","-91,599,000","-138,463,000","-19,473,000",,,,"0",,,,"-334,460,000","1,043,000","4,471,000","1,919,000","1,209,000","-1,585,000","1,456,000","2,288,000","6,970,000","-253,000","1,829,000","1,704,000","1,307,000","208,000","-7,151,000","-4,788,000","-2,566,000","756,000","-813,000",,"0",,,"11,286,000",,,,,,,,
NormalizedEBITDA,"911,423,000","231,905,000","215,900,000","237,212,000","226,406,000","211,191,000","197,587,000","214,676,000","198,038,000","211,527,000","193,997,000","286,671,000","269,927,000","253,721,000","213,967,000","247,839,000","232,293,000","207,248,000","196,320,000","240,212,000","276,938,000","233,529,000","226,581,000","226,452,000","259,752,000","300,932,000","251,542,000","330,714,000","274,704,000","311,427,000","258,510,000","129,336,000","116,894,000","92,143,000","112,651,000","147,239,000","136,645,000","104,529,000","86,134,000","162,995,000","128,922,000","98,418,000","102,245,000","192,564,000","127,355,000","114,768,000","111,916,000","113,362,000","110,173,000","99,783,000","86,126,000","52,273,000","94,644,000","92,894,000","93,580,000","96,374,000","82,164,000","69,545,000","56,099,000","56,450,000","57,690,000","49,946,000","25,692,000","-2,410,201,000","907,883,000","858,930,000","746,797,000","-1,698,205,000","598,835,000","598,835,000","598,835,000"
TaxRateForCalcs,"0.216","0.397","0.155","0.308","0.27","0.274","0.224","0.27","0.27","0.287","0.313","0.051","0.258","0.183","0.27","0.151","0.306","0.185","0.4","0.056","0.082","0.4","0.274","0.4","0.4","0.155","0.4","0.379","0.4","0.4","0.203","0.315","0.165","0.264","0.293","0.314","0.298","0.203","0.246","0.35","0.234","0.252","0.288","0.292","0.245","0.244","0.248","0.313","0.248","0.254","0.249","0.272","0.296","0.3","0.3","0.322","0.358","0.353","0.34","0.288","0.32","0.339","0.339","0.4","0.4","0.4","0.4","0.4","0.4","0.4","0.4"
TaxEffectOfUnusualItems,"-22,374,756.337","-29,119,655.461","-522,505","-4,333,788.428","-3,502,170","-2,395,234.596","-2,920,512","-24,814,890","-5,481,000","-8,944,853.251","-14,061,525","-32,368,635.336","-1,908,632.322","-2,904,633.197","-17,089,650","-120,722.958","-657,583.322","-31,050,987.098","0","-184,610.766","0","-7,770,000","-4,222,888","-28,486,000","-20,271,200","-8,098,285","-32,836,400","-30,308,131.469","-35,398,000","-36,639,600","-28,107,989","0","0","0","0","0","0","0","0","-117,061,000","243,917.272","1,128,704.539","552,486.427","352,504.315","-387,935.591","355,035.983","0","2,181,403.889","-62,806.627","464,421.078","423,690.482","354,886.634","61,578.445","-2,145,288.36","-1,436,441.372","-825,656.103","270,492.401","-287,291.595","0","0","0","0","3,830,748.79","0","0","0","0","0","0","0","0"