name,ttm,03/31/2022,12/31/2021,09/30/2021,06/30/2021,03/31/2021,12/31/2020,09/30/2020,06/30/2020,03/31/2020,12/31/2019,09/30/2019,06/30/2019,03/31/2019,12/31/2018,09/30/2018,06/30/2018,03/31/2018,12/31/2017,09/30/2017,06/30/2017,03/31/2017,12/31/2016,09/30/2016,06/30/2016,03/31/2016,12/31/2015,09/30/2015,06/30/2015,03/31/2015,12/31/2014,09/30/2014,06/30/2014,03/31/2014,12/31/2013,09/30/2013,06/30/2013,03/31/2013,12/31/2012,09/30/2012,06/30/2012,03/31/2012,12/31/2011,09/30/2011,06/30/2011,03/31/2011,12/31/2010,09/30/2010,06/30/2010,03/31/2010,12/31/2009,09/30/2009,06/30/2009,03/31/2009,12/31/2008,09/30/2008,06/30/2008,03/31/2008,12/31/2007,09/30/2007,06/30/2007,03/31/2007,12/31/2006,09/30/2006,06/30/2006,03/31/2006,12/31/2005,09/30/2005,06/30/2005,03/31/2005,12/31/2004,09/30/2004,06/30/2004,03/31/2004,12/31/2003,09/30/2003,06/30/2003,03/31/2003,12/31/2002,09/30/2002,06/30/2002,03/31/2002,12/31/2001,09/30/2001,06/30/2001,03/31/2001,12/31/2000,09/30/2000,06/30/2000,03/31/2000,12/31/1999,09/30/1999,06/30/1999,03/31/1999,12/31/1998,09/30/1998,06/30/1998,03/31/1998,12/31/1997,09/30/1997,06/30/1997,03/31/1997,12/31/1996,09/30/1996,06/30/1996,03/31/1996
TotalRevenue,"1,501,793,000","397,459,000","396,930,000","346,093,000","361,311,000","351,620,000","370,969,000","389,521,000","339,880,000","315,456,000","338,268,000","175,127,000","134,810,000","140,743,000","154,161,000","173,082,000","196,032,000","195,617,000","179,214,000","176,575,000","165,872,000","149,351,000","135,343,000","126,552,000","118,765,000","103,044,000","6,102,000","130,800,000","136,791,000","141,118,000","152,718,000","143,147,000","146,285,000","140,948,000","152,580,000","142,899,000","139,711,000","111,814,000","112,971,000","117,515,000","115,658,000","105,787,000","112,495,000","128,498,000","138,154,000","137,652,000","148,654,000","140,966,000","100,107,000","81,552,000","66,439,000","51,762,000","35,567,000","32,627,000","67,525,000","84,510,000","87,996,000","88,887,000","83,836,000","90,491,000","103,049,000","107,323,000","104,533,000","107,688,000","104,571,000","93,950,000","69,981,000","81,975,000","87,386,000","86,140,000","88,399,000","93,550,000","108,869,000","104,487,000","74,731,000","68,567,000","62,946,000","56,158,000","57,444,000","70,674,000","67,893,000","42,887,000","33,993,000","38,722,000","46,171,000","74,714,000","102,736,000","96,317,000","80,586,000","67,171,000","58,573,000","51,142,000","41,515,000","32,728,000","39,943,000","21,927,000","26,158,000","36,670,000","45,995,000","42,571,000","32,690,000","20,667,000","20,216,000","21,639,000","29,831,000","27,166,000"
	OperatingRevenue,"1,501,793,000","397,459,000","396,930,000","346,093,000","361,311,000","351,620,000","370,969,000","389,521,000","339,880,000","315,456,000","338,268,000","175,127,000","134,810,000","140,743,000","154,161,000","173,082,000","196,032,000","195,617,000","179,214,000","176,575,000","165,872,000","149,351,000","135,343,000","126,552,000","118,765,000","103,044,000","6,102,000","130,800,000","136,791,000","141,118,000","152,718,000","143,147,000","146,285,000","140,948,000","152,580,000","142,899,000","139,711,000","111,814,000","112,971,000","117,515,000","115,658,000","105,787,000","112,495,000","128,498,000","138,154,000","137,652,000","148,654,000","140,966,000","100,107,000","81,552,000","66,439,000","51,762,000","35,567,000","32,627,000","67,525,000","84,510,000","87,996,000","88,887,000","83,836,000","90,491,000","103,049,000","107,323,000","104,533,000","107,688,000","104,571,000","93,950,000","69,981,000","81,975,000","87,386,000","86,140,000","88,399,000","93,550,000","108,869,000","104,487,000","74,731,000","68,567,000","62,946,000","56,158,000","57,444,000","70,674,000","67,893,000","42,887,000","33,993,000","38,722,000","46,171,000","74,714,000","102,736,000","96,317,000","80,586,000","67,171,000","58,573,000","51,142,000","41,515,000","32,728,000","39,943,000","21,927,000","26,158,000","36,670,000","45,995,000","42,571,000","32,690,000","20,667,000","20,216,000","21,639,000","29,831,000","27,166,000"
CostOfRevenue,"962,658,000","253,143,000","257,183,000","226,054,000","226,278,000","214,117,000","225,420,000","235,736,000","209,576,000","203,225,000","225,973,000","101,636,000","70,684,000","75,003,000","78,973,000","87,543,000","94,797,000","91,972,000","81,039,000","84,341,000","78,731,000","70,520,000","63,825,000","60,429,000","56,719,000","49,584,000","-57,709,000","77,763,000","96,513,000","81,374,000","111,839,000","95,204,000","93,739,000","88,287,000","93,753,000","86,688,000","86,452,000","69,975,000","74,425,000","71,788,000","71,929,000","66,043,000","73,607,000","79,651,000","82,777,000","75,607,000","83,911,000","80,276,000","55,548,000","48,444,000","41,972,000","36,181,000","27,636,000","26,239,000","49,128,000","49,249,000","52,720,000","53,039,000","51,017,000","53,765,000","58,094,000","59,014,000","59,639,000","60,674,000","59,811,000","55,400,000","44,363,000","51,635,000","55,338,000","57,065,000","73,836,000","63,810,000","71,907,000","66,073,000","48,100,000","45,474,000","42,673,000","38,208,000","52,970,000","44,074,000","43,581,000","29,513,000","25,380,000","28,907,000","38,390,000","43,491,000","52,138,000","49,492,000","41,247,000","34,997,000","30,651,000","28,598,000","23,222,000","19,630,000","28,333,000","14,994,000","19,115,000","25,543,000","28,703,000","25,538,000","20,139,000","13,158,000","12,752,000","15,047,000","17,204,000","17,035,000"
GrossProfit,"539,135,000","144,316,000","139,747,000","120,039,000","135,033,000","137,503,000","145,549,000","153,785,000","130,304,000","112,231,000","112,295,000","73,491,000","64,126,000","65,740,000","75,188,000","85,539,000","101,235,000","103,645,000","98,175,000","92,234,000","87,141,000","78,831,000","71,518,000","66,123,000","62,046,000","53,460,000","63,811,000","53,037,000","40,278,000","59,744,000","40,879,000","47,943,000","52,546,000","52,661,000","58,827,000","56,211,000","53,259,000","41,839,000","38,546,000","45,727,000","43,729,000","39,744,000","38,888,000","48,847,000","55,377,000","62,045,000","64,743,000","60,690,000","44,559,000","33,108,000","24,467,000","15,581,000","7,931,000","6,388,000","18,397,000","35,261,000","35,276,000","35,848,000","32,819,000","36,726,000","44,955,000","48,309,000","44,894,000","47,014,000","44,760,000","38,550,000","25,618,000","30,340,000","32,048,000","29,075,000","14,563,000","29,740,000","36,962,000","38,414,000","26,631,000","23,093,000","20,273,000","17,950,000","4,474,000","26,600,000","24,312,000","13,374,000","8,613,000","9,815,000","7,781,000","31,223,000","50,598,000","46,825,000","39,339,000","32,174,000","27,922,000","22,544,000","18,293,000","13,098,000","11,610,000","6,933,000","7,043,000","11,127,000","17,292,000","17,033,000","12,551,000","7,509,000","7,464,000","6,592,000","12,627,000","10,131,000"
OperatingExpense,"382,047,000","98,441,000","95,306,000","94,558,000","93,742,000","92,283,000","84,538,000","93,337,000","89,038,000","85,767,000","88,675,000","63,949,000","51,326,000","52,276,000","51,782,000","45,274,000","45,217,000","47,542,000","40,113,000","40,561,000","39,374,000","35,563,000","32,972,000","31,762,000","31,717,000","29,839,000","-13,805,000","29,447,000","56,487,000","37,887,000","37,177,000","37,535,000","40,790,000","35,748,000","36,504,000","37,869,000","40,625,000","34,120,000","31,008,000","32,786,000","32,559,000","36,546,000","37,757,000","35,054,000","38,059,000","37,688,000","40,782,000","38,394,000","31,465,000","24,995,000","22,510,000","21,106,000","21,028,000","20,715,000","23,194,000","29,241,000","27,943,000","27,793,000","28,803,000","28,675,000","28,527,000","27,577,000","28,225,000","28,654,000","25,498,000","25,291,000","17,770,000","27,641,000","25,527,000","24,463,000","32,856,000","28,050,000","28,021,000","28,384,000","25,294,000","27,823,000","26,330,000","27,326,000","34,078,000","29,168,000","33,642,000","24,797,000","26,764,000","22,699,000","28,094,000","23,692,000","23,673,000","22,691,000","18,472,000","17,305,000","15,827,000","14,837,000","13,825,000","12,027,000","17,367,000","8,985,000","9,603,000","9,791,000","9,537,000","11,344,000","7,551,000","5,868,000","6,591,000","6,483,000","8,223,000","7,306,000"
	SellingGeneralAndAdministration,"194,585,000","49,318,000","48,784,000","48,373,000","48,110,000","46,731,000","42,944,000","51,481,000","48,174,000","45,991,000","49,528,000","36,401,000","27,612,000","29,014,000","29,241,000","25,386,000","24,758,000","28,648,000","22,682,000","24,692,000","23,790,000","22,098,000","20,864,000","19,421,000","19,377,000","18,016,000","-12,687,000","16,484,000","40,546,000","21,754,000","21,070,000","20,223,000","22,828,000","19,731,000","21,960,000","22,138,000","22,910,000","17,654,000","15,556,000","16,806,000","16,706,000","20,059,000","22,343,000","16,473,000","20,001,000","20,905,000","24,588,000","20,545,000","17,183,000","13,283,000","11,135,000","10,788,000","10,166,000","9,395,000","9,513,000","14,337,000","13,955,000","14,468,000","16,293,000","15,738,000","15,616,000","15,542,000","15,985,000","17,309,000","14,694,000","14,882,000","13,618,000","14,104,000","14,511,000","13,448,000","20,110,000","15,474,000","15,212,000","14,974,000","12,544,000","13,669,000","13,779,000","13,959,000","19,199,000","16,983,000","15,742,000","13,549,000","10,384,000","10,511,000","11,608,000","12,803,000","13,005,000","12,980,000","10,372,000","9,513,000","8,855,000","7,902,000","7,067,000","6,175,000","8,491,000","4,545,000","4,829,000","5,149,000","5,492,000","4,272,000","4,038,000","3,047,000","3,322,000","3,134,000","4,578,000","3,808,000"
	ResearchAndDevelopment,"165,277,000","43,614,000","40,966,000","40,578,000","40,119,000","40,168,000","36,529,000","36,807,000","35,855,000","34,770,000","33,828,000","24,546,000","21,840,000","21,289,000","20,725,000","18,451,000","19,195,000","17,637,000","16,257,000","14,629,000","14,610,000","12,503,000","11,121,000","11,293,000","11,266,000","10,765,000","-434,000","11,696,000","14,047,000","14,242,000","14,080,000","15,074,000","15,736,000","14,142,000","13,216,000","15,105,000","15,740,000","14,253,000","13,895,000","14,564,000","14,502,000","15,115,000","14,393,000","17,592,000","17,137,000","15,862,000","15,275,000","16,672,000","13,515,000","11,590,000","11,227,000","10,195,000","10,742,000","11,098,000","13,424,000","14,681,000","13,762,000","13,085,000","12,510,000","12,937,000","12,911,000","12,035,000","12,240,000","11,345,000","10,804,000","10,459,000","7,152,000","10,537,000","11,016,000","11,015,000","12,746,000","12,576,000","12,809,000","13,410,000","12,750,000","12,979,000","12,551,000","13,367,000","12,975,000","12,185,000","12,587,000","11,248,000","10,755,000","10,967,000","11,040,000","12,389,000","10,668,000","9,711,000","8,100,000","7,792,000","6,972,000","6,935,000","6,758,000","5,852,000","9,993,000","4,440,000","4,774,000","4,642,000","4,345,000","4,072,000","3,513,000","2,821,000","3,269,000","3,349,000","3,645,000","3,498,000"
	DepreciationAmortizationDepletionIncomeStatement,"22,185,000","5,509,000","5,556,000","5,607,000","5,513,000","5,384,000","5,065,000","5,049,000","5,009,000","5,006,000","5,319,000","3,002,000","1,874,000","1,973,000","1,816,000","1,437,000","1,264,000","1,257,000","1,174,000","1,240,000","974,000","962,000","987,000","1,048,000","1,074,000","1,058,000","-684,000","1,267,000","1,894,000","1,891,000","2,027,000","2,238,000","2,226,000","1,875,000","1,328,000","626,000","1,975,000","2,213,000","1,557,000","1,416,000","1,351,000","1,372,000","1,021,000","989,000","921,000","921,000","919,000","1,177,000","767,000","122,000","148,000","123,000","120,000","222,000","257,000","223,000","226,000","240,000",,,,,,,,,,,,,,,,,,,,,,,,,,,,,,,,,,,,,,,,,,,,,,,,
		DepreciationAndAmortizationInIncomeStatement,"22,185,000","5,509,000","5,556,000","5,607,000","5,513,000","5,384,000","5,065,000","5,049,000","5,009,000","5,006,000","5,319,000","3,002,000","1,874,000","1,973,000","1,816,000","1,437,000","1,264,000","1,257,000","1,174,000","1,240,000","974,000","962,000","987,000","1,048,000","1,074,000","1,058,000","-684,000","1,267,000","1,894,000","1,891,000","2,027,000","2,238,000","2,226,000","1,875,000","1,328,000","626,000","1,975,000","2,213,000","1,557,000","1,416,000","1,351,000","1,372,000","1,021,000","989,000","921,000","921,000","919,000","1,177,000","767,000","122,000","148,000","123,000","120,000","222,000","257,000","223,000","226,000","240,000",,,,,,,,,,,,,,,,,,,,,,,,,,,,,,,,,,,,,,,,,,,,,,,,
			Amortization,"22,185,000","5,509,000","5,556,000","5,607,000","5,513,000","5,384,000","5,065,000","5,049,000","5,009,000","5,006,000","5,319,000","3,002,000","1,874,000","1,973,000","1,816,000","1,437,000","1,264,000","1,257,000","1,174,000","1,240,000","974,000","962,000","987,000","1,048,000","1,074,000","1,058,000","-684,000","1,267,000","1,894,000","1,891,000","2,027,000","2,238,000","2,226,000","1,875,000","1,328,000","626,000","1,975,000","2,213,000","1,557,000","1,416,000","1,351,000","1,372,000","1,021,000","989,000","921,000","921,000","919,000","1,177,000","767,000","122,000","148,000","123,000","120,000","222,000","257,000","223,000","226,000","240,000",,,,,,,,,,,,,,,,,,,,,,,,,,,,,,,,,,,,,,,,,,,,,,,,
				AmortizationOfIntangiblesIncomeStatement,"22,185,000","5,509,000","5,556,000","5,607,000","5,513,000","5,384,000","5,065,000","5,049,000","5,009,000","5,006,000","5,319,000","3,002,000","1,874,000","1,973,000","1,816,000","1,437,000","1,264,000","1,257,000","1,174,000","1,240,000","974,000","962,000","987,000","1,048,000","1,074,000","1,058,000","-684,000","1,267,000","1,894,000","1,891,000","2,027,000","2,238,000","2,226,000","1,875,000","1,328,000","626,000","1,975,000","2,213,000","1,557,000","1,416,000","1,351,000","1,372,000","1,021,000","989,000","921,000","921,000","919,000","1,177,000","767,000","122,000","148,000","123,000","120,000","222,000","257,000","223,000","226,000","240,000",,,,,,,,,,,,,,,,,,,,,,,,,,,,,,,,,,,,,,,,,,,,,,,,
	OtherOperatingExpenses,,,,,,,,,,,,,,,,,,,,,,,,,,,,,,,,,,,,,,,,,,,,,,,,,,,,,,,,,,,,,,,,,,"-50,000",,"3,000,000",,,,,,,,"1,175,000",,,"1,904,000",,"5,313,000",,"5,625,000","1,221,000","5,446,000","-1,500,000",,,,,,,,,,,,,"-300,000","3,000,000",,,,,,
OperatingIncome,"157,088,000","45,875,000","44,441,000","25,481,000","41,291,000","45,220,000","61,011,000","60,448,000","41,266,000","26,464,000","23,620,000","9,542,000","12,800,000","13,464,000","23,406,000","40,265,000","56,018,000","56,103,000","58,062,000","51,673,000","47,767,000","43,268,000","38,546,000","34,361,000","30,329,000","23,621,000","77,616,000","23,590,000","-16,209,000","21,857,000","3,702,000","10,408,000","11,756,000","16,913,000","22,323,000","18,342,000","12,634,000","7,719,000","7,538,000","12,941,000","11,170,000","3,198,000","1,131,000","13,793,000","17,318,000","24,357,000","23,961,000","22,296,000","13,094,000","8,113,000","1,957,000","-5,525,000","-13,097,000","-14,327,000","-4,797,000","6,020,000","7,333,000","8,055,000","4,016,000","8,051,000","16,428,000","20,732,000","16,669,000","18,360,000","19,262,000","13,259,000","7,848,000","2,699,000","6,521,000","4,612,000","-18,293,000","1,690,000","8,941,000","10,030,000","1,337,000","-4,730,000","-6,057,000","-9,376,000","-29,604,000","-2,568,000","-9,330,000","-11,423,000","-18,151,000","-12,884,000","-20,313,000","7,531,000","26,925,000","24,134,000","20,867,000","14,869,000","12,095,000","7,707,000","4,468,000","1,071,000","-5,757,000","-2,052,000","-2,560,000","1,336,000","7,755,000","5,689,000","5,000,000","1,641,000","873,000","109,000","4,404,000","2,825,000"
OtherIncomeExpense,"-8,237,000","-2,060,000","-1,527,000","-777,000","-3,873,000","-1,545,000","-11,447,000","-8,052,000","-7,377,000","-4,166,000","-6,261,000","1,209,000","13,750,000","-930,000","-2,955,000","-2,000","-485,000","26,000","559,000","153,000","-83,000","-3,208,000","81,000","-55,000","836,000","357,000","181,437,000","-14,797,000","-168,239,000","1,066,000","-755,000","-1,801,000","-219,000","-96,000","-1,955,000","-19,720,000","-24,536,000","-203,000","-2,465,000","-2,938,000","1,919,000","-2,164,000","-3,677,000","-3,378,000","92,000","663,000","-146,000","1,224,000","220,000","386,000","-882,000","271,000","-112,000","-66,374,000","-6,300,000","-93,000","603,000","231,000","-4,591,000","-249,000","1,347,000","-1,238,000","-316,000","-29,000","107,000","1,557,000","-294,000","-6,535,000","149,000","-1,200,000","-3,129,000","484,000","-195,000","984,000","612,000","-1,988,000","-792,000","-1,913,000","-8,345,000","-3,602,000","-1,474,000","-1,997,000","-9,968,000","-711,000","-6,130,000","1,687,000","-1,993,000","2,348,000","-1,599,000","251,000","-318,000","1,131,000","56,000","-39,000","-2,378,000","-1,157,000","198,000","149,000","158,000","-6,026,000","286,000","-387,000","-55,000","97,000","-66,000","-170,000"
	SpecialIncomeCharges,"-4,932,000","-1,218,000","-2,231,000","-1,272,000","-211,000","-1,038,000","-5,226,000","-1,494,000","-5,790,000","-656,000","-1,418,000","-152,000","-1,795,000","-1,673,000","-3,836,000","-403,000",,,,,,,"0","0","0","0","182,125,000","-13,930,000","-168,393,000","0","-929,000","-1,183,000","-244,000","0","-2,305,000","-19,884,000","-24,206,000","0","-4,290,000","-2,938,000","1,919,000","-2,164,000","-3,677,000","-3,378,000","92,000","663,000","-146,000","1,224,000","220,000","386,000","-882,000","271,000","-112,000","-66,374,000","-6,300,000","-93,000","603,000","231,000","-4,591,000","-249,000","1,347,000","-1,238,000","-316,000","-29,000","107,000","1,557,000","-294,000","-6,535,000","149,000","-1,200,000","-3,129,000","484,000","-195,000","984,000","612,000","-1,988,000","-792,000","-1,913,000","-8,345,000","-3,602,000","-1,474,000","-1,997,000","-9,968,000","-711,000","-6,130,000","1,687,000","-1,993,000","2,348,000","-1,599,000","251,000","-318,000","1,131,000","56,000","-39,000","-2,378,000","-1,157,000","198,000","149,000","158,000","-6,026,000","286,000","-387,000","-55,000","97,000","-66,000","-170,000"
		RestructuringAndMergernAcquisition,"4,932,000","1,218,000","2,231,000","1,272,000","211,000","1,038,000","5,226,000","1,494,000","5,790,000","656,000","1,418,000","152,000","1,795,000","1,673,000","3,836,000","403,000",,,,,,,"0","0","0","0","-182,125,000","13,930,000","168,393,000","0","929,000","1,183,000","244,000","0","2,305,000","19,884,000","24,206,000","0","2,039,000","3,003,000","-144,000","2,575,000","4,229,000","3,119,000",,,"0","0","0","0","6,000","235,000","739,000","3,396,000","1,898,000","522,000","393,000","674,000","-218,000","556,000","158,000","2,792,000","20,000","31,000","31,000","29,000","3,166,000","210,000","1,068,000","1,262,000","3,670,000","-165,000","187,000","220,000","1,018,000","1,011,000","768,000","1,509,000","5,840,000","3,220,000",,,"2,456,000",,"614,000",,"0","3,250,000","2,333,000",,,,,,"2,742,000","1,000,000",,,,,,,,,,
		ImpairmentOfCapitalAssets,,,,,,,,,,,,,,,,,,,,,,,,,,,,,,,,,,,,,,,,,,,,,,,"0","0","0","0","0","0","0","63,260,000",,,,,,,,,,,,,,,,,,,,,,,,,,,,,,,,,,,,,,,,,,,,,,,,,,,,
		OtherSpecialCharges,,,,,,,,,,,,,,,,,,,,,,,,,,,,,,,,,,,,,,,,"-65,000","-1,775,000","-411,000","-552,000","259,000",,,"146,000","-1,224,000","-220,000","-386,000","876,000","-506,000","-627,000","-282,000","4,402,000","-429,000","-996,000","-905,000","4,809,000","-307,000","-1,505,000","-1,554,000","296,000","-2,000","-138,000","-1,586,000","-2,872,000","6,325,000","-1,217,000","-62,000","-541,000","-319,000","8,000","-1,204,000","-1,630,000","977,000","24,000","404,000","2,505,000","382,000",,,"7,512,000",,"5,516,000",,"1,993,000","-5,598,000","-734,000",,,,,,"-364,000","157,000",,,,,,,,,,
	OtherNonOperatingIncomeExpenses,"-3,305,000","-842,000","704,000","495,000","-3,662,000","-507,000","-6,221,000","-6,558,000","-1,587,000","-3,510,000","-4,843,000","1,361,000","15,545,000","743,000","881,000","401,000","-485,000","26,000","559,000","153,000","-83,000","-3,208,000","81,000","-55,000","836,000","357,000","-688,000","-867,000","154,000","1,066,000","174,000","-618,000","25,000","-96,000","350,000","164,000","-330,000","-203,000","181,000",,,,,,,,,,,,,,,,,,,,,,,,,,,,,,,,,,,,,,,,,,,,,,,,,,,,,,,,,,,,,,,,,,,
PretaxIncome,"148,851,000","43,815,000","42,914,000","24,704,000","37,418,000","43,675,000","49,564,000","52,396,000","33,889,000","22,298,000","17,359,000","10,751,000","26,550,000","12,534,000","20,451,000","40,263,000","55,533,000","56,129,000","58,621,000","51,826,000","47,684,000","40,060,000","38,627,000","34,306,000","31,165,000","23,978,000","258,173,000","8,793,000","-184,448,000","22,923,000","2,717,000","8,607,000","11,537,000","16,817,000","20,048,000","-1,378,000","-11,902,000","7,516,000","5,680,000","10,003,000","13,089,000","1,034,000","-2,377,000","10,415,000","17,410,000","25,020,000","24,354,000","23,520,000","13,314,000","8,499,000","2,446,000","-5,254,000","-13,209,000","-80,701,000","-6,142,000","5,927,000","7,936,000","8,286,000","5,677,000","7,802,000","17,775,000","19,494,000","17,709,000","19,373,000","19,972,000","15,013,000","4,805,000","-2,307,000","4,734,000","1,263,000","-23,653,000","-139,000","6,337,000","8,655,000","-13,439,000","-8,002,000","-9,165,000","-13,635,000","-38,004,000","-8,585,000","-7,906,000","-13,420,000","-23,460,000","-12,186,000","-20,997,000","7,718,000","27,961,000","26,482,000","19,268,000","15,120,000","12,690,000","8,838,000","4,524,000","1,032,000","-8,331,000","-3,209,000","-2,362,000","1,485,000","7,827,000","2,663,000","5,286,000","1,254,000","1,105,000","206,000","4,338,000","2,655,000"
TaxProvision,"15,673,000","6,953,000","3,187,000","3,657,000","1,876,000","5,284,000","7,703,000","6,783,000","4,610,000","3,900,000","6,880,000","3,495,000","3,177,000","-2,853,000","1,229,000","5,106,000","9,133,000","9,759,000","87,628,000","-31,968,000","1,811,000","4,619,000","-1,809,000","5,268,000","3,911,000","3,758,000","-20,060,000","-7,639,000","48,012,000","1,647,000","-6,602,000","-3,695,000","891,000","2,102,000","-14,307,000","-2,065,000","-2,120,000","690,000","806,000","4,268,000","4,288,000","268,000","218,000","3,244,000","3,898,000","6,254,000","4,624,000","5,964,000","1,857,000","2,282,000","923,000","3,177,000","2,825,000","-938,000","12,835,000","558,000","2,073,000","2,320,000","1,510,000","1,947,000","6,108,000","6,823,000","-21,698,000","2,381,000","1,947,000","2,252,000","1,330,000","1,584,000","1,430,000","529,000","-648,000","997,000","1,867,000","1,731,000","801,000","19,436,000","-3,391,000","-5,045,000","-13,408,000","-3,005,000","-2,767,000","-4,697,000","-8,873,000","-4,704,000","-6,553,000","2,689,000","8,076,000","10,195,000","7,305,000","5,141,000","4,622,000","3,303,000","1,754,000","498,000","-1,497,000","-1,070,000","-897,000","564,000","2,037,000","2,146,000","1,996,000","489,000","419,000","83,000","1,676,000","982,000"
NetIncomeCommonStockholders,"132,846,000","36,778,000","39,655,000","21,004,000","35,409,000","38,668,000","41,841,000","45,627,000","29,144,000","18,063,000","10,264,000","7,621,000","31,686,000","15,370,000","19,406,000","34,779,000","46,361,000","46,479,000","-29,590,000","83,864,000","46,052,000","37,535,000","44,281,000","30,361,000","30,531,000","22,281,000","36,265,000","16,432,000","-232,460,000","21,276,000","9,319,000","12,302,000","10,646,000","14,715,000","34,355,000","687,000","-9,782,000","6,826,000","4,849,000","5,735,000","8,928,000","1,069,000","-2,770,000","6,592,000","13,586,000","18,906,000","31,408,000","19,948,000","13,619,000","6,217,000","1,523,000","-8,431,000","-16,034,000","-79,763,000","-18,977,000","5,369,000","5,863,000","5,966,000","4,167,000","5,855,000","11,667,000","12,671,000","40,407,000","16,992,000","18,163,000","12,761,000","10,025,000","-3,891,000","5,949,000","734,000","-23,005,000","-1,136,000","4,470,000","6,924,000","-2,439,000","-27,438,000","-5,774,000","-8,590,000","-21,957,000","-5,580,000","-5,139,000","-8,723,000","-14,442,000","-7,482,000","-14,549,000","5,094,000","27,389,000","16,289,000","12,030,000","9,996,000","7,999,000","5,535,000","2,770,000","534,000","-6,834,000","-2,139,000","-1,465,000","921,000","5,790,000","517,000","3,290,000","765,000","686,000","123,000","2,662,000","1,673,000"
	NetIncome,"132,846,000","36,778,000","39,655,000","21,004,000","35,409,000","38,668,000","41,841,000","45,627,000","29,144,000","18,063,000","10,264,000","7,621,000","31,686,000","15,370,000","19,406,000","34,779,000","46,361,000","46,479,000","-29,590,000","83,864,000","46,052,000","37,535,000","44,281,000","30,361,000","30,531,000","22,281,000","36,265,000","16,432,000","-232,460,000","21,276,000","9,319,000","12,302,000","10,646,000","14,715,000","34,355,000","687,000","-9,782,000","6,826,000","4,849,000","5,735,000","8,928,000","1,069,000","-2,770,000","6,592,000","13,586,000","18,906,000","31,408,000","19,948,000","13,619,000","6,217,000","1,523,000","-8,431,000","-16,034,000","-79,763,000","-18,977,000","5,369,000","5,863,000","5,966,000","4,167,000","5,855,000","11,667,000","12,671,000","40,407,000","16,992,000","18,163,000","12,761,000","10,025,000","-3,891,000","5,949,000","734,000","-23,005,000","-1,136,000","4,470,000","6,924,000","-2,439,000","-27,438,000","-5,774,000","-8,590,000","-21,957,000","-5,580,000","-5,139,000","-8,723,000","-14,442,000","-7,482,000","-14,549,000","5,094,000","27,389,000","16,289,000","12,030,000","9,996,000","7,999,000","5,535,000","2,770,000","534,000","-6,834,000","-2,139,000","-1,465,000","921,000","5,790,000","517,000","3,290,000","765,000","686,000","123,000","2,662,000","1,673,000"
		NetIncomeIncludingNoncontrollingInterests,"132,843,000","36,764,000","39,629,000","21,010,000","35,440,000","38,701,000","41,861,000","45,663,000","29,128,000","18,078,000","10,269,000","7,631,000","31,697,000","15,378,000","19,410,000","34,786,000","46,405,000","46,510,000","-29,590,000","83,864,000","46,052,000","37,535,000","44,281,000","30,361,000","30,531,000","22,281,000","36,265,000","16,432,000","-232,460,000","21,276,000","9,319,000","12,302,000","10,646,000","14,715,000","34,355,000","687,000","-9,782,000","6,826,000","4,849,000","5,735,000","8,928,000","1,069,000","-2,770,000","6,592,000","13,586,000","18,906,000","31,408,000","19,948,000","13,619,000","6,217,000","1,523,000","-8,431,000","-16,034,000","-79,763,000","-18,977,000","5,369,000","5,863,000","5,966,000","4,167,000","5,855,000","11,667,000","12,671,000","40,407,000","16,992,000","18,163,000","12,761,000","10,025,000","-3,891,000","5,949,000","734,000","-23,005,000","-1,136,000","4,470,000","6,924,000","-2,439,000","-27,438,000","-5,774,000","-8,590,000","-21,957,000","-5,580,000","-5,139,000","-8,723,000","-14,439,000","-7,670,000","-14,444,000","5,029,000","27,495,000","16,287,000","11,963,000","9,979,000","8,068,000","5,535,000","2,770,000","534,000","-6,834,000","-2,139,000","-1,465,000","921,000","5,790,000","517,000","3,290,000","765,000","686,000","123,000","2,662,000","1,673,000"
			NetIncomeContinuousOperations,"133,178,000","36,862,000","39,727,000","21,047,000","35,542,000","38,391,000","41,861,000","45,613,000","29,279,000","18,398,000","10,479,000","7,256,000","23,373,000","15,387,000","19,222,000","35,157,000","46,400,000","46,370,000","-29,007,000","83,794,000","45,873,000","35,441,000","40,436,000","29,038,000","27,254,000","20,220,000","278,233,000","16,432,000","-232,460,000","21,276,000","9,319,000","12,302,000","10,646,000","14,715,000","34,355,000","687,000","-9,782,000","6,826,000","4,874,000","5,735,000","8,801,000","766,000","-2,595,000","7,171,000","13,512,000","18,766,000","19,730,000","17,556,000","11,457,000","6,217,000","1,523,000","-8,431,000","-16,034,000","-79,763,000","-18,977,000","5,369,000","5,863,000","5,966,000","4,167,000","5,855,000","11,667,000","12,671,000","39,407,000","16,992,000","18,025,000","12,761,000","3,475,000","-3,891,000","3,304,000","734,000","-23,005,000","-1,136,000","4,470,000","6,924,000","-2,439,000","-27,438,000","-5,774,000","-8,590,000","-24,596,000","-5,580,000","-5,139,000","-8,723,000","-14,442,000","-7,482,000","-14,549,000","5,094,000","19,779,000","16,289,000","12,030,000","9,996,000","7,999,000","5,535,000","2,770,000","534,000","-6,834,000","-2,139,000","-1,465,000","921,000","5,790,000","517,000","3,290,000","765,000","686,000","123,000","2,662,000","1,673,000"
			NetIncomeDiscontinuousOperations,"-335,000","-98,000","-98,000","-37,000","-102,000","310,000","0","50,000","-151,000","-320,000","-210,000","375,000","8,324,000","-9,000","188,000","-371,000","5,000","140,000","-583,000","70,000","179,000","2,094,000","3,845,000","1,323,000","3,277,000","2,061,000","24,775,000",,,,,,,,"0","0","0","0","-25,000","0","127,000","303,000","-175,000","-579,000","74,000","140,000","11,678,000","2,392,000","2,162,000",,,,,,,,,,,,,,"1,000,000",,"138,000",,"6,550,000",,"2,645,000",,,,,,,,,,,,,,,,,,,,,,,,,,,,,,,,,,,,,
		MinorityInterests,"3,000","14,000","26,000","-6,000","-31,000","-33,000","-20,000","-36,000","16,000","-15,000","-5,000","-10,000","-11,000","-8,000","-4,000","-7,000","-44,000","-31,000",,,,,,,,,,,,,,,,,,,,,,,,,,,,,,,,,,,,,,,,,,,,,,,,,,,,,,,,,,,,,,,,,"-3,000","188,000","-105,000","65,000","-106,000","2,000","67,000","17,000",,,,,,,,,,,,,,,,
DilutedNIAvailtoComStockholders,"132,846,000","36,778,000","39,655,000","21,004,000","35,409,000","38,668,000","41,841,000","45,627,000","29,144,000","18,063,000","10,264,000","7,621,000","31,686,000","15,370,000","19,406,000","34,779,000","46,361,000","46,479,000","-29,590,000","83,864,000","46,052,000","37,535,000","44,281,000","30,361,000","30,531,000","22,281,000","36,265,000","16,432,000","-232,460,000","21,276,000","9,319,000","12,302,000","10,646,000","14,715,000","34,355,000","687,000","-9,782,000","6,826,000","4,849,000","5,735,000","8,928,000","1,069,000","-2,770,000","6,592,000","13,586,000","18,906,000","31,408,000","19,948,000","13,619,000","6,217,000","1,523,000","-8,431,000","-16,034,000","-79,763,000","-18,977,000","5,369,000","5,863,000","5,966,000","4,167,000","5,855,000","11,667,000","12,671,000","40,407,000","16,992,000","18,163,000","12,761,000","10,025,000","-3,891,000","5,949,000","734,000","-23,005,000","-1,136,000","4,470,000","6,924,000","-2,439,000","-27,438,000","-5,774,000","-8,590,000","-21,957,000","-5,580,000","-5,139,000","-8,723,000","-14,442,000","-7,482,000","-14,549,000","5,094,000","27,389,000","16,289,000","12,030,000","9,996,000","7,999,000","5,535,000","2,770,000","534,000","-6,834,000","-2,139,000","-1,465,000","921,000","5,790,000","517,000","3,290,000","765,000","686,000","123,000","2,662,000","1,673,000"
BasicEPS,,"0.98","1.05","0.55","0.92","1.01","1.09","1.19","0.76","0.47","0.27","0.2","0.83","0.4","0.51","0.89","1.18","1.17","-0.75","2.11","1.16","0.94","1.12","0.77","0.77","0.56","0.9","0.4","-5.68","0.52","0.23","0.31","0.26","0.36","0.85","0.02","-0.25","0.18","0.13","0.15","0.23","0.03",,"0.15","0.31","0.44",,"0.46","0.27","0.15",,"-0.2","-0.38","-1.9",,"0.13","0.14","0.13",,"0.13","0.26","0.28",,"0.38","0.41","0.29",,"-0.1","0.18","0.02",,"-0.03","0.14","0.21",,"-0.85","-0.18","-0.27",,"-0.17","-0.16","-0.27",,"-0.24","-0.46","0.16",,"0.52","0.41","0.35",,"0.2","0.1","0.02",,"-0.09","-0.06","0.04",,"0.02","0.15","0.04",,"0.01","0.12","0.08"
DilutedEPS,,"0.97","1.05","0.55","0.92","1","1.09","1.19","0.76","0.47","0.27","0.2","0.82","0.4","0.5","0.89","1.17","1.16","-0.75","2.09","1.14","0.93","1.11","0.76","0.76","0.56","0.89","0.4","-5.68","0.52","0.23","0.3","0.26","0.35","0.83","0.02","-0.25","0.17","0.13","0.15","0.23","0.03",,"0.15","0.31","0.43",,"0.45","0.26","0.15",,"-0.2","-0.38","-1.9",,"0.13","0.14","0.13",,"0.13","0.25","0.28",,"0.38","0.4","0.28",,"-0.1","0.18","0.02",,"-0.03","0.13","0.21",,"-0.85","-0.18","-0.27",,"-0.17","-0.16","-0.27",,"-0.24","-0.46","0.16",,"0.5","0.4","0.34",,"0.2","0.1","0.02",,"-0.09","-0.06","0.04",,"0.02","0.15","0.04",,"0.01","0.12","0.08"
BasicAverageShares,,"37,549,000","37,672,000","38,183,000","38,389,000","38,328,000","38,280,000","38,325,000","38,294,000","38,358,000","38,341,000","38,313,000","38,274,000","38,198,000","38,386,000","38,970,000","39,349,000","39,619,000","39,642,000","39,786,000","39,849,000","39,738,000","39,699,000","39,681,000","39,672,000","39,814,000","40,270,000","41,027,000","40,946,000","40,740,000","40,329,000","39,998,000","40,540,000","40,814,000","40,284,000","39,878,000","39,453,000","38,775,000","37,955,000","37,807,000","38,974,000","40,781,000",,"43,535,000","43,571,000","43,440,000",,"43,254,000","42,806,000","41,446,667",,"42,004,000","41,948,000","41,881,000",,"41,787,000","41,869,000","44,662,000",,"45,248,000","45,161,000","44,941,000",,"44,762,000","44,704,000","44,571,000",,"38,366,000","32,797,000","32,755,000",,"32,674,000","32,644,000","32,581,000",,"32,286,000","32,206,000","32,159,000",,"32,073,000","32,045,000","31,874,000",,"31,784,000","31,698,000","31,547,000",,"31,339,000","29,214,000","28,374,000",,"27,048,000","26,940,000","26,834,000",,"22,588,000","22,539,000","22,501,000",,"22,402,000","21,991,000","21,821,000",,"21,622,000","21,653,000","21,794,000"
DilutedAverageShares,,"37,770,000","37,866,000","38,363,000","38,586,000","38,583,000","38,533,000","38,528,000","38,458,000","38,570,000","38,554,000","38,489,000","38,462,000","38,426,000","38,595,000","39,195,000","39,603,000","39,995,000","40,051,000","40,172,000","40,250,000","40,179,000","40,029,000","39,967,000","39,969,000","40,100,000","40,601,000","41,319,000","40,946,000","41,129,000","40,757,000","40,470,000","41,147,000","41,870,000","41,332,000","40,577,000","40,150,000","39,598,000","38,484,000","38,330,000","39,583,000","41,292,000",,"43,819,000","44,187,000","44,133,000",,"43,849,000","43,327,000","41,446,667",,"42,004,000","41,948,000","41,881,000",,"42,201,000","42,290,000","45,065,000",,"45,761,000","45,992,000","45,636,000",,"45,166,000","45,108,000","45,004,000",,"38,366,000","33,094,000","32,878,000",,"33,435,000","33,187,000","33,593,000",,"32,286,000","32,206,000","32,159,000",,"32,073,000","32,045,000","31,874,000",,"31,784,000","31,698,000","32,187,000",,"32,417,000","30,443,000","29,725,000",,"28,318,000","28,169,000","28,027,000",,"22,588,000","23,137,000","23,124,000",,"22,402,000","21,991,000","21,821,000",,"21,622,000","21,653,000","21,794,000"
TotalOperatingIncomeAsReported,"152,156,000","44,657,000","42,210,000","24,209,000","41,080,000","44,182,000","55,785,000","58,954,000","35,476,000","25,808,000","22,202,000","9,390,000","11,005,000","11,791,000","19,570,000","39,862,000","56,018,000","56,103,000","58,062,000","51,673,000","47,767,000","43,268,000","38,546,000","34,361,000","30,329,000","23,621,000","259,741,000","9,660,000","-184,602,000","21,857,000","2,773,000","9,225,000","11,512,000","16,913,000","20,018,000","-1,542,000","-11,572,000","7,719,000","5,499,000","9,938,000","11,314,000","623,000","-3,098,000","10,674,000","17,318,000","24,357,000","23,961,000","22,296,000","13,094,000","8,113,000","1,951,000","-5,760,000","-13,836,000","-80,983,000","-6,695,000","5,498,000","6,940,000","7,381,000","4,234,000","7,495,000","16,270,000","17,940,000","16,649,000","18,329,000","19,231,000","13,180,000","4,682,000","2,489,000","5,453,000","3,350,000","-21,963,000","1,855,000","8,754,000","9,810,000","319,000","-5,741,000","-6,825,000","-10,885,000","-35,444,000","-5,788,000","-9,330,000","-11,423,000","-21,828,000","-11,663,000","-20,927,000","7,531,000","26,925,000","20,884,000","18,534,000","14,869,000","12,095,000","7,707,000","4,468,000","1,071,000","-8,499,000","-3,052,000","-2,560,000","1,336,000","7,755,000","2,609,000","5,000,000","1,641,000","873,000","109,000","4,404,000","2,825,000"
TotalExpenses,"1,344,705,000","351,584,000","352,489,000","320,612,000","320,020,000","306,400,000","309,958,000","329,073,000","298,614,000","288,992,000","314,648,000","165,585,000","122,010,000","127,279,000","130,755,000","132,817,000","140,014,000","139,514,000","121,152,000","124,902,000","118,105,000","106,083,000","96,797,000","92,191,000","88,436,000","79,423,000","-71,514,000","107,210,000","153,000,000","119,261,000","149,016,000","132,739,000","134,529,000","124,035,000","130,257,000","124,557,000","127,077,000","104,095,000","105,433,000","104,574,000","104,488,000","102,589,000","111,364,000","114,705,000","120,836,000","113,295,000","124,693,000","118,670,000","87,013,000","73,439,000","64,482,000","57,287,000","48,664,000","46,954,000","72,322,000","78,490,000","80,663,000","80,832,000","79,820,000","82,440,000","86,621,000","86,591,000","87,864,000","89,328,000","85,309,000","80,691,000","62,133,000","79,276,000","80,865,000","81,528,000","106,692,000","91,860,000","99,928,000","94,457,000","73,394,000","73,297,000","69,003,000","65,534,000","87,048,000","73,242,000","77,223,000","54,310,000","52,144,000","51,606,000","66,484,000","67,183,000","75,811,000","72,183,000","59,719,000","52,302,000","46,478,000","43,435,000","37,047,000","31,657,000","45,700,000","23,979,000","28,718,000","35,334,000","38,240,000","36,882,000","27,690,000","19,026,000","19,343,000","21,530,000","25,427,000","24,341,000"
NetIncomeFromContinuingAndDiscontinuedOperation,"132,846,000","36,778,000","39,655,000","21,004,000","35,409,000","38,668,000","41,841,000","45,627,000","29,144,000","18,063,000","10,264,000","7,621,000","31,686,000","15,370,000","19,406,000","34,779,000","46,361,000","46,479,000","-29,590,000","83,864,000","46,052,000","37,535,000","44,281,000","30,361,000","30,531,000","22,281,000","36,265,000","16,432,000","-232,460,000","21,276,000","9,319,000","12,302,000","10,646,000","14,715,000","34,355,000","687,000","-9,782,000","6,826,000","4,849,000","5,735,000","8,928,000","1,069,000","-2,770,000","6,592,000","13,586,000","18,906,000","31,408,000","19,948,000","13,619,000","6,217,000","1,523,000","-8,431,000","-16,034,000","-79,763,000","-18,977,000","5,369,000","5,863,000","5,966,000","4,167,000","5,855,000","11,667,000","12,671,000","40,407,000","16,992,000","18,163,000","12,761,000","10,025,000","-3,891,000","5,949,000","734,000","-23,005,000","-1,136,000","4,470,000","6,924,000","-2,439,000","-27,438,000","-5,774,000","-8,590,000","-24,596,000","-5,580,000","-5,139,000","-8,723,000","-14,442,000","-7,482,000","-14,549,000","5,094,000","19,779,000","16,289,000","12,030,000","9,996,000","7,999,000","5,535,000","2,770,000","534,000","-6,834,000","-2,139,000","-1,465,000","921,000","5,790,000","517,000","3,290,000","765,000","686,000","123,000","2,662,000","1,673,000"
NormalizedIncome,"137,593,693.875","37,900,338","41,818,315.212","22,124,744","35,711,450","39,270,402","46,254,800.056","46,878,274","34,297,560","18,924,200","11,329,995.276","7,348,600","24,941,600","16,600,290","22,823,476.114","35,501,893.078","46,356,000","46,339,000","-29,007,000","83,794,000","45,873,000","35,441,000","40,436,000","29,038,000","27,254,000","20,220,000","168,958,000","24,790,000","-107,849,180","21,276,000","9,922,850","13,070,950","10,871,212","14,715,000","35,853,250","13,611,600","10,115,332","6,826,000","8,555,242.958","7,644,700","7,510,670.792","2,369,117.988","-204,950","9,496,841.383","13,440,598.277","18,268,723.501","19,848,279.543","16,642,371.429","11,267,684.993","5,934,641.84","2,072,176.615","-8,607,150","-15,961,200","-14,160,475.099","-14,882,000","5,453,244.474","5,417,512.475","5,799,677.77","7,536,860.314","6,041,861.702","10,782,867.848","13,475,693.649","39,596,600","17,017,435.813","17,928,431.053","11,437,555.186","3,687,622.268","30,000","3,200,008.45","1,454,000","-19,961,722.403","-1,426,400","4,607,549.314","6,136,800","-2,806,200","-26,245,200","-5,275,035.679","-7,384,817.015","-19,195,157.457","-3,238,804.892","-4,180,881.356","-7,424,950","-8,244,079.454","-7,045,457.903","-10,332,125.208","3,994,761.467","21,196,360.073","14,844,929.462","13,022,777.507","9,830,343.32","8,201,176.832","4,826,685.336","2,735,711.76","557,400","-4,883,303.565","-1,367,786.849","-1,587,806.943","828,589.899","5,673,119.969","4,132,600","3,111,993.946","1,001,088.517","720,144.796","64,800","2,702,500.692","1,780,122.411"
EBIT,"157,088,000","45,875,000","44,441,000","25,481,000","41,291,000","45,220,000","61,011,000","60,448,000","41,266,000","26,464,000","23,620,000","9,542,000","12,800,000","13,464,000","23,406,000","40,265,000","56,018,000","56,103,000","58,062,000","51,673,000","47,767,000","43,268,000","38,546,000","34,361,000","30,329,000","23,621,000","77,084,000","23,590,000","-16,209,000","21,857,000","831,000","10,408,000","11,756,000","16,913,000","-24,091,000","18,342,000","12,634,000","7,719,000","7,538,000","12,941,000","11,170,000","3,198,000","1,131,000","13,793,000","17,318,000","24,357,000","23,961,000","22,296,000","13,094,000","8,113,000","1,957,000","-5,525,000","-13,097,000","-14,327,000","-4,797,000","6,020,000","7,333,000","8,055,000","4,016,000","8,051,000","16,428,000","20,732,000","16,669,000","18,360,000","19,262,000","13,259,000","7,848,000","2,699,000","6,521,000","4,612,000","-18,293,000","1,690,000","8,941,000","10,030,000","1,337,000","-4,730,000","-6,057,000","-9,376,000","-29,604,000","-2,568,000","-9,330,000","-11,423,000","-18,151,000","-12,884,000","-20,313,000","7,531,000","26,925,000","24,134,000","20,867,000","14,869,000","12,095,000","7,707,000","4,468,000","1,071,000","-5,757,000","-2,052,000","-2,560,000","1,336,000","7,755,000","5,689,000","5,000,000","1,641,000","873,000","109,000","4,404,000","2,825,000"
EBITDA,"211,148,000"
ReconciledCostOfRevenue,"930,783,000","244,764,000","249,071,000","218,180,000","218,768,000","206,780,000","218,148,000","228,548,000","203,005,000","196,615,000","220,446,000","97,733,000","68,343,000","72,795,000","76,685,000","85,409,000","93,005,000","90,368,000","79,581,000","83,008,000","77,473,000","69,495,000","62,937,000","59,584,000","55,791,000","48,599,000","-57,709,000","76,713,000","93,657,000","78,421,000","108,660,000","92,055,000","90,510,000","85,291,000","90,697,000","83,419,000","83,121,000","66,902,000","71,305,000","68,713,000","68,875,000","63,202,000","70,669,000","76,887,000","80,148,000","73,265,000","81,740,000","78,516,000","53,449,000","46,723,000","39,514,000","33,832,000","26,055,000","24,226,000","47,645,000","46,779,000","50,171,000","49,769,000","51,017,000","53,765,000","58,094,000","59,014,000","59,639,000","60,674,000","59,811,000","55,400,000","44,363,000","51,635,000","55,338,000","57,065,000","73,836,000","63,810,000","71,907,000","66,073,000","48,100,000","45,474,000","42,673,000","38,208,000","52,970,000","44,074,000","43,581,000","29,513,000","25,380,000","28,907,000","38,390,000","43,491,000","52,138,000","49,492,000","41,247,000","34,997,000","30,651,000","28,598,000","23,222,000","19,630,000","28,333,000","14,994,000","19,115,000","25,543,000","28,703,000","25,538,000","20,139,000","13,158,000","12,752,000","15,047,000","17,204,000","17,035,000"
ReconciledDepreciation,"54,060,000","13,888,000","13,668,000","13,481,000","13,023,000","12,721,000","12,337,000","12,237,000","11,580,000","11,616,000","10,846,000","6,905,000","4,215,000","4,181,000","4,104,000","3,571,000","3,056,000","2,861,000","2,632,000","2,573,000","2,232,000","1,987,000","1,875,000","1,893,000","2,002,000","2,043,000","-3,079,000","2,317,000","4,750,000","4,844,000","5,206,000","5,387,000","5,455,000","4,871,000","4,384,000","3,895,000","5,306,000","5,286,000","4,677,000","4,491,000","4,405,000","4,213,000","3,959,000","3,753,000","3,550,000","3,263,000","3,090,000","2,937,000","2,866,000","1,843,000","2,606,000","2,472,000","1,701,000","2,235,000","1,740,000","2,693,000","2,775,000","3,510,000","3,030,000","3,137,000","2,921,000","3,130,000","4,491,000","3,882,000","3,955,000","4,123,000","4,382,000","4,581,000","4,506,000","4,908,000","6,206,000","4,423,000","5,334,000","5,156,000","3,012,000","5,641,000","6,586,000","6,590,000","7,967,000","5,949,000","5,015,000","4,358,000","4,590,000","4,039,000","4,423,000","4,236,000","3,337,000","3,361,000","2,608,000","2,277,000","2,253,000","1,914,000","1,933,000","1,664,000","2,508,000","1,394,000","1,414,000","1,262,000","1,201,000","860,000","887,000","810,000","707,000","780,000","713,000","457,000"
NetIncomeFromContinuingOperationNetMinorityInterest,"133,181,000","36,876,000","39,753,000","21,041,000","35,511,000","38,358,000","41,841,000","45,577,000","29,295,000","18,383,000","10,474,000","7,246,000","23,362,000","15,379,000","19,218,000","35,150,000","46,356,000","46,339,000","-29,007,000","83,794,000","45,873,000","35,441,000","40,436,000","29,038,000","27,254,000","20,220,000","278,233,000","16,432,000","-232,460,000","21,276,000","9,319,000","12,302,000","10,646,000","14,715,000","34,355,000","687,000","-9,782,000","6,826,000","4,874,000","5,735,000","8,801,000","766,000","-2,595,000","7,171,000","13,512,000","18,766,000","19,730,000","17,556,000","11,457,000","6,217,000","1,523,000","-8,431,000","-16,034,000","-79,763,000","-18,977,000","5,369,000","5,863,000","5,966,000","4,167,000","5,855,000","11,667,000","12,671,000","39,407,000","16,992,000","18,025,000","12,761,000","3,475,000","-3,891,000","3,304,000","734,000","-23,005,000","-1,136,000","4,470,000","6,924,000","-2,439,000","-27,438,000","-5,774,000","-8,590,000","-24,596,000","-5,580,000","-5,139,000","-8,723,000","-14,442,000","-7,482,000","-14,549,000","5,094,000","19,779,000","16,289,000","12,030,000","9,996,000","7,999,000","5,535,000","2,770,000","534,000","-6,834,000","-2,139,000","-1,465,000","921,000","5,790,000","517,000","3,290,000","765,000","686,000","123,000","2,662,000","1,673,000"
TotalUnusualItemsExcludingGoodwill,"-4,932,000","-1,218,000","-2,231,000","-1,272,000","-211,000","-1,038,000","-5,226,000","-1,494,000","-5,790,000","-656,000","-1,418,000","-152,000","-1,795,000","-1,673,000","-3,836,000","-403,000",,,,,,,"0","0","0","0","182,125,000","-13,930,000","-168,393,000","0","-929,000","-1,183,000","-244,000","0","-2,305,000","-19,884,000","-24,206,000","0","-4,290,000","-2,938,000","1,919,000","-2,164,000","-3,677,000","-3,378,000","92,000","663,000","-146,000","1,224,000","220,000","386,000","-882,000","271,000","-112,000","-66,374,000","-6,300,000","-93,000","603,000","231,000","-4,591,000","-249,000","1,347,000","-1,238,000","-316,000","-29,000","107,000","1,557,000","-294,000","-6,535,000","149,000","-1,200,000","-3,129,000","484,000","-195,000","984,000","612,000","-1,988,000","-792,000","-1,913,000","-8,345,000","-3,602,000","-1,474,000","-1,997,000","-9,968,000","-711,000","-6,130,000","1,687,000","-1,993,000","2,348,000","-1,599,000","251,000","-318,000","1,131,000","56,000","-39,000","-2,378,000","-1,157,000","198,000","149,000","158,000","-6,026,000","286,000","-387,000","-55,000","97,000","-66,000","-170,000"
TotalUnusualItems,"-4,932,000","-1,218,000","-2,231,000","-1,272,000","-211,000","-1,038,000","-5,226,000","-1,494,000","-5,790,000","-656,000","-1,418,000","-152,000","-1,795,000","-1,673,000","-3,836,000","-403,000",,,,,,,"0","0","0","0","182,125,000","-13,930,000","-168,393,000","0","-929,000","-1,183,000","-244,000","0","-2,305,000","-19,884,000","-24,206,000","0","-4,290,000","-2,938,000","1,919,000","-2,164,000","-3,677,000","-3,378,000","92,000","663,000","-146,000","1,224,000","220,000","386,000","-882,000","271,000","-112,000","-66,374,000","-6,300,000","-93,000","603,000","231,000","-4,591,000","-249,000","1,347,000","-1,238,000","-316,000","-29,000","107,000","1,557,000","-294,000","-6,535,000","149,000","-1,200,000","-3,129,000","484,000","-195,000","984,000","612,000","-1,988,000","-792,000","-1,913,000","-8,345,000","-3,602,000","-1,474,000","-1,997,000","-9,968,000","-711,000","-6,130,000","1,687,000","-1,993,000","2,348,000","-1,599,000","251,000","-318,000","1,131,000","56,000","-39,000","-2,378,000","-1,157,000","198,000","149,000","158,000","-6,026,000","286,000","-387,000","-55,000","97,000","-66,000","-170,000"
NormalizedEBITDA,"216,080,000","60,981,000","60,340,000","40,234,000","54,525,000","58,979,000","78,574,000","74,179,000","58,636,000","38,736,000","35,884,000","16,599,000","18,810,000","19,318,000","31,346,000","44,239,000","59,074,000","58,964,000","60,694,000","54,246,000","49,999,000","45,255,000","40,421,000","36,254,000","32,331,000","25,664,000","-105,725,000","39,837,000","156,934,000","26,701,000","6,966,000","16,978,000","17,455,000","21,784,000","-17,402,000","42,121,000","42,146,000","13,005,000","16,505,000","20,370,000","13,656,000","9,575,000","8,767,000","20,924,000","20,776,000","26,957,000","27,197,000","24,009,000","15,740,000","9,570,000","5,445,000","-3,324,000","-11,284,000","54,282,000","3,243,000","8,806,000","9,505,000","11,334,000","11,637,000","11,437,000","18,002,000","25,100,000","21,476,000","22,271,000","23,110,000","15,825,000","12,524,000","13,815,000","10,878,000","10,720,000","-8,958,000","5,629,000","14,470,000","14,202,000","3,737,000","2,899,000","1,321,000","-873,000","-13,292,000","6,983,000","-2,841,000","-5,068,000","-3,593,000","-8,134,000","-9,760,000","10,080,000","32,255,000","25,147,000","25,074,000","16,895,000","14,666,000","8,490,000","6,345,000","2,774,000","-871,000","499,000","-1,344,000","2,449,000","8,798,000","12,575,000","5,601,000","2,838,000","1,635,000","792,000","5,183,000","3,452,000"
TaxRateForCalcs,"0.105","0.159","0.074","0.148","0.05","0.121","0.155","0.129","0.136","0.175","0.396","0.325","0.12","0.27","0.06","0.127","0.164","0.174","0.4","0.4","0.038","0.115","0.4","0.154","0.125","0.157","0.4","0.4","0.26","0.072","0.35","0.35","0.077","0.125","0.35","0.35","0.178","0.092","0.142","0.35","0.328","0.259","0.35","0.311","0.224","0.25","0.19","0.254","0.139","0.269","0.377","0.35","0.35","0.012","0.35","0.094","0.261","0.28","0.266","0.25","0.344","0.35","0.4","0.123","0.097","0.15","0.277","0.4","0.302","0.4","0.027","0.4","0.295","0.2","0.4","0.4","0.37","0.37","0.353","0.35","0.35","0.35","0.378","0.386","0.312","0.348","0.289","0.385","0.379","0.34","0.364","0.374","0.388","0.4","0.18","0.333","0.38","0.38","0.26","0.4","0.378","0.39","0.379","0.4","0.386","0.37"
TaxEffectOfUnusualItems,"-519,306.125","-193,662","-165,684.788","-188,256","-10,550","-125,598","-812,199.944","-192,726","-787,440","-114,800","-562,004.724","-49,400","-215,400","-451,710","-230,523.886","-51,106.922","0","0","0","0","0","0","0","0","0","0","72,850,000","-5,572,000","-43,782,180","0","-325,150","-414,050","-18,788","0","-806,750","-6,959,400","-4,308,668","0","-608,757.042","-1,028,300","628,670.792","-560,882.012","-1,286,950","-1,052,158.617","20,598.277","165,723.501","-27,720.457","310,371.429","30,684.993","103,641.84","-332,823.385","94,850","-39,200","-771,475.099","-2,205,000","-8,755.526","157,512.475","64,677.77","-1,221,139.686","-62,138.298","462,867.848","-433,306.351","-126,400","-3,564.187","10,431.053","233,555.186","-81,377.732","-2,614,000","45,008.45","-480,000","-85,722.403","193,600","-57,450.686","196,800","244,800","-795,200","-293,035.679","-707,817.015","-2,944,157.457","-1,260,804.892","-515,881.356","-698,950","-3,770,079.454","-274,457.903","-1,913,125.208","587,761.467","-575,639.927","903,929.462","-606,222.493","85,343.32","-115,823.168","422,685.336","21,711.76","-15,600","-427,303.565","-385,786.849","75,193.057","56,589.899","41,119.969","-2,410,400","107,993.946","-150,911.483","-20,855.204","38,800","-25,499.308","-62,877.589"