name,ttm,03/31/2022,12/31/2021,09/30/2021,06/30/2021,03/31/2021,12/31/2020,09/30/2020,06/30/2020,03/31/2020,12/31/2019,09/30/2019,06/30/2019,03/31/2019,12/31/2018,09/30/2018,06/30/2018,03/31/2018,12/31/2017,09/30/2017,06/30/2017,03/31/2017,12/31/2016,09/30/2016,06/30/2016,03/31/2016,12/31/2015,09/30/2015,06/30/2015,03/31/2015,12/31/2014,09/30/2014,06/30/2014,03/31/2014,12/31/2013,09/30/2013,06/30/2013,03/31/2013,12/31/2012,09/30/2012,06/30/2012,03/31/2012,12/31/2011,09/30/2011,06/30/2011,03/31/2011,12/31/2010,09/30/2010,06/30/2010,03/31/2010,12/31/2009,09/30/2009,06/30/2009,03/31/2009,12/31/2008,09/30/2008,06/30/2008,03/31/2008,12/31/2007,09/30/2007,06/30/2007,03/31/2007,12/31/2006,09/30/2006,06/30/2006,03/31/2006,12/31/2005,09/30/2005,06/30/2005,03/31/2005,12/31/2004,09/30/2004,06/30/2004,03/31/2004,12/31/2003,09/30/2003,06/30/2003,03/31/2003,12/31/2002,09/30/2002,06/30/2002,03/31/2002,12/31/2001,09/30/2001,06/30/2001,03/31/2001,12/31/2000,09/30/2000,06/30/2000,03/31/2000,12/31/1999,09/30/1999,06/30/1999,03/31/1999,12/31/1998,09/30/1998,06/30/1998,03/31/1998,12/31/1997,09/30/1997,06/30/1997,03/31/1997,12/31/1996,09/30/1996,06/30/1996,03/31/1996,12/31/1995,09/30/1995,06/30/1995,03/31/1995,12/31/1994,09/30/1994,06/30/1994,03/31/1994,12/31/1993,09/30/1993,06/30/1993,03/31/1993,12/31/1992,09/30/1992,06/30/1992,03/31/1992,12/31/1991,09/30/1991,06/30/1991,03/31/1991,12/31/1990,09/30/1990,06/30/1990,03/31/1990,12/31/1989,09/30/1989,06/30/1989,03/31/1989,12/31/1988,09/30/1988,06/30/1988,03/31/1988,12/31/1987,09/30/1987,06/30/1987,03/31/1987,12/31/1986,09/30/1986,06/30/1986,03/31/1986,12/31/1985,09/30/1985
TotalRevenue,"162,636,000","46,558,000","39,460,000","37,892,000","38,725,000","36,336,000","36,675,000","34,360,000","29,807,000","39,658,000","41,987,000","40,722,000","38,389,000","36,618,000","36,014,000","34,203,000","34,007,000","32,055,000","31,310,000","30,129,000","33,865,000","30,602,000","33,448,000","32,676,000","30,953,000","31,924,000","31,307,000","29,644,000","27,491,000","28,708,000","24,742,000","26,318,000","23,746,000","24,175,000","26,007,000","26,579,000","24,500,000","63,037,000","67,211,000","54,246,000","51,646,000","52,031,000","51,582,000","53,588,000","151,643,000","143,777,000","216,998,000","183,812,000","132,443,000","135,831,000","218,999,000","155,995,000","130,190,000","155,455,000","224,076,000","171,438,000","184,500,000","196,316,000","250,050,000","196,231,000","128,363,000","-884,218,000","584,961,000","385,476,000","388,351,000","394,682,000","532,219,000","405,605,000","409,954,000","356,159,000","545,684,000","364,410,000","386,672,000","371,577,000","459,363,000","292,683,000","279,593,000","-370,646,000","567,662,000","478,857,000","495,758,000","505,373,000","633,709,000","589,117,000","595,394,000","732,640,000","778,782,000","714,846,000","675,085,000","675,048,000","668,342,000","631,322,000","575,973,000","559,270,000","595,985,000","559,501,000","544,327,000","433,569,000","424,148,000","431,284,000","396,264,000","391,485,000","384,385,000","357,683,000","375,156,000","381,704,000","263,940,000","234,913,000","224,724,000","241,464,000","212,433,000","194,423,000","183,832,000","159,200,000","149,800,000","137,300,000","134,500,000","118,100,000","109,700,000","99,900,000","102,300,000","93,200,000","93,400,000","88,600,000","87,200,000","91,100,000","85,700,000","84,400,000","83,900,000","88,500,000","80,900,000","74,100,000","76,400,000","76,700,000","79,500,000","73,300,000","72,900,000","73,400,000","63,100,000","60,500,000","57,700,000","50,100,000","54,300,000","54,600,000","53,100,000","52,100,000","52,000,000","48,800,000"
	OperatingRevenue,"162,636,000","46,558,000","39,460,000","37,892,000","38,725,000","36,336,000","36,675,000","34,360,000","29,807,000","39,658,000","41,987,000","40,722,000","38,389,000","36,618,000","36,014,000","34,203,000","34,007,000","32,055,000","31,310,000","30,129,000","33,865,000","30,602,000","33,448,000","32,676,000","30,953,000","31,924,000","31,307,000","29,644,000","27,491,000","28,708,000","24,742,000","26,318,000","23,746,000","24,175,000","26,007,000","26,579,000","24,500,000","63,037,000","67,211,000","54,246,000","51,646,000","52,031,000","51,582,000","53,588,000","151,643,000","143,777,000","216,998,000","183,812,000","132,443,000","135,831,000","218,999,000","155,995,000","130,190,000","155,455,000","224,076,000","171,438,000","184,500,000","196,316,000","250,050,000","196,231,000","128,363,000","-884,218,000","584,961,000","385,476,000","388,351,000","394,682,000","532,219,000","405,605,000","409,954,000","356,159,000","515,684,000","364,410,000","386,672,000","371,577,000","459,363,000","292,683,000","279,593,000","-370,646,000","567,662,000","478,857,000","495,758,000","505,373,000","633,709,000","589,117,000","595,394,000","732,640,000","778,782,000","714,846,000","675,085,000","675,048,000","668,342,000","631,322,000","575,973,000","559,270,000","595,985,000","559,501,000","544,327,000","433,569,000","424,148,000","431,284,000","396,264,000","391,485,000","384,385,000","357,683,000","375,156,000","381,704,000","263,940,000","234,913,000","224,724,000","241,464,000","212,433,000","194,423,000","183,832,000","159,200,000","149,800,000","137,300,000","134,500,000","118,100,000","109,700,000","99,900,000","102,300,000","93,200,000","93,400,000","88,600,000","87,200,000","91,100,000","85,700,000","84,400,000","83,900,000","88,500,000","80,900,000","74,100,000","76,400,000","76,700,000","79,500,000","73,300,000","72,900,000","73,400,000","63,100,000","60,500,000","57,700,000","50,100,000","54,300,000","54,600,000","53,100,000","52,100,000","52,000,000","48,800,000"
CostOfRevenue,"61,104,000","18,866,000","14,744,000","13,637,000","13,858,000","12,858,000","12,479,000","11,206,000","11,257,000","20,002,000","20,923,000","20,505,000","18,375,000","17,023,000","17,367,000","16,454,000","16,118,000","15,311,000","15,682,000","14,759,000","17,195,000","15,127,000","17,207,000","16,797,000","14,762,000","14,316,000","14,799,000","12,053,000","11,092,000","14,098,000","10,613,000","9,649,000","9,072,000","9,397,000","10,300,000","9,163,000","8,361,000","38,775,000","43,762,000","32,165,000","31,268,000","31,215,000","31,650,000","31,972,000","113,210,000","107,452,000","170,283,000","143,027,000","98,577,000","100,004,000","169,023,000","112,122,000","98,020,000","115,197,000","164,298,000","120,574,000","135,915,000","148,946,000","192,395,000","153,418,000","96,047,000","-820,048,000","507,584,000","333,723,000","332,604,000","339,700,000","462,118,000","352,467,000","359,196,000","311,521,000","449,880,000","316,070,000","338,007,000","319,742,000","399,937,000","257,969,000","244,666,000","-298,540,000","491,019,000","406,143,000","423,756,000","437,296,000","551,983,000","508,524,000","509,815,000","614,973,000","661,717,000","605,691,000","572,003,000","567,512,000","565,617,000","535,104,000","486,699,000","471,268,000","503,508,000","474,024,000","457,857,000","353,913,000","348,406,000","356,794,000","327,553,000","325,025,000","319,461,000","296,397,000","308,990,000","315,568,000","216,390,000","189,557,000","181,114,000","197,663,000","173,841,000","156,990,000","148,677,000","127,300,000","119,400,000","107,800,000","105,800,000","91,000,000","85,500,000","76,200,000","79,100,000","72,500,000","72,700,000","68,700,000","66,700,000",,,"64,900,000","63,700,000",,,"57,300,000","58,700,000",,,,,,,,,,,,,,,
GrossProfit,"101,532,000","27,692,000","24,716,000","24,255,000","24,867,000","23,478,000","24,196,000","23,154,000","18,550,000","19,656,000","21,064,000","20,217,000","20,014,000","19,595,000","18,647,000","17,749,000","17,889,000","16,744,000","15,628,000","15,370,000","16,670,000","15,475,000","16,241,000","15,879,000","16,191,000","17,608,000","16,508,000","17,591,000","16,399,000","14,610,000","14,129,000","16,669,000","14,674,000","14,778,000","15,707,000","17,416,000","16,139,000","24,262,000","23,449,000","22,081,000","20,378,000","20,816,000","19,932,000","21,616,000","38,433,000","36,325,000","46,715,000","40,785,000","33,866,000","35,827,000","49,976,000","43,873,000","32,170,000","40,258,000","59,778,000","50,864,000","48,585,000","47,370,000","57,655,000","42,813,000","32,316,000","-64,170,000","77,377,000","51,753,000","55,747,000","54,982,000","70,101,000","53,138,000","50,758,000","44,638,000","95,804,000","48,340,000","48,665,000","51,835,000","59,426,000","34,714,000","34,927,000","-72,106,000","76,643,000","72,714,000","72,002,000","68,077,000","81,726,000","80,593,000","85,579,000","117,667,000","117,065,000","109,155,000","103,082,000","107,536,000","102,725,000","96,218,000","89,274,000","88,002,000","92,477,000","85,477,000","86,470,000","79,656,000","75,742,000","74,490,000","68,711,000","66,460,000","64,924,000","61,286,000","66,166,000","66,136,000","47,550,000","45,356,000","43,610,000","43,801,000","38,592,000","37,433,000","35,155,000","31,900,000","30,400,000","29,500,000","28,700,000","27,100,000","24,200,000","23,700,000","23,200,000","20,700,000","20,700,000","19,900,000","20,500,000",,,"19,500,000","20,200,000",,,"16,800,000","17,700,000",,,,,,,,,,,,,,,
OperatingExpense,"92,660,000","25,152,000","22,719,000","22,218,000","22,571,000","48,331,000","24,455,000","17,047,000","17,770,000","22,710,000","23,749,000","23,027,000","21,327,000","23,118,000","22,467,000","21,070,000","18,997,000","18,437,000","18,713,000","17,745,000","19,652,000","20,640,000","16,476,000","18,136,000","18,296,000","18,810,000","17,994,000","18,160,000","16,722,000","17,829,000","16,714,000","17,221,000","17,264,000","16,344,000","18,404,000","17,946,000","15,815,000","22,547,000","22,669,000","22,190,000","20,595,000","23,185,000","23,743,000","24,460,000","41,425,000","44,823,000","44,850,000","43,473,000","40,065,000","42,562,000","40,542,000","39,618,000","44,845,000","-97,227,000","48,312,000","164,808,000","90,962,000","60,083,000","55,163,000","46,358,000","37,623,000","2,131,000","44,426,000","42,941,000","43,687,000","44,374,000","43,514,000","38,651,000","41,239,000","46,590,000","39,702,000","39,228,000","38,950,000","40,156,000","38,393,000","31,648,000","31,671,000","-63,482,000","68,009,000","65,960,000","65,412,000","73,636,000","71,139,000","78,625,000","74,299,000","106,515,000","84,327,000","79,628,000","76,317,000","80,519,000","74,974,000","71,852,000","66,954,000","63,994,000","68,733,000","66,364,000","68,414,000","61,349,000","56,279,000","56,598,000","51,423,000","51,124,000","50,713,000","48,264,000","51,348,000","50,411,000","36,455,000","32,690,000","31,148,000","31,906,000","26,959,000","27,115,000","25,322,000","22,800,000","22,000,000","22,100,000","22,100,000","21,000,000","19,000,000","18,900,000","17,900,000","18,100,000","17,600,000","16,800,000","16,800,000",,,"15,600,000","15,500,000",,,"14,400,000","14,200,000",,,,,,,,,,,,,,,
	SellingGeneralAndAdministration,"42,464,000","11,716,000","10,747,000","9,946,000","10,055,000","20,745,000","10,836,000","7,567,000","8,320,000","11,933,000","11,002,000","10,928,000","10,372,000","11,354,000","11,082,000","9,569,000","10,759,000","10,012,000","10,392,000","9,768,000","11,930,000","11,260,000","8,678,000","10,253,000","10,507,000","11,265,000","10,135,000","10,517,000","9,638,000","10,249,000","8,871,000","9,904,000","9,002,000","7,744,000","9,381,000","9,627,000","8,057,000","12,630,000","12,592,000","11,285,000","12,730,000","-15,412,000","23,743,000","24,460,000","41,425,000","44,823,000","44,850,000","43,473,000","40,065,000","42,562,000","40,542,000","39,618,000","44,845,000","48,416,000","48,312,000","52,788,000","57,339,000","60,083,000","55,163,000","46,358,000","37,623,000","2,131,000","44,426,000","42,941,000","43,687,000","44,374,000","43,514,000","38,651,000","41,239,000","46,590,000","39,702,000","39,228,000","38,950,000","40,156,000","38,393,000","31,648,000","31,671,000","-63,482,000","68,009,000","65,960,000","65,412,000","69,840,000","71,139,000","78,625,000","74,299,000","78,128,000","84,327,000","79,628,000","76,317,000","80,519,000","74,974,000","71,852,000","66,954,000","63,994,000","68,733,000","66,364,000","68,414,000","61,349,000","56,279,000","56,598,000","51,423,000","51,124,000","50,713,000","48,264,000","51,348,000","50,411,000","36,455,000","32,690,000","31,148,000","31,906,000","26,959,000","27,115,000","25,322,000","21,700,000","20,600,000","20,700,000","20,700,000","19,800,000","18,400,000","17,200,000","16,800,000","16,600,000","16,600,000","16,000,000","15,800,000",,,"14,700,000","14,600,000",,,"14,400,000","14,200,000",,,,,,,,,,,,,,,
		GeneralAndAdministrativeExpense,"27,734,000","7,404,000","6,804,000","6,523,000","7,003,000","14,827,000","7,509,000","5,217,000","5,719,000","6,376,000","6,084,000","6,038,000","5,874,000","6,071,000","5,865,000","5,176,000","6,005,000","5,553,000","6,114,000","5,561,000","6,800,000","6,183,000","3,678,000","5,140,000","4,873,000","5,921,000","5,517,000","5,202,000","5,177,000","5,299,000","5,175,000","6,079,000","5,117,000","4,699,000","5,981,000","5,261,000","4,809,000","7,005,000","7,167,000","6,592,000","6,809,000",,,,,,,,,,,,,,,,,,,,,,,,,,,,,,,,,,,,,,,,,,,,,,,,,,,,,,,,,,,,,,,,,,,,,,,,,,,,,,,,,,,,,,,,,,,,,,,,,,,,,,,,,,,
			OtherGandA,"27,734,000","7,404,000","6,804,000","6,523,000","7,003,000","14,827,000","7,509,000","5,217,000","5,719,000","6,376,000","6,084,000","6,038,000","5,874,000","6,071,000","5,865,000","5,176,000","6,005,000","5,553,000","6,114,000","5,561,000","6,800,000","6,183,000","3,678,000","5,140,000","4,873,000","5,921,000","5,517,000","5,202,000","5,177,000","5,299,000","5,175,000","6,079,000","5,117,000","4,699,000","5,981,000","5,261,000","4,809,000","7,005,000","7,167,000","6,592,000","6,809,000",,,,,,,,,,,,,,,,,,,,,,,,,,,,,,,,,,,,,,,,,,,,,,,,,,,,,,,,,,,,,,,,,,,,,,,,,,,,,,,,,,,,,,,,,,,,,,,,,,,,,,,,,,,
		SellingAndMarketingExpense,"14,730,000","4,312,000","3,943,000","3,423,000","3,052,000","5,918,000","3,327,000","2,350,000","2,601,000","5,557,000","4,918,000","4,890,000","4,498,000","5,283,000","5,217,000","4,393,000","4,754,000","4,459,000","4,278,000","4,207,000","5,130,000","5,077,000","5,000,000","5,113,000","5,634,000","5,344,000","4,618,000","5,315,000","4,461,000","4,950,000","3,696,000","3,825,000","3,885,000","3,045,000","3,400,000","4,366,000","3,248,000","5,625,000","5,425,000","4,693,000","5,921,000",,,,,,,,,,,,,,,,,,,,,,,,,,,,,,,,,,,,,,,,,,,,,,,,,,,,,,,,,,,,,,,,,,,,,,,,,,,,,,,,,,,,,,,,,,,,,,,,,,,,,,,,,,,
	ResearchAndDevelopment,"46,332,000","12,258,000","11,210,000","11,379,000","11,485,000","26,445,000","12,376,000","8,257,000","8,266,000","9,336,000","11,285,000","10,778,000","10,064,000","10,518,000","10,059,000","10,151,000","7,089,000","7,228,000","7,269,000","6,812,000","6,626,000","8,401,000","6,847,000","6,946,000","6,855,000","6,667,000","6,969,000","6,784,000","6,268,000","6,590,000","6,670,000","6,191,000","5,865,000","5,657,000","6,074,000","7,005,000","6,476,000","8,439,000","8,612,000","9,372,000","6,285,000",,,,,,,,,,,,,,,,,,,,,,,,,,,,,,,,,,,,,,,,,,,,,,,,,,,,,,,,,,,,,,,,,,,,,,,,,,,,,,,,,,,,,,,,,,,,,,,,,,,,,,,,,,,
	DepreciationAmortizationDepletionIncomeStatement,"3,864,000","1,178,000","762,000","893,000","1,031,000","1,141,000","1,243,000","1,223,000","1,184,000","1,441,000","1,462,000","1,321,000","891,000","1,246,000","1,326,000","1,350,000","1,149,000","1,197,000","1,052,000","1,165,000","1,096,000","979,000","951,000","937,000","934,000","878,000","890,000","859,000","816,000","990,000","1,173,000","1,126,000","2,397,000","2,943,000","2,949,000","1,314,000","1,282,000","1,478,000","1,465,000","1,533,000","1,580,000",,,,,,,,,,,,,,,,,,,,,,,,,,,,,,,,,,,,,,,,,,,,,,,,,,,,,,,,,,,,,,,,,,,,,,,,,"1,100,000","1,400,000","1,400,000","1,400,000","1,200,000","600,000","1,700,000","1,100,000","1,500,000","1,000,000","800,000","1,000,000",,,"900,000","900,000",,,,,,,,,,,,,,,,,,,
		DepreciationAndAmortizationInIncomeStatement,"3,864,000","1,178,000","762,000","893,000","1,031,000","1,141,000","1,243,000","1,223,000","1,184,000","1,441,000","1,462,000","1,321,000","891,000","1,246,000","1,326,000","1,350,000","1,149,000","1,197,000","1,052,000","1,165,000","1,096,000","979,000","951,000","937,000","934,000","878,000","890,000","859,000","816,000","990,000","1,173,000","1,126,000","2,397,000","2,943,000","2,949,000","1,314,000","1,282,000","1,478,000","1,465,000","1,533,000","1,580,000",,,,,,,,,,,,,,,,,,,,,,,,,,,,,,,,,,,,,,,,,,,,,,,,,,,,,,,,,,,,,,,,,,,,,,,,,"1,100,000","1,400,000","1,400,000","1,400,000","1,200,000","600,000","1,700,000","1,100,000","1,500,000","1,000,000","800,000","1,000,000",,,"900,000","900,000",,,,,,,,,,,,,,,,,,,
			DepreciationIncomeStatement,"2,210,000","601,000","495,000","548,000","566,000","672,000","722,000","715,000","723,000","800,000","854,000","707,000","213,000","571,000","651,000","676,000","606,000","739,000","581,000","700,000","611,000","618,000","598,000","595,000","598,000","572,000","569,000","541,000","518,000","523,000","556,000","532,000","614,000","482,000","584,000","520,000","488,000","650,000","633,000","691,000","700,000",,,,,,,,,,,,,,,,,,,,,,,,,,,,,,,,,,,,,,,,,,,,,,,,,,,,,,,,,,,,,,,,,,,,,,,,,,,,,,,,,,,,,,,,,,,,,,,,,,,,,,,,,,,
			Amortization,"1,654,000","577,000","267,000","345,000","465,000","469,000","521,000","508,000","461,000","641,000","608,000","614,000","678,000","675,000","675,000","674,000","543,000","458,000","471,000","465,000","485,000","361,000","353,000","342,000","336,000","306,000","321,000","318,000","298,000","467,000","617,000","594,000","1,783,000","2,461,000","2,365,000","794,000","794,000","828,000","832,000","842,000","880,000",,,,,,,,,,,,,,,,,,,,,,,,,,,,,,,,,,,,,,,,,,,,,,,,,,,,,,,,,,,,,,,,,,,,,,,,,,,,,,,,,,,,,,,,,,,,,,,,,,,,,,,,,,,
				AmortizationOfIntangiblesIncomeStatement,"1,654,000","577,000","267,000","345,000","465,000","469,000","521,000","508,000","461,000","641,000","608,000","614,000","678,000","675,000","675,000","674,000","543,000","458,000","471,000","465,000","485,000","361,000","353,000","342,000","336,000","306,000","321,000","318,000","298,000","467,000","617,000","594,000","1,783,000","2,461,000","2,365,000","794,000","794,000","828,000","832,000","842,000","880,000",,,,,,,,,,,,,,,,,,,,,,,,,,,,,,,,,,,,,,,,,,,,,,,,,,,,,,,,,,,,,,,,,,,,,,,,,,,,,,,,,,,,,,,,,,,,,,,,,,,,,,,,,,,
	OtherOperatingExpenses,,,,,,,,,,,,,,,,,,,,,,,,,,,,,,,,,,,,,,,,,,,,,,,,,,,,,,,,"112,020,000","33,623,000",,,,,,,,,,,,,,,,,,,,,,,,,,,,,,,,,,,,,,,,,,,,,,,,,,,,,,,,,,,,,,,,,,,,,,,,,,,,,,,,,,,,,,,,,,,
OperatingIncome,"8,872,000","2,540,000","1,997,000","2,037,000","2,296,000","-24,853,000","-259,000","6,107,000","780,000","-3,054,000","-2,685,000","-2,810,000","-1,313,000","-3,523,000","-3,820,000","-3,321,000","-1,108,000","-1,693,000","-3,085,000","-2,375,000","-2,982,000","-5,165,000","-235,000","-2,257,000","-2,105,000","-1,202,000","-1,486,000","-569,000","-323,000","-3,219,000","-2,585,000","-552,000","-2,590,000","-1,566,000","-2,697,000","-530,000","324,000","1,715,000","780,000","-109,000","-217,000","-2,369,000","-3,811,000","-2,844,000","-2,992,000","-8,498,000","1,865,000","-2,688,000","-6,199,000","-6,735,000","9,434,000","4,255,000","-12,675,000","137,485,000","11,466,000","-113,944,000","-42,377,000","-12,713,000","2,492,000","-3,545,000","-5,307,000","-66,301,000","32,951,000","8,812,000","12,060,000","10,608,000","26,587,000","14,487,000","9,519,000","-1,952,000","56,102,000","9,112,000","9,715,000","11,679,000","21,033,000","3,066,000","3,256,000","-8,624,000","8,634,000","6,754,000","6,590,000","-5,559,000","10,587,000","1,968,000","11,280,000","11,152,000","32,738,000","29,527,000","26,765,000","27,017,000","27,751,000","24,366,000","22,320,000","24,008,000","23,744,000","19,113,000","18,056,000","18,307,000","19,463,000","17,892,000","17,288,000","15,336,000","14,211,000","13,022,000","14,818,000","15,725,000","11,095,000","12,666,000","12,462,000","11,895,000","11,633,000","10,318,000","9,833,000","9,100,000","8,400,000","7,400,000","6,600,000","6,100,000","5,200,000","4,800,000","5,300,000","2,600,000","3,100,000","3,100,000","3,700,000","-236,600,000","85,700,000","3,900,000","4,700,000","-217,300,000","80,900,000","2,400,000","3,500,000","-209,100,000","79,500,000","73,300,000","72,900,000","-168,300,000","63,100,000","60,500,000","57,700,000","-154,200,000","54,300,000","54,600,000","53,100,000","-148,500,000","52,000,000","48,800,000"
NetNonOperatingInterestIncomeExpense,"47,000","7,000","6,000","13,000","21,000","24,000","18,000","26,000","20,000","112,000","67,000","112,000","79,000","102,000","80,000","94,000","52,000","31,000","10,000","21,000","26,000","23,000","83,000","12,000","29,000","13,000","13,000","-1,000","36,000","-1,000","17,000","7,000","40,000","37,000","-25,000","-25,000","-48,000","-115,000","-56,000","-14,000","-147,000","8,000","-56,000","-522,000","-305,000","-352,000","-295,000","-261,000","-263,000","-293,000","-246,000","-244,000","-174,000",,,,,,,,,,,,,,,,,,,,,,,,,,,,,,,,,,,,,,,,,,,,,,,,,,,,,,,,,,,,,,,,,,,,,,,,,,,,,,,,,,,,,,,,,,,,,,,
	InterestIncomeNonOperating,"59,000","14,000","10,000","14,000","22,000","31,000","27,000","28,000","21,000","93,000","92,000","114,000","80,000","104,000","83,000","97,000","55,000","34,000","13,000","23,000","28,000","27,000","86,000","16,000","33,000","22,000","21,000","4,000","44,000","12,000","24,000","21,000","53,000","71,000","19,000","20,000","13,000","6,000","0","4,000","4,000","49,000","4,000","17,000","33,000","69,000","21,000","17,000","23,000","4,000","0","9,000","33,000",,,,,,,,,,,,,,,,,,,,,,,,,,,,,,,,,,,,,,,,,,,,,,,,,,,,,,,,,,,,,,,,,,,,,,,,,,,,,,,,,,,,,,,,,,,,,,,
	InterestExpenseNonOperating,"12,000","7,000","4,000","1,000","1,000","7,000","9,000","2,000","1,000","-19,000","25,000","2,000","1,000","2,000","3,000","3,000","3,000","3,000","3,000","2,000","2,000","4,000","3,000","4,000","4,000","9,000","8,000","5,000","8,000","13,000","7,000","14,000","13,000","34,000","44,000","45,000","61,000","121,000","56,000","18,000","151,000","41,000","60,000","539,000","338,000","421,000","316,000","278,000","286,000","297,000","246,000","253,000","207,000",,,,,,,,,,,,,,,,,,,,,,,,,,,,,,,,,,,,,,,,,,,,,,,,,,,,,,,,,,,,,,,,,,,,,,,,,,,,,,,,,,,,,,,,,,,,,,,
OtherIncomeExpense,"-2,408,000","-797,000","-437,000","-1,020,000","-152,000","29,000","-1,647,000","-145,000","-1,309,000","-24,010,000","131,000","-179,000","-316,000","-133,000","-126,000","-511,000","-729,000","-362,000","-482,000","-789,000","76,000","-161,000","-1,456,000","-73,000","-179,000","-243,000","-256,000","181,000","78,000","-2,483,000","-209,000","-501,000","-474,000","248,000","-510,000","-574,000","-20,000","-1,485,000","-189,000","-269,000","-1,476,000","-17,761,000","-3,238,000","-2,678,000","-2,533,000","-38,408,000","318,000","804,000","690,000","750,000","4,006,000","-135,000","457,000","-93,046,000","-13,445,000","-112,288,000","-56,422,000","6,785,000","-998,000","-265,000","1,154,000","-2,314,000","-442,000","2,000","-740,000","5,474,000","-9,000","-2,541,000","-6,873,000","1,295,000","49,000","75,000","50,000","997,000","-1,412,000","-3,493,000","218,000","-36,912,000","743,000","-3,000","677,000","-3,028,000","86,000","-1,302,000","-311,000","-14,562,000","370,000","426,000","45,000","0",,"1,845,000",,,,,,,,,,,,,,"0","-1,082,000","458,000","451,000","1,766,000","-122,000","183,000","673,000","600,000","400,000","900,000","1,000,000","500,000","700,000","800,000","600,000","600,000","100,000","100,000","100,000",,,,"300,000",,,"100,000",,,,,,,,,,,,,,,,
	EarningsFromEquityInterest,,,,,,,,,,,,,,,,,,,,,,,,,,,,,,,,,,,,,,,,,,,,,,,,,,,,,,,,,,,,,,,,,,,,,,,,,,,,,,,,,,,,,,,,,,,,,,,,,,,,,,,,,,"0","-1,082,000","458,000","451,000","1,635,000","9,000","183,000","673,000",,,,,,,,,,,,,,,,,,,,,,,,,,,,,,,,,,,
	SpecialIncomeCharges,"-2,553,000","-995,000","-385,000","-917,000","-255,000","83,000","-1,552,000","-57,000","-1,203,000","-23,884,000","-11,000","-71,000","-231,000","-235,000","-58,000","-483,000","-531,000","-557,000","-528,000","-826,000","-37,000","-77,000","-1,394,000","-85,000","-89,000","-774,000","-193,000","190,000","46,000","-2,405,000","-95,000","-502,000","-519,000","-570,000","-515,000","-579,000","-55,000","-1,548,000","31,000","-269,000","-1,476,000","-17,761,000","-3,238,000","-2,678,000","-2,533,000","-38,408,000","318,000","804,000","690,000","750,000","4,006,000","-135,000","457,000","-93,046,000","-13,445,000","-112,288,000","-56,422,000","6,785,000","-998,000","-265,000","1,154,000","-2,314,000","-442,000","2,000","-740,000","5,474,000","-9,000","-2,541,000","-6,873,000","1,295,000","49,000","75,000","50,000","997,000","-1,412,000","-3,493,000","218,000","-36,912,000","743,000","-3,000","677,000","-3,028,000","86,000","-1,302,000","-311,000","-14,562,000","370,000","426,000","45,000","0",,"1,845,000",,,,,,,,,,,,,,,,,,,"-131,000",,,"600,000","400,000","900,000","1,000,000","500,000","700,000","800,000","600,000","600,000","100,000","100,000","100,000",,,,"300,000",,,"100,000",,,,,,,,,,,,,,,,
		RestructuringAndMergernAcquisition,"1,584,000","397,000","381,000","580,000","225,000","-233,000","1,552,000","7,000","1,203,000","144,000","11,000","190,000","231,000","220,000","58,000","448,000","440,000","557,000","378,000","826,000","37,000","77,000","1,394,000",,"89,000","336,000","8,000","-15,000","-46,000","569,000","95,000","448,000","370,000","570,000","206,000","561,000","55,000","-28,000","-31,000","430,000","1,125,000","7,899,000","3,238,000","2,370,000","2,395,000","789,000","3,000","10,000","393,000","78,000","677,000","54,000","14,000","3,871,000","13,357,000","510,000","23,063,000",,,"5,000","26,000","-2,576,000","123,000","-44,000","-34,000","216,000","232,000","2,464,000","2,424,000","107,000","107,000","112,000","189,000","462,000","860,000","731,000","463,000",,,,,,,,,,,,,,,,,,,,,,,,,,,,,,,,,,,,,,,,,,,,,,,,,,,,,,,,,,,,,,,,,,,,,,,
		ImpairmentOfCapitalAssets,"0",,,,,"0",,,,"23,740,000",,,,,,,,,,,,,,,,,,,,,,,,,,,,,,"0","208,000","9,681,000","0","0",,"37,662,000","0","59,000",,"55,000","238,000","0","0",,,,,,,,,,,,,,,,,,,,,,,,,,,,,,,,,,,,,,,,,,,,,,,,,,,,,,,,,,,,,,,,,,,,,,,,,,,,,,,,,,,,,,,,,,,,,,,
		WriteOff,,,,,,,,,,,,,,,,,,,,,,"0","0",,,"355,000","0","-175,000",,"1,836,000","0","0",,"0","309,000","18,000","0","-88,000","0",,,,,,,,,,,,,,,,,,,,,,,,,,,,,,,,,,,,,,,,,,,,,,,,,,,,,,,,,,,,,,,,,,,,,,,,,,,,,,,,,,,,,,,,,,,,,,,,,,,,,,,,,,,,,
		OtherSpecialCharges,"969,000","598,000","4,000","337,000","30,000","150,000",,"50,000",,"0",,"-119,000",,"15,000",,"35,000","91,000","0","150,000",,,"0",,"85,000",,"83,000","185,000",,,"0",,"54,000","149,000",,,,,"1,664,000",,"-161,000","143,000",,,"308,000","138,000","-43,000","-321,000","-873,000","-1,083,000","-883,000","-4,921,000","81,000","-471,000","-142,681,000","88,000","111,778,000","33,359,000",,,"260,000","-1,180,000","4,890,000","319,000","42,000","774,000","-5,690,000","-223,000","77,000","4,449,000","-1,402,000","-156,000","-187,000","-239,000","-1,459,000","552,000","2,762,000","-681,000",,,,,,,,,,,,,,,,,,,,,,,,,,,,,,,,,,,,,,,,,,,,,,,,,,,,,,,,,,,,,,,,,,,,,,,
	OtherNonOperatingIncomeExpenses,"145,000","198,000","-52,000","-103,000","103,000","-54,000","-95,000","-88,000","-106,000","-126,000","142,000","-108,000","-85,000","102,000","-68,000","-28,000","-198,000","195,000","46,000","37,000","113,000","-84,000","-62,000","12,000","-90,000","531,000","-63,000","-9,000","32,000","-78,000","-114,000","1,000","45,000","818,000","5,000","5,000","35,000","63,000","-220,000",,,,,,,,,,,,,,,,,,,,,,,,,,,,,,,,,,,,,,,,,,,,,,,,,,,,,,,,,,,,,,,,,,,,,,,,,,,,,,,,,,,,,,,,,,,,,,,,,,,,,,,,,,,,,
PretaxIncome,"6,511,000","1,750,000","1,566,000","1,030,000","2,165,000","-24,800,000","-1,888,000","5,988,000","-509,000","-26,952,000","-2,487,000","-2,877,000","-1,550,000","-3,554,000","-3,866,000","-3,738,000","-1,785,000","-2,024,000","-3,557,000","-3,143,000","-2,880,000","-5,303,000","-1,608,000","-2,318,000","-2,255,000","-1,432,000","-1,729,000","-389,000","-209,000","-5,703,000","-2,777,000","-1,046,000","-3,024,000","-1,281,000","-3,232,000","-1,129,000","256,000","115,000","535,000","-392,000","-1,840,000","-19,829,000","-7,127,000","-6,044,000","-5,830,000","-47,258,000","1,888,000","-2,145,000","-5,772,000","-6,278,000","13,194,000","3,876,000","-12,392,000","-100,207,000","-3,645,000","-114,194,000","-65,183,000","-5,354,000","2,859,000","-360,000","2,614,000","-68,142,000","33,602,000","9,509,000","11,461,000","10,855,000","25,982,000","11,346,000","2,510,000","-1,016,000","25,473,000","8,307,000","8,476,000","11,108,000","17,406,000","-4,179,000","-294,000","-41,699,000","4,499,000","814,000","1,916,000","-8,902,000","6,030,000","-5,326,000","3,669,000","-3,415,000","23,754,000","21,657,000","19,173,000","20,592,000","20,524,000","19,885,000","16,224,000","18,866,000","17,852,000","12,648,000","11,302,000","12,399,000","13,973,000","12,897,000","12,964,000","11,596,000","9,430,000","8,381,000","10,914,000","12,621,000","7,946,000","11,608,000","11,464,000","12,381,000","10,470,000","9,557,000","9,805,000","9,000,000","8,100,000","7,600,000","7,000,000","5,800,000","5,100,000","4,300,000","4,800,000","1,900,000","2,000,000","1,900,000","2,600,000",,,"2,600,000","3,800,000",,,"1,300,000","2,200,000",,,,,,,,,,,,,,,
TaxProvision,"33,000","-232,000","24,000","48,000","193,000","-519,000","182,000","121,000","8,000","40,000","95,000","41,000","25,000","35,000","182,000","53,000","-49,000","-1,812,000","-1,623,000","105,000","78,000","-16,000","129,000","82,000","42,000","106,000","-56,000","-19,000","-24,000","-277,000","-62,000","81,000","-795,000","-731,000","-1,154,000","-501,000","-105,000","-215,000","19,000","-41,000","-47,000","-1,798,000","-1,353,000","-2,806,000","-1,041,000","-2,251,000","-110,000","69,000","4,480,000","-5,769,000","-410,000","988,000","15,000","14,385,000","-1,402,000","-8,917,000","-5,163,000","-880,000","1,785,000","-1,784,000","-43,000","-24,282,000","13,628,000","3,995,000","4,724,000","4,753,000","10,679,000","4,550,000","1,177,000","-134,000","9,637,000","3,119,000","3,102,000","3,436,000","6,967,000","-1,133,000","414,000","-13,987,000","990,000","172,000","1,086,000","-3,440,000","2,317,000","-2,106,000","1,973,000","954,000","9,230,000","8,463,000","7,477,000","7,786,000","8,243,000","8,125,000","7,056,000","7,945,000","6,960,000","4,845,000","4,268,000","4,993,000","5,534,000","5,438,000","5,659,000","4,651,000","3,805,000","3,848,000","4,763,000","4,979,000","3,857,000","4,903,000","4,648,000","5,116,000","4,340,000","3,908,000","3,840,000","3,400,000","3,200,000","2,800,000","2,500,000","2,200,000","1,800,000","1,400,000","1,700,000","600,000","800,000","800,000","1,000,000",,,"1,000,000","1,400,000",,,"500,000","900,000",,,,,,,,,,,,,,,
NetIncomeCommonStockholders,"4,642,000","1,523,000","1,083,000","523,000","1,513,000","-24,740,000","-2,529,000","5,314,000","-1,653,000","-26,992,000","-2,582,000","-2,918,000","-1,575,000","-3,589,000","-4,048,000","-3,791,000","-1,736,000","-212,000","-1,934,000","-3,248,000","-2,958,000","-5,287,000","-1,737,000","-2,400,000","-2,297,000","-1,538,000","-1,673,000","-370,000","-185,000","-5,426,000","-2,715,000","-1,127,000","-2,229,000","-2,009,000","-2,662,000","20,452,000","1,316,000","330,000","516,000","-351,000","-1,793,000","-16,978,000","-6,509,000","7,249,000","-4,789,000","-45,007,000","1,998,000","-2,214,000","-10,252,000","-500,000","13,607,000","2,836,000","-12,396,000","-113,788,000","-3,720,000","-106,589,000","-60,036,000","-4,328,000","1,955,000","3,440,000","2,592,000","200,649,000","19,963,000","5,492,000","6,751,000","5,999,000","15,432,000","6,940,000","576,000","-2,334,000","14,229,000","3,933,000","4,178,000","4,837,000","8,662,000","-3,379,000","-1,457,000","-10,650,000","1,895,000","642,000","830,000","-6,277,000","2,233,000","-4,699,000","1,696,000","65,000","13,044,000","11,245,000","10,221,000","11,332,000","10,806,000","10,298,000","7,709,000","9,458,000","9,433,000","6,339,000","5,579,000","7,194,000","8,439,000","7,459,000","7,305,000","6,945,000","5,625,000","4,533,000","6,151,000","7,642,000","4,089,000","6,705,000","6,816,000","7,265,000","6,130,000","5,649,000","5,965,000","5,600,000","4,900,000","4,800,000","4,500,000","3,600,000","3,300,000","2,900,000","3,100,000","1,300,000","1,200,000","1,100,000","1,600,000",,,"1,600,000","2,400,000",,,"800,000","1,300,000",,,,,,,,,,,,,,,
	NetIncome,"6,478,000","1,982,000","1,542,000","982,000","1,972,000","-24,281,000","-2,070,000","5,867,000","-517,000","-26,992,000","-2,582,000","-2,918,000","-1,575,000","-3,589,000","-4,048,000","-3,791,000","-1,736,000","-212,000","-1,934,000","-3,248,000","-2,958,000","-5,287,000","-1,737,000","-2,400,000","-2,297,000","-1,538,000","-1,673,000","-370,000","-185,000","-5,426,000","-2,715,000","-1,127,000","-2,229,000","-2,009,000","-2,662,000","20,452,000","1,316,000","330,000","516,000","-351,000","-1,793,000","-16,978,000","-6,509,000","7,249,000","-4,789,000","-45,007,000","1,998,000","-2,214,000","-10,252,000","-500,000","13,607,000","2,836,000","-12,396,000","-113,788,000","-3,720,000","-106,589,000","-60,036,000","-4,328,000","1,955,000","3,440,000","2,592,000","200,649,000","19,963,000","5,492,000","6,751,000","5,999,000","15,432,000","6,940,000","576,000","-2,334,000","14,229,000","3,933,000","4,178,000","4,837,000","8,662,000","-3,379,000","-1,457,000","-10,650,000","1,895,000","642,000","830,000","-6,277,000","2,233,000","-4,699,000","1,696,000","65,000","13,044,000","11,245,000","10,221,000","11,332,000","10,806,000","10,298,000","7,709,000","9,458,000","9,433,000","6,339,000","5,579,000","7,294,000","8,439,000","7,459,000","7,305,000","6,945,000","5,625,000","4,533,000","6,151,000","7,642,000","4,089,000","6,705,000","6,816,000","7,265,000","6,130,000","5,649,000","5,965,000","5,600,000","4,900,000","4,800,000","4,500,000","3,600,000","3,300,000","2,900,000","3,100,000","1,300,000","1,200,000","1,100,000","1,600,000",,,"1,600,000","2,400,000",,,"800,000","1,300,000",,,,,,,,,,,,,,,
		NetIncomeIncludingNoncontrollingInterests,"6,478,000","1,982,000","1,542,000","982,000","1,972,000","-24,281,000","-2,070,000","5,867,000","-517,000","-26,992,000","-2,582,000","-2,918,000","-1,575,000","-3,589,000","-4,048,000","-3,791,000","-1,736,000","-212,000","-1,934,000","-3,248,000","-2,958,000","-5,287,000","-1,737,000","-2,400,000","-2,297,000","-1,538,000","-1,673,000","-370,000","-185,000","-5,426,000","-2,715,000","-1,127,000","-2,229,000","-2,009,000","-2,662,000","20,452,000","1,316,000","330,000","516,000","-351,000","-1,793,000","-16,978,000","-6,509,000","7,249,000","-4,789,000","-45,007,000","1,998,000","-2,214,000","-10,252,000","-500,000","13,607,000","2,836,000","-12,396,000","-113,788,000","-3,720,000","-106,589,000","-60,036,000","-4,328,000","1,955,000","3,440,000","2,592,000","200,649,000","19,963,000","5,492,000","6,751,000","5,999,000","15,432,000","6,940,000","576,000","-2,334,000","14,229,000","3,933,000","4,178,000","4,837,000","8,662,000","-3,379,000","-1,457,000","-9,577,000","1,618,000","236,000","440,000","-1,023,000","2,233,000","-4,699,000","1,696,000","5,979,000","13,044,000","11,245,000","10,221,000","11,332,000","10,806,000","10,298,000","7,709,000","9,458,000","9,433,000","6,339,000","5,579,000","7,294,000","8,439,000","7,459,000","7,305,000","6,945,000","5,625,000","4,533,000","6,151,000","7,642,000","4,089,000","6,705,000","6,816,000","7,265,000","6,130,000","5,649,000","5,965,000","5,600,000","4,900,000","4,800,000","4,500,000","3,600,000","3,300,000","2,900,000","3,100,000","1,300,000","1,200,000","1,100,000","1,600,000","2,300,000","2,000,000","1,600,000","2,400,000","2,000,000","1,600,000","800,000","1,300,000","800,000","2,200,000","1,800,000","1,900,000","1,800,000","1,300,000","1,300,000","800,000","-200,000","300,000","200,000","100,000","-1,000,000","-200,000","-600,000"
			NetIncomeContinuousOperations,"6,478,000","1,982,000","1,542,000","982,000","1,972,000","-24,281,000","-2,070,000","5,867,000","-517,000","-26,992,000","-2,582,000","-2,918,000","-1,575,000","-3,589,000","-4,048,000","-3,791,000","-1,736,000","-212,000","-1,934,000","-3,248,000","-2,958,000","-5,287,000","-1,737,000","-2,400,000","-2,297,000","-1,538,000","-1,673,000","-370,000","-185,000","-5,426,000","-2,715,000","-1,127,000","-2,229,000","-550,000","-2,078,000","-628,000","361,000","330,000","516,000","-351,000","-1,793,000","-18,031,000","-5,774,000","-3,238,000","-4,789,000","-45,007,000","1,998,000","-2,214,000","-10,252,000","-509,000","13,604,000","2,888,000","-12,407,000","-114,592,000","-2,243,000","-105,277,000","-60,020,000","-4,474,000","1,074,000","1,424,000","2,657,000","-43,860,000","19,974,000","5,514,000","6,737,000","6,104,000","15,303,000","6,796,000","433,000","-1,946,000","14,458,000","3,837,000","4,014,000","6,158,000","9,120,000","-3,046,000","-708,000","-29,427,000","1,895,000","642,000","830,000","-6,277,000","2,233,000","-4,699,000","1,696,000","65,000","13,044,000","11,715,000","10,221,000","11,332,000","10,806,000","10,298,000","7,709,000","9,458,000","9,433,000","6,339,000","5,579,000","7,294,000","8,439,000","7,459,000","7,305,000","6,945,000","5,625,000","4,533,000","6,151,000","7,642,000","4,089,000","6,705,000","6,816,000","7,265,000","6,130,000","5,649,000","5,965,000","5,600,000","4,900,000","4,800,000","4,500,000","3,600,000","3,300,000","2,900,000","3,100,000","1,300,000","1,200,000","1,100,000","1,600,000","2,300,000","2,000,000","1,600,000","2,400,000","2,000,000","1,600,000","800,000","1,300,000","600,000","2,200,000","1,800,000","1,900,000","1,800,000","1,300,000","1,300,000","800,000","1,200,000","300,000","200,000","100,000","-1,000,000","-200,000","-600,000"
			NetIncomeDiscontinuousOperations,,,,,,,,,,,,,,,,,,,,,,,,,,,,,,"0","0","0","0","-1,459,000","-584,000","21,080,000","955,000","0","0","0","0","1,053,000","-735,000","10,487,000",,"0","0","0","0","9,000","3,000","-52,000","11,000","804,000","-1,477,000","-1,312,000","-16,000","146,000","881,000","2,016,000","-65,000","244,509,000","-11,000","-22,000","14,000","-105,000","129,000","144,000","143,000","-388,000","-229,000","96,000","164,000","-1,321,000","-458,000","-333,000","-749,000",,,,,,,,,,,,,,,,,,,,,,,,,,,,,,,,,,,,,,,,,,,,,,,,,,,,,,,,,,,,,,,,,,,,,,,
			NetIncomeExtraordinary,,,,,,,,,,,,,,,,,,,,,,,,,,,,,,,,,,,,,,,,,,,,,,,,,,,,,,,,,,,,,,,,,,,,,,,,,,,,,,"0",,,,,,,,,,,,,,,,,,,,,,,,,,,,,,,,,,,,,,,,,,,,,,,,,,,,,,,,,,,,,,,,,,,,,,
			NetIncomeFromTaxLossCarryforward,,,,,,,,,,,,,,,,,,,,,,,,,,,,,,,,,,,,,,,,,,,,,,,,,,,,,,,,,,,,,,,,,,,,,,,,,,,,,,,,,,,,,,"0",,"-470,000",,,,,,,,,,,,,,,,,,,,,,,,,,,,,,,,,,,,,,,,,,,,,,,,,,,,,,,,,,,,
		MinorityInterests,,,,,,,,,,,,,,,,,,,,,,,,,,,,,,,,,,,,,,,,,,,,,,,,,,,,,,,,,,,,,,,,,,,,,,,,,,,,,,,"277,000","406,000","390,000",,,,,,,,,,,,,,,,,,,,,,,,,,,,,,,,,,,,,,,,,,,,,,,,,,,,,,,,,,,,,,,,,,,
	PreferredStockDividends,"1,836,000","459,000","459,000","459,000","459,000","459,000","459,000","553,000","1,136,000",,,,,,,,,,,,,,,,,,,,,,,,,,,,,,,,,,,,,,,,,,,,,,,,,,,,,,,,,,,,,,,,,,,,,,,,,,,,,,,,,,,,,,,,,,,,,,,,,,,,,,,,,,,,,,,,,,,,,,,,,,,,,,,,,,,,,,,,,,,
DilutedNIAvailtoComStockholders,"4,642,000","1,523,000","1,083,000","523,000","1,513,000","-24,740,000","-2,529,000","5,314,000","-1,653,000","-26,992,000","-2,582,000","-2,918,000","-1,575,000","-3,589,000","-4,048,000","-3,791,000","-1,736,000","-212,000","-1,934,000","-3,248,000","-2,958,000","-5,287,000","-1,737,000","-2,400,000","-2,297,000","-1,538,000","-1,673,000","-370,000","-185,000","-5,426,000","-2,715,000","-1,127,000","-2,229,000","-2,009,000","-2,662,000","20,452,000","1,316,000","330,000","516,000","-351,000","-1,793,000","-16,978,000","-6,509,000","7,249,000","-4,789,000","-45,007,000","1,998,000","-2,214,000","-10,252,000","-500,000","13,607,000","2,836,000","-12,396,000","-113,788,000","-3,720,000","-106,589,000","-60,036,000","-4,328,000","1,955,000","3,440,000","2,592,000","200,649,000","19,963,000","5,492,000","6,751,000","5,999,000","15,432,000","6,940,000","576,000","-2,334,000","14,229,000","3,933,000","4,178,000","4,837,000","8,662,000","-3,379,000","-1,457,000","-10,650,000","1,895,000","642,000","830,000","-6,277,000","2,233,000","-4,699,000","1,696,000","65,000","13,044,000","11,245,000","10,221,000","11,332,000","10,806,000","10,298,000","7,709,000","9,458,000","9,433,000","6,339,000","5,579,000","7,194,000","8,439,000","7,459,000","7,305,000","6,945,000","5,625,000","4,533,000","6,151,000","7,642,000","4,089,000","6,705,000","6,816,000","7,265,000","6,130,000","5,649,000","5,965,000","5,600,000","4,900,000","4,800,000","4,500,000","3,600,000","3,300,000","2,900,000","3,100,000","1,300,000","1,200,000","1,100,000","1,600,000",,,"1,600,000","2,400,000",,,"800,000","1,300,000",,,,,,,,,,,,,,,
BasicEPS,,"0.06","0.04","0.02","0.06","-1.05","-0.11","0.23","-0.07","-1.16","-0.11","-0.13","-0.07","-0.16","-0.18","-0.16","-0.08","-0.01","-0.08","-0.14","-0.13","-0.23","-0.08","-0.11","-0.1","-0.07","-0.07","-0.02","-0.01","-0.24","-0.12","-0.05","-0.1","-0.18","-0.12","0.92","0.06","0.02","0.02","-0.02","-0.07",,"-0.29","0.32","-0.21",,"0.09","-0.1","-0.45",,"0.66","0.13","-0.55",,"-0.17","-4.72","-2.66",,"0.08","0.11","0.08",,"0.65","0.18","0.22",,"0.5","0.22","0.01",,"0.51","0.13","0.14",,"0.31","-0.12","-0.05",,"0.07","0.02","0.03",,"0.08","-0.17","0.06",,"0.49","0.42","0.38",,"0.41","0.39","0.29",,"0.36","0.24","0.21",,"0.32","0.28","0.28",,"0.24","0.2","0.27",,"0.18","0.29","0.193",,"0.18","0.167","0.116",,"0.093","0.093","0.089",,"0.044","0.044","0.05",,"0.021","0.018","0.027",,"0.033","0.027","0.039",,"0.027","0.015","0.021",,"0.036","0.03","0.03",,"0.021","0.021","0.015",,"0.003","0.003","0.003",,"-0.003","-0.009"
DilutedEPS,,"0.06","0.04","0.02","0.06","-1.05","-0.11","0.22","-0.07","-1.16","-0.11","-0.13","-0.07","-0.16","-0.18","-0.16","-0.08","-0.01","-0.08","-0.14","-0.13","-0.23","-0.08","-0.11","-0.1","-0.07","-0.07","-0.02","-0.01","-0.24","-0.12","-0.05","-0.1","-0.18","-0.12","0.92","0.06","0.01","0.02","-0.02","-0.075",,"-0.294","0.317","-0.21",,"0.08","-0.1","-0.45",,"0.64","0.12","-0.55",,"-0.17","-4.72","-2.66",,"0.07","0.11","0.08",,"0.64","0.18","0.218",,"0.49","0.21","0.01",,"0.42","0.13","0.14",,"0.28","-0.12","-0.05",,"0.07","0.02","0.03",,"0.08","-0.17","0.06",,"0.4","0.35","0.32",,"0.34","0.32","0.26",,"0.3","0.22","0.2",,"0.31","0.28","0.28",,"0.24","0.2","0.27",,"0.18","0.29","0.193",,"0.18","0.167","0.116",,"0.093","0.093","0.089",,"0.044","0.041","0.044",,"0.021","0.018","0.027",,"0.03","0.021","0.036",,"0.024","0.015","0.021",,"0.033","0.027","0.027",,"0.021","0.021","0.015",,"0.003","0.003","0.003",,"-0.003","-0.009"
BasicAverageShares,,"24,484,000","24,477,000","24,451,000","24,014,000","23,574,000","23,429,000","23,424,000","23,405,000","23,241,000","23,240,000","23,238,000","23,212,000","23,055,000","23,048,000","23,131,000","23,095,000","22,872,000","22,851,000","22,760,000","22,720,000","22,643,000","22,611,000","22,606,000","22,599,000","22,493,000","22,493,000","22,476,000","22,220,000","22,343,000","22,343,000","22,340,000","22,324,000","22,222,000","22,150,000","22,125,000","22,022,000","21,901,000","21,900,000","21,883,000","21,836,000",,"22,147,867","22,853,057","22,953,235",,"22,752,632","22,750,474","22,750,740",,"22,624,622","22,625,654","22,627,338",,"22,603,641","22,601,549","22,536,508",,"25,760,225","31,283,478","31,390,260",,"30,591,749","30,565,749","30,524,983",,"30,163,128","30,123,331","28,901,927",,"28,119,460","28,056,172","28,014,938",,"27,742,163","27,440,618","27,748,037",,"27,291,484","27,291,483","27,228,901",,"27,089,311","27,047,650","26,916,605",,"26,821,976","26,777,000","26,726,000",,"26,398,115","26,360,601","26,354,741",,"26,350,975","26,348,554","26,348,554",,"26,312,441","26,745,090","26,432,555",,"22,982,606","23,041,992","23,138,433",,"23,108,433","23,252,372","34,610,721",,"34,323,735","34,291,825","51,414,093",,"22,060,000","22,060,000","22,438,000",,"21,963,000","21,945,000","18,444,000",,"18,436,000","18,436,000","18,436,000",,"18,231,000","18,238,000","18,231,000",,"18,204,000","18,204,000","18,204,000",,"18,204,000","18,204,000","18,204,000",,"18,204,000","18,204,000","18,204,000",,"18,204,000","18,204,000","18,204,000",,"18,204,000","18,204,000"
DilutedAverageShares,,"25,317,000","25,392,000","25,409,000","25,178,000","23,574,000","23,429,000","23,866,000","23,405,000","23,241,000","23,910,000","23,238,000","23,212,000","23,055,000","23,048,000","23,131,000","23,095,000","22,872,000","22,851,000","22,760,000","22,720,000","22,643,000","22,611,000","22,606,000","22,599,000","22,493,000","22,493,000","22,476,000","22,220,000","22,343,000","22,343,000","22,340,000","22,324,000","22,222,000","22,150,000","22,125,000","22,292,000","22,160,000","22,088,000","21,883,000","21,836,000",,"22,147,867","22,853,057","22,953,235",,"23,553,660","22,750,474","22,750,740",,"23,170,992","22,879,030","22,627,338",,"22,603,641","22,601,549","22,536,508",,"26,112,682","31,915,716","32,304,529",,"31,067,820","30,903,831","30,992,359",,"31,079,542","31,122,272","29,827,852",,"37,269,747","28,881,520","28,418,415",,"36,255,843","27,440,618","27,748,037",,"27,719,077","27,753,671","27,882,895",,"27,526,510","27,047,650","27,484,202",,"36,431,098","36,738,000","36,752,000",,"36,275,276","36,207,912","35,818,273",,"35,757,510","35,705,123","35,792,921",,"26,994,629","26,745,090","26,432,555",,"22,982,606","23,041,992","23,138,433",,"23,108,433","23,252,372","34,610,721",,"34,323,735","34,291,825","51,414,093",,"22,060,000","22,060,000","22,438,000",,"21,963,000","21,945,000","18,444,000",,"18,436,000","18,436,000","18,436,000",,"18,231,000","18,238,000","18,231,000",,"18,204,000","18,204,000","18,204,000",,"18,204,000","18,204,000","18,204,000",,"18,204,000","18,204,000","18,204,000",,"18,204,000","18,204,000","18,204,000",,"18,204,000","18,204,000"
TotalOperatingIncomeAsReported,"6,319,000","1,545,000","1,612,000","1,120,000","2,041,000","-24,770,000","-1,811,000","6,050,000","-423,000","-26,938,000","-2,696,000","-2,881,000","-1,544,000","-3,758,000","-3,878,000","-3,804,000","-1,639,000","-2,250,000","-3,613,000","-3,201,000","-3,019,000","-5,242,000","-1,629,000","-2,342,000","-2,194,000","-1,976,000","-1,679,000","-379,000","-277,000","-5,624,000","-2,680,000","-1,054,000","-3,109,000","-2,136,000","-3,212,000","-1,109,000","269,000","167,000","811,000","-539,000","-1,550,000","-19,949,000","-7,049,000","-5,214,000","-5,387,000","-46,949,000","1,862,000","-2,757,000","-6,592,000","-6,868,000","8,519,000","4,201,000","-12,689,000","-98,242,000","-1,891,000","-114,454,000","-65,440,000","-12,638,000","2,492,000","-3,550,000","-5,333,000","-63,725,000","32,828,000","8,856,000","12,094,000","10,392,000","26,355,000","12,023,000","7,095,000","-2,059,000","25,995,000","9,000,000","9,526,000","11,217,000","20,173,000","2,335,000","2,793,000","-29,321,000","8,634,000","6,754,000","6,590,000","-5,559,000","10,587,000","1,968,000","11,280,000","11,152,000","32,738,000","29,527,000","26,765,000","27,017,000","27,751,000","24,366,000","22,320,000","24,008,000","23,744,000","19,113,000","18,056,000","18,307,000","19,463,000","17,892,000","17,288,000","15,336,000","14,211,000","13,022,000","14,818,000","15,725,000","11,095,000","12,666,000","12,462,000","11,895,000","11,633,000","10,318,000","9,833,000","9,100,000","8,400,000","7,400,000","6,600,000","6,100,000","5,200,000","4,800,000","5,300,000","2,600,000","3,100,000","3,100,000","3,700,000",,,"3,900,000","4,700,000",,,"2,400,000","3,500,000",,,,,,,,,,,,,,,
TotalExpenses,"153,764,000","44,018,000","37,463,000","35,855,000","36,429,000","61,189,000","36,934,000","28,253,000","29,027,000","42,712,000","44,672,000","43,532,000","39,702,000","40,141,000","39,834,000","37,524,000","35,115,000","33,748,000","34,395,000","32,504,000","36,847,000","35,767,000","33,683,000","34,933,000","33,058,000","33,126,000","32,793,000","30,213,000","27,814,000","31,927,000","27,327,000","26,870,000","26,336,000","25,741,000","28,704,000","27,109,000","24,176,000","61,322,000","66,431,000","54,355,000","51,863,000","54,400,000","55,393,000","56,432,000","154,635,000","152,275,000","215,133,000","186,500,000","138,642,000","142,566,000","209,565,000","151,740,000","142,865,000","17,970,000","212,610,000","285,382,000","226,877,000","209,029,000","247,558,000","199,776,000","133,670,000","-817,917,000","552,010,000","376,664,000","376,291,000","384,074,000","505,632,000","391,118,000","400,435,000","358,111,000","489,582,000","355,298,000","376,957,000","359,898,000","438,330,000","289,617,000","276,337,000","-362,022,000","559,028,000","472,103,000","489,168,000","510,932,000","623,122,000","587,149,000","584,114,000","721,488,000","746,044,000","685,319,000","648,320,000","648,031,000","640,591,000","606,956,000","553,653,000","535,262,000","572,241,000","540,388,000","526,271,000","415,262,000","404,685,000","413,392,000","378,976,000","376,149,000","370,174,000","344,661,000","360,338,000","365,979,000","252,845,000","222,247,000","212,262,000","229,569,000","200,800,000","184,105,000","173,999,000","150,100,000","141,400,000","129,900,000","127,900,000","112,000,000","104,500,000","95,100,000","97,000,000","90,600,000","90,300,000","85,500,000","83,500,000",,,"80,500,000","79,200,000",,,"71,700,000","72,900,000",,,,,,,,,,,,,,,
NetIncomeFromContinuingAndDiscontinuedOperation,"6,478,000","1,982,000","1,542,000","982,000","1,972,000","-24,281,000","-2,070,000","5,867,000","-517,000","-26,992,000","-2,582,000","-2,918,000","-1,575,000","-3,589,000","-4,048,000","-3,791,000","-1,736,000","-212,000","-1,934,000","-3,248,000","-2,958,000","-5,287,000","-1,737,000","-2,400,000","-2,297,000","-1,538,000","-1,673,000","-370,000","-185,000","-5,426,000","-2,715,000","-1,127,000","-2,229,000","-2,009,000","-2,662,000","20,452,000","1,316,000","330,000","516,000","-351,000","-1,793,000","-16,978,000","-6,509,000","7,249,000","-4,789,000","-45,007,000","1,998,000","-2,214,000","-10,252,000","-500,000","13,607,000","2,836,000","-12,396,000","-113,788,000","-3,720,000","-106,589,000","-60,036,000","-4,328,000","1,955,000","3,440,000","2,592,000","200,649,000","19,963,000","5,492,000","6,751,000","5,999,000","15,432,000","6,940,000","576,000","-2,334,000","14,229,000","3,933,000","4,178,000","4,837,000","8,662,000","-3,379,000","-1,457,000","-10,650,000","1,895,000","642,000","830,000","-6,277,000","2,233,000","-4,699,000","1,696,000","65,000","13,044,000","11,715,000","10,221,000","11,332,000","10,806,000","10,298,000","7,709,000","9,458,000","9,433,000","6,339,000","5,579,000","7,294,000","8,439,000","7,459,000","7,305,000","6,945,000","5,625,000","4,533,000","6,151,000","7,642,000","4,089,000","6,705,000","6,816,000","7,265,000","6,130,000","5,649,000","5,965,000","5,600,000","4,900,000","4,800,000","4,500,000","3,600,000","3,300,000","2,900,000","3,100,000","1,300,000","1,200,000","1,100,000","1,600,000",,,"1,600,000","2,400,000",,,"800,000","1,300,000",,,,,,,,,,,,,,,
NormalizedIncome,"9,018,235","2,579,000","1,921,225","1,855,901","2,204,305","-24,362,263.024","-937,040","5,922,860","361,190","-9,556,680","-2,573,970","-2,847,994","-1,406,370","-3,417,450","-4,005,660","-3,438,410","-1,219,337","194,610","-1,617,200","-2,752,400","-2,935,800","-5,210,232.321","-900,600","-2,349,000","-2,243,600","-1,073,600","-1,486,176","-550,690","-227,734","-3,137,813.081","-2,622,185","-800,700","-1,846,497","-179,500","-1,746,855","-251,650","396,750","1,336,200","486,147","-110,135.204","-354,702.174","-1,880,483.534","-3,150,706.609","-1,497,300","-2,708,290.395","-8,428,455.5","1,791,300","-2,736,600","-10,700,500","-996,500","11,000,100","2,988,588.235","-12,704,050","-54,112,100","6,030,562.414","-1,757,167.294","-8,067,060.737","-10,143,796.414","1,722,700","1,596,250","1,906,900","-42,370,580.259","20,239,200","5,512,800","7,181,000","2,819,600","15,308,400","8,320,600","4,556,800","-3,070,202.756","14,427,537.785","3,790,159.986","3,982,298.726","5,469,398.632","9,967,200","-500,013.4","-838,800","-4,896,307.561","1,315,496.333","644,366.093","423,800","-4,419,110.088","2,180,045.108","-3,911,835.148","1,882,600","8,802,200","12,817,769.47","11,455,469.871","10,193,548.897","11,332,000","10,806,000","9,191,000","7,709,000","9,458,000","9,433,000","6,339,000","5,579,000","7,294,000","8,439,000","7,459,000","7,305,000","6,945,000","5,625,000","4,533,000","6,151,000","7,642,000","4,089,000","6,705,000","6,816,000","7,265,000","6,208,600","5,649,000","5,965,000","5,226,666.667","4,658,024.691","4,231,578.947","3,857,142.857","3,289,655.172","2,847,058.824","2,360,465.116","2,712,500","889,473.684","1,140,000","1,040,000","1,538,461.538",,,"1,600,000","2,210,526.316",,,"738,461.538","1,300,000",,,,,,,,,,,,,,,
InterestIncome,"59,000","14,000","10,000","14,000","22,000","31,000","27,000","28,000","21,000","93,000","92,000","114,000","80,000","104,000","83,000","97,000","55,000","34,000","13,000","23,000","28,000","27,000","86,000","16,000","33,000","22,000","21,000","4,000","44,000","12,000","24,000","21,000","53,000","71,000","19,000","20,000","13,000","6,000","0","4,000","4,000","49,000","4,000","17,000","33,000","69,000","21,000","17,000","23,000","4,000","0","9,000","33,000",,,,,,,,,,,,,,,,,,,,,,,,,,,,,,,,,,,,,,,,,,,,,,,,,,,,,,,,,,,,,,,,,,,,,,,,,,,,,,,,,,,,,,,,,,,,,,,
InterestExpense,"12,000","7,000","4,000","1,000","1,000","7,000","9,000","2,000","1,000","-19,000","25,000","2,000","1,000","2,000","3,000","3,000","3,000","3,000","3,000","2,000","2,000","4,000","3,000","4,000","4,000","9,000","8,000","5,000","8,000","13,000","7,000","14,000","13,000","34,000","44,000","45,000","61,000","121,000","56,000","18,000","151,000","41,000","60,000","539,000","338,000","421,000","316,000","278,000","286,000","297,000","246,000","253,000","207,000",,,,,,,,,,,,,,,,,,,,,,,,,,,,,,,,,,,,,,,,,,,,,,,,,,,,,,,,,,,,,,,,,,,,,,,,,,,,,,,,,,,,,,,,,,,,,,,
NetInterestIncome,"47,000","7,000","6,000","13,000","21,000","24,000","18,000","26,000","20,000","112,000","67,000","112,000","79,000","102,000","80,000","94,000","52,000","31,000","10,000","21,000","26,000","23,000","83,000","12,000","29,000","13,000","13,000","-1,000","36,000","-1,000","17,000","7,000","40,000","37,000","-25,000","-25,000","-48,000","-115,000","-56,000","-14,000","-147,000","8,000","-56,000","-522,000","-305,000","-352,000","-295,000","-261,000","-263,000","-293,000","-246,000","-244,000","-174,000",,,,,,,,,,,,,,,,,,,,,,,,,,,,,,,,,,,,,,,,,,,,,,,,,,,,,,,,,,,,,,,,,,,,,,,,,,,,,,,,,,,,,,,,,,,,,,,
EBIT,"6,523,000","1,757,000","1,570,000","1,031,000","2,166,000","-24,793,000","-1,879,000","5,990,000","-508,000","-26,971,000","-2,462,000","-2,875,000","-1,549,000","-3,552,000","-3,863,000","-3,735,000","-1,782,000","-2,021,000","-3,554,000","-3,141,000","-2,878,000","-5,299,000","-1,605,000","-2,314,000","-2,251,000","-1,423,000","-1,721,000","-384,000","-201,000","-5,690,000","-2,770,000","-1,032,000","-3,011,000","-1,247,000","-3,188,000","-1,084,000","317,000","236,000","591,000","-374,000","-1,689,000","-19,788,000","-7,067,000","-5,505,000","-5,492,000","-46,837,000","2,204,000","-1,867,000","-5,486,000","-5,981,000","13,440,000","4,129,000","-12,185,000","-137,218,000","11,466,000","-113,944,000","-42,377,000","7,095,000","2,492,000","-3,545,000","-5,307,000","-66,301,000","32,951,000","8,812,000","12,060,000","10,608,000","26,587,000","14,487,000","9,519,000","-1,952,000","56,102,000","9,112,000","9,715,000","11,679,000","21,033,000","3,066,000","3,256,000","-8,624,000","8,634,000","6,754,000","6,590,000","-5,559,000","10,587,000","1,968,000","11,280,000","11,152,000","32,738,000","29,527,000","26,765,000","27,017,000","27,751,000","24,366,000","22,320,000","24,008,000","23,744,000","19,113,000","18,056,000","18,307,000","19,463,000","17,892,000","17,288,000","15,336,000","14,211,000","13,022,000","14,818,000","15,725,000","11,095,000","12,666,000","12,462,000","11,895,000","11,633,000","10,318,000","9,833,000","9,100,000","8,400,000","7,400,000","6,600,000","6,100,000","5,200,000","4,800,000","5,300,000","2,600,000","3,100,000","3,100,000","3,700,000","-236,600,000","85,700,000","3,900,000","4,700,000","-217,300,000","80,900,000","2,400,000","3,500,000","-209,100,000","79,500,000","73,300,000","72,900,000","-168,300,000","63,100,000","60,500,000","57,700,000","-154,200,000","54,300,000","54,600,000","53,100,000","-148,500,000","52,000,000","48,800,000"
EBITDA,"10,387,000"
ReconciledCostOfRevenue,"61,104,000","18,866,000","14,744,000","13,637,000","13,858,000","12,858,000","12,478,000","11,207,000","11,257,000","16,873,000","17,794,000","17,377,000","15,200,000","13,778,000","14,020,000","13,107,000","13,455,000","12,666,000","13,039,000","12,338,000","14,888,000","12,820,000","14,901,000","14,664,000","13,496,000","14,061,000","14,544,000","11,797,000","10,837,000","13,749,000","10,278,000","9,328,000","8,783,000","9,185,000","10,188,000","9,115,000","8,421,000","38,700,000","43,510,000","31,916,000","31,019,000","31,215,000","31,650,000","31,972,000","113,210,000","107,452,000","170,283,000","143,027,000","98,577,000","100,004,000","169,023,000","112,122,000","98,020,000","115,197,000","164,298,000","120,574,000","135,915,000","148,946,000","192,395,000","153,418,000","96,047,000","-820,048,000","507,584,000","333,723,000","332,604,000","339,700,000","462,118,000","352,467,000","359,196,000","311,521,000","449,880,000","316,070,000","338,007,000","319,742,000","399,937,000","257,969,000","244,666,000","-298,540,000","491,019,000","406,143,000","423,756,000","437,296,000","551,983,000","508,524,000","509,815,000","614,973,000","661,717,000","605,691,000","572,003,000","567,512,000","565,617,000","535,104,000","486,699,000","471,268,000","503,508,000","474,024,000","457,857,000","353,913,000","348,406,000","356,794,000","327,553,000","325,025,000","319,461,000","296,397,000","308,990,000","315,568,000","216,390,000","189,557,000","181,114,000","197,663,000","173,841,000","156,990,000","148,677,000","127,300,000","119,400,000","107,800,000","105,800,000","91,000,000","85,000,000","76,700,000","79,100,000","72,500,000","72,700,000","68,900,000","66,700,000",,,"64,900,000","63,700,000",,,"57,300,000","58,700,000",,,,,,,,,,,,,,,
ReconciledDepreciation,"3,864,000","1,178,000","762,000","893,000","1,031,000","1,141,000","1,244,000","1,222,000","1,184,000","4,570,000","4,591,000","4,449,000","4,066,000","4,491,000","4,673,000","4,697,000","3,812,000","3,842,000","3,695,000","3,586,000","3,403,000","3,286,000","3,257,000","3,070,000","2,200,000","1,133,000","1,145,000","1,115,000","1,071,000","1,339,000","1,508,000","1,447,000","2,686,000","3,155,000","3,061,000","1,362,000","1,222,000","1,553,000","1,717,000","1,782,000","1,829,000","4,699,000","-995,000","4,147,000","2,661,000","3,525,000","3,640,000","3,387,000","3,586,000","3,328,000","3,268,000","3,302,000","6,416,000","6,458,000","7,153,000","7,078,000","6,994,000","10,469,000","8,208,000","3,325,000","1,919,000","438,000","2,499,000","2,528,000","2,415,000","2,715,000","3,509,000","2,577,000","2,240,000","2,865,000","3,793,000","2,757,000","2,180,000","2,446,000","2,278,000","2,572,000","2,650,000","-578,000","5,208,000","6,103,000","6,090,000","7,308,000","6,949,000","7,454,000","7,261,000","6,035,000","7,008,000","6,807,000","7,194,000","7,915,000","6,110,000","6,195,000","6,123,000","4,510,000","6,225,000","6,265,000","5,990,000","2,658,000","3,623,000","4,254,000","4,446,000","4,532,000","2,749,000","3,738,000","3,554,000","2,319,000","2,345,000","2,161,000","2,173,000","1,481,000","1,504,000","1,640,000","1,605,000","1,100,000","1,400,000","1,400,000","1,400,000","1,200,000","1,100,000","1,200,000","1,100,000","1,500,000","1,000,000","600,000","1,000,000",,,"900,000","900,000",,,,,,,,,,,,,,,,,,,
NetIncomeFromContinuingOperationNetMinorityInterest,"6,478,000","1,982,000","1,542,000","982,000","1,972,000","-24,281,000","-2,070,000","5,867,000","-517,000","-26,992,000","-2,582,000","-2,918,000","-1,575,000","-3,589,000","-4,048,000","-3,791,000","-1,736,000","-212,000","-1,934,000","-3,248,000","-2,958,000","-5,287,000","-1,737,000","-2,400,000","-2,297,000","-1,538,000","-1,673,000","-370,000","-185,000","-5,426,000","-2,715,000","-1,127,000","-2,229,000","-550,000","-2,078,000","-628,000","361,000","330,000","516,000","-351,000","-1,793,000","-18,031,000","-5,774,000","-3,238,000","-4,789,000","-45,007,000","1,998,000","-2,214,000","-10,252,000","-509,000","13,604,000","2,888,000","-12,407,000","-114,592,000","-2,243,000","-105,277,000","-60,020,000","-4,474,000","1,074,000","1,424,000","2,657,000","-43,860,000","19,974,000","5,514,000","6,737,000","6,104,000","15,303,000","6,796,000","433,000","-1,946,000","14,458,000","3,837,000","4,014,000","6,158,000","9,120,000","-3,046,000","-708,000","-29,427,000","1,895,000","642,000","830,000","-6,277,000","2,233,000","-4,699,000","1,696,000","65,000","13,044,000","11,715,000","10,221,000","11,332,000","10,806,000","10,298,000","7,709,000","9,458,000","9,433,000","6,339,000","5,579,000","7,294,000","8,439,000","7,459,000","7,305,000","6,945,000","5,625,000","4,533,000","6,151,000","7,642,000","4,089,000","6,705,000","6,816,000","7,265,000","6,130,000","5,649,000","5,965,000","5,600,000","4,900,000","4,800,000","4,500,000","3,600,000","3,300,000","2,900,000","3,100,000","1,300,000","1,200,000","1,100,000","1,600,000",,,"1,600,000","2,400,000",,,"800,000","1,300,000",,,,,,,,,,,,,,,
TotalUnusualItemsExcludingGoodwill,"-2,553,000","-995,000","-385,000","-917,000","-255,000","83,000","-1,552,000","-57,000","-1,203,000","-23,884,000","-11,000","-71,000","-231,000","-235,000","-58,000","-483,000","-531,000","-557,000","-528,000","-826,000","-37,000","-77,000","-1,394,000","-85,000","-89,000","-774,000","-193,000","190,000","46,000","-2,405,000","-95,000","-502,000","-519,000","-570,000","-515,000","-579,000","-55,000","-1,548,000","31,000","-269,000","-1,476,000","-17,761,000","-3,238,000","-2,678,000","-2,533,000","-38,408,000","318,000","804,000","690,000","750,000","4,006,000","-135,000","457,000","-93,046,000","-13,445,000","-112,288,000","-56,422,000","6,785,000","-998,000","-265,000","1,154,000","-2,314,000","-442,000","2,000","-740,000","5,474,000","-9,000","-2,541,000","-6,873,000","1,295,000","49,000","75,000","50,000","997,000","-1,412,000","-3,493,000","218,000","-36,912,000","743,000","-3,000","677,000","-3,028,000","86,000","-1,302,000","-311,000","-14,562,000","370,000","426,000","45,000","0",,"1,845,000",,,,,,,,,,,,,,,,,,,"-131,000",,,"600,000","400,000","900,000","1,000,000","500,000","700,000","800,000","600,000","600,000","100,000","100,000","100,000",,,,"300,000",,,"100,000",,,,,,,,,,,,,,,,
TotalUnusualItems,"-2,553,000","-995,000","-385,000","-917,000","-255,000","83,000","-1,552,000","-57,000","-1,203,000","-23,884,000","-11,000","-71,000","-231,000","-235,000","-58,000","-483,000","-531,000","-557,000","-528,000","-826,000","-37,000","-77,000","-1,394,000","-85,000","-89,000","-774,000","-193,000","190,000","46,000","-2,405,000","-95,000","-502,000","-519,000","-570,000","-515,000","-579,000","-55,000","-1,548,000","31,000","-269,000","-1,476,000","-17,761,000","-3,238,000","-2,678,000","-2,533,000","-38,408,000","318,000","804,000","690,000","750,000","4,006,000","-135,000","457,000","-93,046,000","-13,445,000","-112,288,000","-56,422,000","6,785,000","-998,000","-265,000","1,154,000","-2,314,000","-442,000","2,000","-740,000","5,474,000","-9,000","-2,541,000","-6,873,000","1,295,000","49,000","75,000","50,000","997,000","-1,412,000","-3,493,000","218,000","-36,912,000","743,000","-3,000","677,000","-3,028,000","86,000","-1,302,000","-311,000","-14,562,000","370,000","426,000","45,000","0",,"1,845,000",,,,,,,,,,,,,,,,,,,"-131,000",,,"600,000","400,000","900,000","1,000,000","500,000","700,000","800,000","600,000","600,000","100,000","100,000","100,000",,,,"300,000",,,"100,000",,,,,,,,,,,,,,,,
NormalizedEBITDA,"12,940,000","3,930,000","2,717,000","2,841,000","3,452,000","-23,735,000","917,000","7,270,000","1,879,000","1,483,000","2,140,000","1,645,000","2,748,000","1,174,000","868,000","1,445,000","2,561,000","2,378,000","669,000","1,271,000","562,000","-1,936,000","3,046,000","841,000","38,000","484,000","-383,000","541,000","824,000","-1,946,000","-1,167,000","917,000","194,000","2,478,000","388,000","857,000","1,654,000","3,337,000","2,277,000","1,677,000","1,616,000","2,672,000","-3,829,000","1,320,000","-298,000","-4,904,000","5,526,000","716,000","-2,590,000","-3,403,000","12,702,000","7,566,000","-6,226,000","-37,714,000","32,064,000","5,422,000","21,039,000","10,779,000","11,698,000","45,000","-4,542,000","-63,549,000","35,892,000","11,338,000","15,215,000","7,849,000","30,105,000","19,605,000","18,632,000","-382,000","59,846,000","11,794,000","11,845,000","13,128,000","24,723,000","9,131,000","5,688,000","28,288,000","13,099,000","12,860,000","12,003,000","4,777,000","17,450,000","10,724,000","18,852,000","31,749,000","39,376,000","35,908,000","33,914,000","34,932,000","33,861,000","28,716,000","28,443,000","28,518,000","29,969,000","25,378,000","24,046,000","20,965,000","23,086,000","22,146,000","21,734,000","19,868,000","16,960,000","16,760,000","18,372,000","18,044,000","13,440,000","14,827,000","14,635,000","13,376,000","13,268,000","11,958,000","11,438,000","9,600,000","9,400,000","7,900,000","7,000,000","6,800,000","5,600,000","5,700,000","5,800,000","3,500,000","4,000,000","3,800,000","4,600,000","-236,600,000","85,700,000","4,800,000","5,300,000","-217,300,000","80,900,000","2,300,000","3,500,000","-209,100,000","79,500,000","73,300,000","72,900,000","-168,300,000","63,100,000","60,500,000","57,700,000","-154,200,000","54,300,000","54,600,000","53,100,000","-148,500,000","52,000,000","48,800,000"
TaxRateForCalcs,"0.005","0.4","0.015","0.047","0.089","0.021","0.27","0.02","0.27","0.27","0.27","0.014","0.27","0.27","0.27","0.27","0.027","0.27","0.4","0.4","0.4","0.003","0.4","0.4","0.4","0.4","0.032","0.049","0.071","0.049","0.023","0.35","0.263","0.35","0.357","0.35","0.35","0.35","0.037","0.105","0.026","0.091","0.19","0.35","0.179","0.048","0.35","0.35","0.35","0.35","0.35","0.255","0.35","0.35","0.385","0.078","0.079","0.164","0.35","0.35","0.35","0.356","0.4","0.4","0.4","0.4","0.4","0.4","0.4","0.132","0.378","0.375","0.366","0.309","0.4","0.271","0.4","0.335","0.22","0.211","0.4","0.386","0.384","0.395","0.4","0.4","0.389","0.391","0.39","0.378","0.4","0.4","0.4","0.4","0.39","0.383","0.378","0.4","0.396","0.4","0.4","0.4","0.4","0.4","0.4","0.395","0.4","0.4","0.4","0.4","0.4","0.4","0.392","0.378","0.395","0.368","0.357","0.379","0.353","0.326","0.354","0.316","0.4","0.4","0.385",,,"0.385","0.368",,,"0.385","0.4",,,,,,,,,,,,,,,
TaxEffectOfUnusualItems,"-12,765","-398,000","-5,775","-43,099","-22,695","1,736.976","-419,040","-1,140","-324,810","-6,448,680","-2,970","-994","-62,370","-63,450","-15,660","-130,410","-14,337","-150,390","-211,200","-330,400","-14,800","-232.321","-557,600","-34,000","-35,600","-309,600","-6,176","9,310","3,266","-116,813.081","-2,185","-175,700","-136,497","-199,500","-183,855","-202,650","-19,250","-541,800","1,147","-28,135.204","-37,702.174","-1,610,483.534","-614,706.609","-937,300","-452,290.395","-1,829,455.5","111,300","281,400","241,500","262,500","1,402,100","-34,411.765","159,950","-32,566,100","-5,171,437.586","-8,768,167.294","-4,469,060.737","1,115,203.586","-349,300","-92,750","403,900","-824,580.259","-176,800","800","-296,000","2,189,600","-3,600","-1,016,400","-2,749,200","170,797.244","18,537.785","28,159.986","18,298.726","308,398.632","-564,800","-947,013.4","87,200","-12,381,307.561","163,496.333","-633.907","270,800","-1,170,110.088","33,045.108","-514,835.148","-124,400","-5,824,800","143,769.47","166,469.871","17,548.897","0","0","738,000","0","0","0","0","0","0","0","0","0","0","0","0","0","0","0","0","0","0","-52,400","0","0","226,666.667","158,024.691","331,578.947","357,142.857","189,655.172","247,058.824","260,465.116","212,500","189,473.684","40,000","40,000","38,461.538",,,"0","110,526.316",,,"38,461.538","0",,,,,,,,,,,,,,,