name,ttm,03/31/2022,12/31/2021,09/30/2021,06/30/2021,03/31/2021,12/31/2020,09/30/2020,06/30/2020,03/31/2020,12/31/2019,09/30/2019,06/30/2019,03/31/2019,12/31/2018,09/30/2018,06/30/2018,03/31/2018,12/31/2017,09/30/2017,06/30/2017,03/31/2017,12/31/2016,09/30/2016,06/30/2016,03/31/2016,12/31/2015,09/30/2015,06/30/2015,03/31/2015,12/31/2014,09/30/2014,06/30/2014,03/31/2014,12/31/2013,09/30/2013,06/30/2013,03/31/2013,12/31/2012,09/30/2012,06/30/2012,03/31/2012,12/31/2011,09/30/2011,06/30/2011,03/31/2011,12/31/2010,09/30/2010,06/30/2010,03/31/2010,12/31/2009,09/30/2009,06/30/2009,03/31/2009,12/31/2008,09/30/2008,06/30/2008,03/31/2008,12/31/2007,09/30/2007,06/30/2007,03/31/2007,12/31/2006,09/30/2006,06/30/2006,03/31/2006,12/31/2005,09/30/2005,06/30/2005,03/31/2005,12/31/2004,09/30/2004,06/30/2004,03/31/2004,12/31/2003,09/30/2003,06/30/2003,03/31/2003,12/31/2002,09/30/2002,06/30/2002,03/31/2002,12/31/2001,09/30/2001,06/30/2001,03/31/2001,12/31/2000,09/30/2000,06/30/2000,03/31/2000,12/31/1999,09/30/1999,06/30/1999,03/31/1999,12/31/1998,09/30/1998,06/30/1998,03/31/1998,12/31/1997,09/30/1997,06/30/1997,03/31/1997,12/31/1996,09/30/1996,06/30/1996,03/31/1996,12/31/1995,09/30/1995,06/30/1995,03/31/1995,12/31/1994,09/30/1994,06/30/1994,03/31/1994,12/31/1993,09/30/1993,06/30/1993,03/31/1993,12/31/1992,09/30/1992,06/30/1992,03/31/1992,12/31/1991,09/30/1991,06/30/1991,03/31/1991,12/31/1990,09/30/1990,06/30/1990,03/31/1990,12/31/1989,09/30/1989,06/30/1989,03/31/1989,12/31/1988,09/30/1988,06/30/1988,03/31/1988,12/31/1987,09/30/1987,06/30/1987,03/31/1987,12/31/1986,09/30/1986,06/30/1986,03/31/1986,12/31/1985,09/30/1985
TotalRevenue,"951,047,000","244,169,000","239,918,000","232,442,000","234,519,000","222,362,000","226,857,000","211,999,000","225,990,000","235,764,000","257,678,000","271,133,000","273,949,000","251,373,000","243,020,000","253,253,000","256,225,000","229,981,000","226,728,000","222,141,000","215,571,000","199,277,000","213,046,000","191,272,000","203,190,000","172,331,000","177,466,000","178,789,000","172,289,000","181,324,000","191,659,000","179,861,000","193,518,000","180,307,000","189,639,000","183,147,000","197,974,000","186,654,000","194,335,000","194,589,000","191,940,000","188,553,000","68,819,000","250,012,000","244,015,000","251,850,000","244,619,000","228,414,000","227,450,000","213,873,000","231,350,000","217,931,000","212,559,000","209,205,000","249,186,000","266,922,000","297,201,000","273,208,000","291,718,000","276,252,000","267,269,000","257,738,000","255,767,000","242,838,000","261,630,000","251,223,000","247,910,000","242,330,000","247,406,000","241,064,000","238,439,000","222,848,000","227,209,000","226,195,000","226,258,000","208,743,000","223,558,000","210,413,000","215,171,000","205,153,000","203,937,000","191,786,000","218,429,000","202,651,000","207,078,000","208,538,000","223,112,000","201,081,000","212,987,000","215,754,000","224,406,000","196,566,000","175,825,000","181,569,000","190,523,000","176,346,000","179,628,000","176,156,000","184,625,000","171,730,000","181,904,000","171,820,000","182,791,000","169,821,000","172,081,000","168,067,000","169,665,000","162,014,000","166,835,000","154,131,000","151,389,000","145,144,000","139,626,000","131,424,000","133,820,000","125,600,000","149,600,000","137,100,000","141,000,000","142,600,000","139,500,000","138,000,000","144,600,000","136,200,000","142,700,000","133,600,000","154,900,000","136,200,000","134,000,000","131,000,000","136,000,000","121,000,000","130,400,000","118,200,000","125,000,000","108,000,000","119,000,000","109,100,000","111,400,000","97,700,000","100,300,000","92,800,000","94,600,000","83,900,000","78,900,000","78,900,000","75,400,000","75,500,000"
	OperatingRevenue,"951,047,000","244,169,000","239,918,000","232,442,000","234,519,000","222,362,000","226,857,000","211,999,000","225,990,000","235,764,000","257,678,000","271,133,000","273,949,000","251,373,000","243,020,000","253,253,000","256,225,000","229,981,000","226,728,000","222,141,000","215,571,000","199,277,000","213,046,000","191,272,000","203,190,000","172,331,000","177,466,000","178,789,000","172,289,000","181,324,000","191,659,000","179,861,000","193,518,000","180,307,000","189,639,000","183,147,000","197,974,000","186,654,000","194,335,000","194,589,000","191,940,000","188,553,000","68,819,000","250,012,000","244,015,000","251,850,000","244,619,000","228,414,000","227,450,000","213,873,000","231,350,000","217,931,000","212,559,000","209,205,000","249,186,000","266,922,000","297,201,000","273,208,000","291,718,000","276,252,000","267,269,000","257,738,000","255,767,000","242,838,000","261,630,000","251,223,000","247,910,000","242,330,000","247,406,000","241,064,000","238,439,000","222,848,000","227,209,000","226,195,000","226,258,000","208,743,000","223,558,000","210,413,000","215,171,000","205,153,000","203,937,000","191,786,000","218,429,000","202,651,000","207,078,000","208,538,000","223,112,000","201,081,000","212,987,000","215,754,000","224,406,000","196,566,000","175,825,000","181,569,000","190,523,000","176,346,000","179,628,000","176,156,000","184,625,000","171,730,000","181,904,000","171,820,000","182,791,000","169,821,000","172,081,000","168,067,000","169,665,000","162,014,000","166,835,000","154,131,000","151,389,000","145,144,000","139,626,000","131,424,000","133,820,000","125,600,000","149,600,000","137,100,000","141,000,000","142,600,000","139,500,000","138,000,000","144,600,000","136,200,000","142,700,000","133,600,000","154,900,000","136,200,000","134,000,000","131,000,000","136,000,000","121,000,000","130,400,000","118,200,000","125,000,000","108,000,000","119,000,000","109,100,000","111,400,000","97,700,000","100,300,000","92,800,000","94,600,000","83,900,000","78,900,000","78,900,000","75,400,000","75,500,000"
CostOfRevenue,"569,598,000","152,565,000","143,843,000","140,400,000","132,791,000","133,816,000","135,539,000","124,697,000","123,010,000","146,292,000","161,037,000","167,026,000","168,767,000","159,602,000","160,126,000","160,227,000","164,047,000","148,330,000","149,342,000","142,706,000","152,517,000","123,372,000","135,714,000","118,852,000","124,875,000","99,830,000","105,800,000","103,045,000","117,697,000","104,640,000","118,795,000","111,242,000","118,175,000","105,498,000","117,288,000","115,146,000","120,541,000","113,885,000","115,376,000","114,938,000","113,440,000","116,719,000","35,509,000","154,254,000","149,115,000","146,857,000","148,962,000","141,879,000","141,615,000","136,644,000","150,277,000","144,013,000","143,671,000","139,174,000","174,431,000","177,772,000","194,003,000","178,278,000","198,972,000","182,463,000","170,661,000","159,352,000","165,744,000","149,537,000","157,621,000","147,247,000","155,051,000","142,689,000","146,231,000","142,729,000","143,542,000","135,603,000","139,069,000","134,417,000","135,346,000","122,460,000","130,743,000","120,919,000","126,473,000","120,460,000","117,505,000","111,327,000","128,993,000","125,711,000","121,184,000","121,413,000","137,832,000","121,661,000","127,722,000","128,434,000","132,081,000","118,197,000","102,103,000","106,549,000","111,351,000","103,016,000","101,664,000","101,344,000","103,944,000","97,815,000","103,218,000","100,005,000","104,771,000","98,068,000","99,675,000","98,307,000","98,218,000","94,212,000","95,965,000","91,237,000","85,229,000","87,353,000","85,056,000","81,230,000","114,809,000","66,900,000","84,200,000","78,700,000","78,900,000","81,700,000","80,700,000","80,700,000","79,600,000","76,600,000","83,300,000","78,800,000","93,100,000","81,000,000","76,700,000","75,300,000","73,100,000","66,200,000",,,,,,,,,,,,,,,,
GrossProfit,"381,449,000","91,604,000","96,075,000","92,042,000","101,728,000","88,546,000","91,318,000","87,302,000","102,980,000","89,472,000","96,641,000","104,107,000","105,182,000","91,771,000","82,894,000","93,026,000","92,178,000","81,651,000","77,386,000","79,435,000","63,054,000","75,905,000","77,332,000","72,420,000","78,315,000","72,501,000","71,666,000","75,744,000","54,592,000","76,684,000","72,864,000","68,619,000","75,343,000","74,809,000","72,351,000","68,001,000","77,433,000","72,769,000","78,959,000","79,651,000","78,500,000","71,834,000","33,310,000","95,758,000","94,900,000","104,993,000","95,657,000","86,535,000","85,835,000","77,229,000","81,073,000","73,918,000","68,888,000","70,031,000","74,755,000","89,150,000","103,198,000","94,930,000","92,746,000","93,789,000","96,608,000","98,386,000","90,023,000","93,301,000","104,009,000","103,976,000","92,859,000","99,641,000","101,175,000","98,335,000","94,897,000","87,245,000","88,140,000","91,778,000","90,912,000","86,283,000","92,815,000","89,494,000","88,698,000","84,693,000","86,432,000","80,459,000","89,436,000","76,940,000","85,894,000","87,125,000","85,280,000","79,420,000","85,265,000","87,320,000","92,325,000","78,369,000","73,722,000","75,020,000","79,172,000","73,330,000","77,964,000","74,812,000","80,681,000","73,915,000","78,686,000","71,815,000","78,020,000","71,753,000","72,406,000","69,760,000","71,447,000","67,802,000","70,870,000","62,894,000","66,160,000","57,791,000","54,570,000","50,194,000","19,011,000","58,700,000","65,400,000","58,400,000","62,100,000","60,900,000","58,800,000","57,300,000","65,000,000","59,600,000","59,400,000","54,800,000","61,800,000","55,200,000","57,300,000","55,700,000","62,900,000","54,800,000",,,,,,,,,,,,,,,,
OperatingExpense,"199,137,000","52,596,000","53,234,000","41,537,000","51,771,000","46,676,000","54,785,000","47,819,000","47,416,000","49,236,000","51,745,000","48,673,000","50,058,000","51,194,000","50,084,000","49,029,000","46,905,000","52,247,000","51,551,000","51,629,000","51,790,000","51,168,000","49,779,000","47,274,000","53,810,000","49,553,000","46,884,000","46,184,000","50,343,000","47,534,000","58,539,000","48,542,000","54,409,000","53,026,000","54,625,000","52,490,000","56,625,000","49,615,000","58,382,000","53,800,000","161,352,000","70,929,000","27,420,000","62,525,000","73,726,000","72,900,000","65,339,000","67,541,000","61,366,000","66,076,000","66,628,000","61,173,000","64,633,000","67,619,000","142,672,000","78,297,000","86,940,000","82,388,000","81,076,000","78,067,000","82,594,000","82,327,000","77,779,000","73,617,000","75,064,000","74,562,000","69,489,000","68,842,000","69,139,000","68,541,000","70,552,000","63,134,000","66,660,000","67,152,000","67,047,000","60,716,000","64,270,000","61,788,000","60,907,000","57,792,000","61,348,000","58,147,000","57,568,000","58,575,000","60,844,000","56,404,000","60,976,000","55,932,000","57,466,000","59,277,000","64,547,000","54,474,000","54,199,000","52,357,000","55,883,000","52,573,000","54,792,000","51,231,000","53,639,000","49,853,000","52,493,000","49,493,000","50,512,000","47,580,000","49,740,000","48,832,000","49,289,000","43,746,000","46,415,000","44,672,000","43,249,000","42,850,000","40,419,000","39,253,000","6,282,000","48,200,000","53,600,000","52,200,000","64,000,000","51,700,000","53,300,000","52,000,000","53,400,000","47,000,000","47,400,000","47,900,000","57,200,000","46,700,000","49,000,000","46,700,000","45,300,000","40,600,000",,,,,,,,,,,,,,,,
	SellingGeneralAndAdministration,"165,639,000","42,707,000","43,228,000","37,696,000","42,009,000","37,195,000","45,742,000","39,518,000","38,543,000","40,106,000","42,499,000","39,841,000","40,816,000","40,945,000","39,975,000","39,071,000","36,707,000","41,930,000","41,165,000","41,076,000","41,817,000","40,906,000","39,115,000","38,042,000","43,534,000","39,421,000","35,518,000","35,509,000","39,932,000","35,233,000","42,601,000","33,618,000","40,012,000","39,157,000","39,998,000","39,143,000","41,994,000","36,553,000","44,439,000","41,166,000","147,706,000","57,990,000","14,840,000","48,840,000","58,359,000","57,765,000","8,176,000","67,541,000","61,366,000","66,076,000","11,664,000","61,173,000","64,633,000","67,619,000","3,881,000","78,297,000","86,940,000","82,388,000","81,076,000","78,067,000","82,594,000","82,327,000","13,192,000","73,617,000","75,064,000","74,562,000","10,720,000","68,842,000","69,139,000","68,541,000","13,402,000","63,134,000","66,660,000","67,152,000","11,836,000","60,716,000","64,270,000","61,788,000","11,060,000","57,792,000","61,348,000","58,147,000","10,618,000","58,575,000","60,844,000","56,404,000","11,448,000","55,932,000","57,466,000","59,277,000","16,451,000","54,474,000","54,199,000","52,357,000","5,885,000","52,573,000","54,792,000","51,231,000","3,676,000","49,853,000","52,493,000","49,493,000","1,777,000","47,580,000","49,740,000","48,832,000","4,269,000","43,746,000","46,415,000","44,672,000","2,361,000","42,850,000","40,419,000","39,253,000","714,000","36,300,000","43,000,000","41,300,000","52,800,000","40,000,000","42,000,000","40,600,000","42,700,000","36,100,000","37,400,000","37,400,000","49,200,000","37,900,000","40,300,000","38,300,000","39,100,000","33,500,000",,,,,,,,,,,,,,,,
		GeneralAndAdministrativeExpense,,,,,,"37,195,000",,,"38,543,000","40,106,000","42,499,000","39,841,000","40,816,000","40,945,000","39,975,000","39,071,000","36,707,000","41,930,000","41,165,000","41,076,000","41,817,000","40,906,000","39,115,000","38,042,000","43,534,000","39,421,000","35,518,000","35,509,000","39,932,000","35,233,000","42,601,000","33,618,000","40,012,000","39,157,000","39,998,000","39,143,000","41,994,000","36,553,000","44,439,000","41,166,000","147,706,000","57,990,000",,,,,,,,,,,,,,,,,,,,,,,,,,,,,,,,,,,,,,,,,,,,,,,,,,,,,,,,,,,,,,,,,,,,,,,,,,,,,,,,,,,,,,,,,,,,,,,,,,,,,,,,,,
			SalariesAndWages,,,,,,,,,,"385,000","715,000","278,000","281,000","281,000","1,776,000","282,000","259,000","263,000",,,,,,,,,"0",,,,"8,190,000",,,,"0","0","0","0","0","0","110,560,000","9,175,000",,,,,,,,,,,,,,,,,,,,,,,,,,,,,,,,,,,,,,,,,,,,,,,,,,,,,,,,,,,,,,,,,,,,,,,,,,,,,,,,,,,,,,,,,,,,,,,,,,,,,,,,,,
			OtherGandA,,,,,,"37,195,000",,,"38,543,000","40,106,000","42,049,000","39,841,000","40,816,000","40,945,000","38,481,000","39,071,000","36,707,000","41,930,000","41,165,000","41,076,000","41,817,000","40,906,000","39,115,000","38,042,000","43,534,000","39,421,000","35,518,000","35,509,000","39,932,000","35,233,000","34,411,000","33,618,000","40,012,000","39,157,000","39,998,000","39,143,000","41,994,000","36,553,000","44,439,000","41,166,000","37,146,000","48,815,000",,,,,,,,,,,,,,,,,,,,,,,,,,,,,,,,,,,,,,,,,,,,,,,,,,,,,,,,,,,,,,,,,,,,,,,,,,,,,,,,,,,,,,,,,,,,,,,,,,,,,,,,,,
	ResearchAndDevelopment,"39,330,000","9,889,000","10,006,000","9,673,000","9,762,000","9,481,000","9,043,000","8,301,000","8,873,000","9,130,000","9,246,000","8,832,000","9,242,000","10,249,000","10,109,000","9,958,000","10,198,000","10,317,000","10,386,000","10,553,000","9,973,000","10,262,000","10,664,000","9,232,000","10,276,000","10,132,000","11,366,000","10,675,000","10,411,000","12,301,000","15,938,000","14,924,000","14,397,000","13,869,000","14,627,000","13,347,000","14,631,000","13,062,000","13,943,000","12,634,000","13,646,000","12,939,000","12,580,000","13,685,000","15,367,000","15,135,000",,,,,,,,,,,,,,,,,,,,,,,,,,,,,,,,,,,,,,,,,,,,,,,,,,,,,,,,,,,,,,,,,,,,,,,,,,,,,,,,,,,,,,,,,,,,,,,,,,,,,,
	DepreciationAmortizationDepletionIncomeStatement,,,,,,,,,,,,,,,,,,,,,,,,,,,,,,,,,,,,,,,,,,,,,,,,,,,,,,,,,,,,,,,,,,,,,,,,,,,,,,,,,,,,,,,,,,,,,,,,,,,,,,,,,,,,,,,,,,,,"11,900,000","10,600,000","10,900,000","11,200,000","11,700,000","11,300,000","11,400,000","10,700,000","10,900,000","10,000,000","10,500,000","8,000,000","8,800,000","8,700,000","8,400,000","6,200,000","7,100,000",,,,,,,,,,,,,,,,
		DepreciationAndAmortizationInIncomeStatement,,,,,,,,,,,,,,,,,,,,,,,,,,,,,,,,,,,,,,,,,,,,,,,,,,,,,,,,,,,,,,,,,,,,,,,,,,,,,,,,,,,,,,,,,,,,,,,,,,,,,,,,,,,,,,,,,,,,"11,900,000","10,600,000","10,900,000","11,200,000","11,700,000","11,300,000","11,400,000","10,700,000","10,900,000","10,000,000","10,500,000","8,000,000","8,800,000","8,700,000","8,400,000","6,200,000","7,100,000",,,,,,,,,,,,,,,,
	OtherOperatingExpenses,,,"0","-5,832,000",,,,,,,,,,,,,,,,,,,,,,,,,,,,,,,,,,,,,,,,,,,,,,,,,,,,,,,,,,,,,,,,,,,,,,,,,,,,,,,,,,,,,,,,,,,,,,,,,,,,,,,,,,,,,,,,,,,,,,,,,,,,,,,,,,,,,,,,,,,,,,,,
OperatingIncome,"182,312,000","39,008,000","42,841,000","50,505,000","49,957,000","41,870,000","36,533,000","39,483,000","55,564,000","40,236,000","44,896,000","55,434,000","55,124,000","40,577,000","32,810,000","43,997,000","45,273,000","29,404,000","25,835,000","27,806,000","11,264,000","24,737,000","27,553,000","25,146,000","24,505,000","22,948,000","24,782,000","29,560,000","4,249,000","29,150,000","14,325,000","20,077,000","20,934,000","21,783,000","17,726,000","15,511,000","20,808,000","23,154,000","20,577,000","25,851,000","-82,852,000","905,000","5,890,000","33,233,000","21,174,000","32,093,000","30,318,000","18,994,000","24,469,000","11,153,000","14,445,000","12,745,000","4,255,000","2,412,000","-67,917,000","10,853,000","16,258,000","12,542,000","11,670,000","15,722,000","14,014,000","16,059,000","12,244,000","19,684,000","28,945,000","29,414,000","23,370,000","30,799,000","32,036,000","29,794,000","24,345,000","24,111,000","21,480,000","24,626,000","23,865,000","25,567,000","28,545,000","27,706,000","27,791,000","26,901,000","25,084,000","22,312,000","31,868,000","18,365,000","25,050,000","30,721,000","24,304,000","23,488,000","27,799,000","28,043,000","27,778,000","23,895,000","19,523,000","22,663,000","23,289,000","20,757,000","23,172,000","23,581,000","27,042,000","24,062,000","26,193,000","22,322,000","27,508,000","24,173,000","22,666,000","20,928,000","22,158,000","24,056,000","24,455,000","18,222,000","22,911,000","14,941,000","14,151,000","10,941,000","12,729,000","10,500,000","11,800,000","6,200,000","-1,900,000","9,200,000","5,500,000","5,300,000","11,600,000","12,600,000","12,000,000","6,900,000","4,600,000","8,500,000","8,300,000","9,000,000","17,600,000","14,200,000","130,400,000","118,200,000","-262,800,000","108,000,000","119,000,000","109,100,000","-227,900,000","97,700,000","100,300,000","92,800,000","-188,800,000","83,900,000","78,900,000","78,900,000","-171,400,000","75,500,000"
NetNonOperatingInterestIncomeExpense,"-15,293,000","-3,705,000","-3,459,000","-3,808,000","-4,322,000","-3,676,000","-3,645,000","-2,338,000","-3,916,000","-4,052,000","-3,972,000","-4,068,000","-4,703,000","-4,526,000","-4,708,000","-4,721,000","-4,717,000","-4,396,000","-4,161,000","-4,545,000","-4,396,000","-4,477,000","-3,961,000","-3,787,000","-4,085,000","-2,390,000","-2,087,000","-2,890,000","-2,936,000","-2,987,000","-2,898,000","-2,757,000","-3,002,000","-3,230,000","-1,502,000","-3,687,000","-3,924,000","-4,646,000","-7,339,000","-3,997,000","-3,969,000","-4,644,000","-4,182,000","-4,377,000","-4,786,000","-4,776,000","-4,700,000","-4,833,000","-3,882,000","-3,825,000","-3,935,000","-4,772,000","-6,086,000","-5,834,000",,,,,,,,,,,,,,,,,,,,,,,,,,,,,,,,,,,,,,,,,,,,,,,,,,,,,,,,,,,,,,,,,,,,,,,,,,,,,,,,,,,,,,,,,,,,,,
	InterestExpenseNonOperating,"17,431,000","3,609,000","5,870,000","3,734,000","4,218,000","3,569,000","6,290,000","2,242,000","3,823,000","3,977,000","6,615,000","3,987,000","4,631,000","4,417,000","6,712,000","4,621,000","4,621,000","4,288,000","5,560,000","4,429,000","4,285,000","4,328,000","5,931,000","3,681,000","3,691,000","2,238,000","3,792,000","2,671,000","2,702,000","2,676,000","4,133,000","2,486,000","2,717,000","2,918,000","4,171,000","3,484,000","3,547,000","4,025,000","3,991,000",,"3,969,000","4,644,000",,"4,377,000","4,786,000",,,,,"3,825,000",,,,,,,,,,,,,,,,,,,,,,,,,,,,,,,,,,,,,,,,,,,,,,,,,,,,,,,,,,,,,,,,,,,,,,,,,,,,,,,,,,,,,,,,,,,,,,,,,,
	TotalOtherFinanceCost,"362,000","96,000","89,000","74,000","104,000","107,000","103,000","96,000","93,000","75,000","86,000","81,000","72,000","109,000","114,000","100,000","96,000","108,000","112,000","116,000","111,000","149,000","107,000","106,000","394,000","152,000","152,000","219,000","234,000","311,000","306,000","271,000","285,000","312,000","2,703,000","203,000","377,000","621,000","-9,262,000","3,997,000",,"4,644,000",,"4,377,000",,"4,776,000",,"4,833,000","3,882,000","3,825,000",,"4,772,000","6,086,000","5,834,000",,,,,,,,,,,,,,,,,,,,,,,,,,,,,,,,,,,,,,,,,,,,,,,,,,,,,,,,,,,,,,,,,,,,,,,,,,,,,,,,,,,,,,,,,,,,,,
OtherIncomeExpense,"336,000","3,770,000","182,000","-2,866,000","-749,000","-545,000","-951,000","2,131,000","-3,835,000","-16,136,000","-1,579,000","1,953,000","-1,757,000","833,000","-5,258,000","699,000","-3,219,000","-9,917,000","-6,531,000","-4,232,000","-3,856,000","-2,736,000","-2,765,000","-462,000","-4,237,000","-199,000","-11,414,000","-4,747,000","-3,797,000","-5,405,000","994,000","1,216,000","461,000","-403,000","-715,000","-4,745,000","-26,155,000","-749,000","-131,000","-5,808,000","-597,000","-4,806,000","-1,756,000","-3,079,000","-2,147,000","-5,055,000","335,000","-6,762,000","2,302,000","-832,000","6,817,000","-13,156,000","3,391,000","-17,360,000","-96,165,000","-5,866,000","-3,829,000","-5,391,000","1,667,000","-15,547,000","-8,113,000","-255,000","2,375,000","-2,365,000","203,000","-732,000","-3,728,000","697,000","35,000","-1,148,000","-10,943,000","-4,471,000","-33,116,000","-17,462,000","-5,094,000","-12,298,000","-2,145,000","-1,297,000","1,659,000","-631,000","607,000","-4,275,000","-25,589,000","3,496,000","-1,103,000","-1,186,000","1,689,000","1,002,000","-1,143,000","-247,000","-16,504,000","768,000","-149,000","125,000","-19,820,000","2,339,000","-999,000","-1,074,000","-1,549,000","-1,561,000","-338,000","-590,000","682,000","-377,000","1,206,000","-1,291,000","1,529,000","-142,000","759,000","-745,000","-3,653,000","-51,000","525,000","-1,019,000","727,000","600,000","-100,000","-900,000","5,000,000","-100,000","-800,000","500,000","-300,000","-800,000","300,000","-2,700,000","2,500,000","400,000","2,900,000","300,000","8,300,000","4,700,000",,,,,,,,,,,,,,,,
	GainOnSaleOfSecurity,"5,086,000","3,741,000","1,992,000","-472,000","-175,000","-166,000","1,133,000","148,000","-17,000","-14,834,000","749,000","2,028,000","-342,000","2,038,000","-2,863,000","3,611,000","9,000","-690,000","-2,324,000","-261,000","-1,948,000","-101,000","1,171,000","312,000","1,571,000","479,000","-1,092,000","-953,000","-1,878,000","3,299,000","2,560,000","1,916,000","1,397,000","505,000",,"-1,975,000","-1,894,000","-9,000",,,"3,133,000",,,,,,,,,,,,,,,,,,,,,,,,,,,,,,,,,,,,,,,,,,,,,,,,,,,,,,,,,,,,,,,,,,,,,,,,,,,,,,,,,,,,,,,,,,,,,,,,,,,,,,,,,,,
	EarningsFromEquityInterest,,,,,,,,,,,,,,,,,,,,,,,,,,,,,,,,,,,,,,,,,,,,,,,,,,,,,"35,000",,"252,000","159,000","58,000","-303,000","324,000","-195,000","50,000","-285,000","197,000","-196,000","66,000","177,000","9,000","32,000","298,000","170,000","131,000","158,000","299,000","-82,000","88,000","-96,000","-7,000","-88,000","62,000","145,000","-15,000","78,000","137,000","72,000","124,000","10,000","11,000","93,000","234,000","208,000","118,000","213,000","72,000","228,000","42,000","24,000","115,000","50,000","276,000","111,000","103,000","-7,000","120,000","225,000","71,000","-184,000","68,000","81,000","142,000","86,000","-59,000","72,000","86,000","27,000",,,,,,,,,,,,,,,,,,,,,,,,,,,,,,,,,,
	SpecialIncomeCharges,"-1,533,000","-254,000","-1,101,000","-187,000","9,000","-52,000","-1,547,000","-710,000","-2,837,000","-642,000","-1,766,000","244,000","-899,000","-484,000","-1,856,000","-2,552,000","-2,589,000","-8,573,000","-3,271,000","-3,503,000","-2,036,000","-2,681,000","-3,229,000","-326,000","-6,648,000","-679,000","-9,917,000","-3,717,000","-1,211,000","-9,001,000","-1,701,000","-754,000","-996,000","-1,182,000","2,605,000","-2,756,000","-24,321,000","-636,000","4,150,000","-5,808,000","-3,730,000","-4,806,000","-1,756,000","-3,079,000","-2,147,000","-5,055,000","335,000","-6,762,000","2,302,000","-832,000","6,817,000","-13,156,000","3,391,000","-17,360,000","-96,417,000","-6,025,000","-3,887,000","-5,088,000","1,343,000","-15,352,000","-8,163,000","30,000","2,178,000","-2,169,000","137,000","-909,000","-3,737,000","665,000","-263,000","-1,318,000","-11,074,000","-4,629,000","-33,415,000","-17,380,000","-5,182,000","-12,202,000","-2,138,000","-1,209,000","1,597,000","-776,000","622,000","-4,353,000","-25,726,000","3,424,000","-1,227,000","-1,196,000","1,678,000","909,000","-1,377,000","-455,000","-16,622,000","555,000","-221,000","-103,000","-19,862,000","2,315,000","-1,114,000","-1,124,000","-1,825,000","-1,672,000","-441,000","-583,000","562,000","-602,000","1,135,000","-1,107,000","1,461,000","-223,000","617,000","-831,000","-3,594,000","-123,000","439,000","-1,046,000","611,000","600,000","-100,000","-900,000","5,000,000","-100,000","-800,000","500,000","-300,000","-800,000","300,000","-2,700,000","2,500,000","400,000","2,900,000","300,000","8,300,000","4,700,000",,,,,,,,,,,,,,,,
		RestructuringAndMergernAcquisition,"1,533,000","254,000","1,101,000","187,000","-9,000","52,000","1,547,000","710,000","2,837,000","642,000","1,766,000","-244,000","899,000","484,000","1,856,000","2,552,000","2,589,000","8,573,000","3,271,000","5,503,000","2,036,000","2,681,000","723,000","326,000","6,648,000","679,000","9,917,000","3,717,000","1,211,000","9,001,000","1,701,000","919,000","1,957,000","1,182,000","-2,605,000","2,756,000","24,321,000","636,000","912,000","2,739,000","3,152,000","258,000","4,334,000","2,705,000","2,092,000","186,000","827,000","842,000","689,000","3,113,000","-2,052,000","20,231,000","33,810,000","17,179,000","24,828,000","6,731,000","1,732,000","5,362,000","-608,000","13,512,000","7,112,000",,,,,,,,,,"8,814,000","2,576,000","31,075,000","11,593,000","5,752,000","14,317,000",,,,,,,,,,,,,,,,,,,,,,,,,,,,,,,,,,,,,,,,,,,,,,,,,,,,,,,,,,,,,,,,,,,,,,,,
		ImpairmentOfCapitalAssets,,,,,,,,,,,,,,,,,,,,,,,,,,,,,,,,,,,,,,,,,,,,,,,,,,,"0","1,011,000",,,,,,,,,,,,,,,,,,,,,,,,,,,,,,,,,,,,,,,,,,,,,,,,,,,,,,,,,,,,,,,,,,,,,,,,,,,,,,,,,,,,,,,,,,,,,,,,
		OtherSpecialCharges,,,,,,,,,,,,,,,,,,,"0","-2,000,000",,,,,,,,,,,"0","-165,000","-961,000",,,,,,,"3,069,000","578,000","4,548,000","-2,578,000","374,000","55,000","4,869,000","-1,162,000","5,920,000","-2,991,000","-2,281,000","-4,765,000","-8,086,000","-37,201,000","181,000","71,589,000","-706,000","2,155,000","-274,000","-735,000","1,840,000","1,051,000",,,,,,,,,,"2,260,000","2,053,000","2,340,000","5,787,000","-570,000","-2,115,000",,,,,,,,,,,,,,,,,,,,,,,,,,,,,,,,,,,,,,,,,,,,,,,,,,,,,,,,,,,,,,,,,,,,,,,,
	OtherNonOperatingIncomeExpenses,"-3,217,000","283,000","-709,000","-2,207,000","-583,000","-327,000","-537,000","2,693,000","-981,000","-660,000","-562,000","-319,000","-516,000","-721,000","-539,000","-360,000","-639,000","-654,000","-936,000","-468,000","128,000","46,000","-707,000","-448,000","840,000","1,000","-405,000","-77,000","-708,000","297,000","135,000","54,000","60,000","274,000","-7,199,000","-14,000","60,000","-104,000","-2,567,000",,,,,,,,,,,,,,,,,,,,,,,,,,,,,,,,,,,,,,,,,,,,,,,,,,,,,,,,,,,,,,,,,,,,,,,,,,,,,,,,,,,,,,,,,,,,,,,,,,,,,,,,,,,,,
PretaxIncome,"167,355,000","39,073,000","39,564,000","43,831,000","44,886,000","37,649,000","31,937,000","39,276,000","47,813,000","20,048,000","39,345,000","53,319,000","48,664,000","36,884,000","22,844,000","39,975,000","37,337,000","15,091,000","15,143,000","19,029,000","3,012,000","17,524,000","20,827,000","20,897,000","16,183,000","20,359,000","11,281,000","21,923,000","-2,484,000","20,758,000","12,421,000","18,536,000","18,393,000","18,150,000","15,509,000","7,079,000","-9,271,000","17,759,000","13,107,000","16,046,000","-87,418,000","-8,545,000","-48,000","25,777,000","14,241,000","22,262,000","25,953,000","7,399,000","22,889,000","6,496,000","17,327,000","-5,183,000","1,560,000","-20,782,000","-97,378,000","308,000","7,608,000","3,135,000","8,606,000","-3,491,000","2,141,000","12,787,000","9,552,000","15,777,000","26,370,000","26,626,000","17,712,000","29,616,000","28,648,000","24,787,000","8,609,000","15,949,000","-15,821,000","3,592,000","14,925,000","9,455,000","22,872,000","22,626,000","22,932,000","21,588,000","21,497,000","13,532,000","946,000","14,801,000","16,077,000","20,539,000","15,534,000","13,752,000","16,089,000","17,192,000","831,000","17,961,000","15,116,000","18,008,000","-1,616,000","18,099,000","17,182,000","18,039,000","21,320,000","18,545,000","21,915,000","17,851,000","24,458,000","19,865,000","19,801,000","15,306,000","19,201,000","18,885,000","19,149,000","12,671,000","14,811,000","10,373,000","10,256,000","6,360,000","10,025,000","7,100,000","7,600,000","600,000","-1,900,000","4,700,000","100,000","800,000","6,300,000","6,300,000","8,400,000",,"1,300,000","2,900,000","6,100,000","4,300,000","17,400,000","14,500,000",,,,,,,,,,,,,,,,
TaxProvision,"48,121,000","10,998,000","10,788,000","12,889,000","13,446,000","10,040,000","4,327,000","9,686,000","15,364,000","12,454,000","9,754,000","13,194,000","14,405,000","7,476,000","9,097,000","11,491,000","7,031,000","4,609,000","9,985,000","3,809,000","1,779,000","6,550,000","4,841,000","7,488,000","6,082,000","7,043,000","-26,185,000","12,243,000","-364,000","8,519,000","4,316,000","6,762,000","7,216,000","7,457,000","6,986,000","2,381,000","-2,243,000","6,248,000","5,127,000","6,965,000","-29,643,000","-9,379,000","16,079,000","9,032,000","5,359,000","5,309,000","5,421,000","3,732,000","15,102,000","2,239,000","11,765,000","1,080,000","4,339,000","-1,605,000","-16,016,000","5,805,000","1,726,000","4,551,000","987,000","185,000","-2,214,000","3,197,000","3,540,000","1,253,000","7,749,000","7,988,000","3,637,000","11,140,000","8,595,000","6,048,000","-3,303,000","5,640,000","-104,000","217,000","4,477,000","2,809,000","6,890,000","1,545,000","5,225,000","7,556,000","7,524,000","4,736,000","350,000","5,476,000","5,333,000","8,216,000","6,214,000","4,502,000","6,918,000","7,393,000","1,899,000","7,507,000","5,895,000","7,024,000","-629,000","7,056,000","6,701,000","7,035,000","8,315,000","7,232,000","8,547,000","6,961,000","9,540,000","7,747,000","7,724,000","5,970,000","7,151,000","7,354,000","7,660,000","5,068,000","6,369,000","4,461,000","4,410,000","2,734,000","3,717,000","2,700,000","3,000,000","500,000","-1,800,000","2,700,000","-100,000","200,000","3,200,000","3,600,000","4,000,000","-600,000","1,200,000","1,600,000","2,400,000","1,800,000","5,200,000","4,500,000",,,,,,,,,,,,,,,,
EarningsFromEquityInterestNetOfTax,,,,,,,,,,,,,,,,,,,,,,,,,,,,,,,,,,,,,,,,,,,"492,000","-71,000","-120,000","-220,000","2,000","-40,000","90,000","8,000","-37,000","-1,000","35,000","280,000",,,,,,,,,,,,,,,,,,,,,,,,,,,,,,,,,,,,,,,,,,,,,,,,,,,,,,,,,,,,,,,,,,,,,,,,,,,,,,,,,,,,,,,,,,,,,,
NetIncomeCommonStockholders,"118,633,000","27,737,000","28,636,000","30,862,000","31,397,000","27,582,000","27,537,000","29,589,000","32,354,000","9,109,000","29,145,000","40,009,000","34,054,000","29,190,000","14,066,000","28,215,000","30,365,000","10,245,000","5,886,000","15,269,000","1,117,000","10,839,000","15,796,000","13,069,000","10,367,000","13,501,000","37,580,000","9,658,000","-2,172,000","12,213,000","7,917,000","11,812,000","11,219,000","10,621,000","8,687,000","4,698,000","-7,379,000","11,511,000","8,218,000","9,463,000","-33,745,000","47,041,000","-7,231,000","16,674,000","8,762,000","16,733,000","20,534,000","3,627,000","7,877,000","4,265,000","5,525,000","-6,264,000","-12,744,000","-18,897,000","-80,912,000","760,000","5,896,000","-1,492,000","7,943,000","-3,871,000","4,405,000","9,305,000","6,209,000","14,328,000","18,687,000","18,815,000","14,084,000","18,508,000","20,351,000","18,909,000","12,043,000","10,467,000","-15,418,000","3,293,000","10,536,000","6,550,000","15,975,000","20,993,000","17,769,000","14,177,000","8,121,000","8,874,000","733,000","9,397,000","10,868,000","11,204,000","9,331,000","9,343,000","9,405,000","10,007,000","-950,000","10,667,000","9,293,000","11,212,000","-945,000","11,067,000","10,596,000","11,054,000","13,281,000","11,424,000","13,471,000","10,883,000","15,038,000","12,343,000","12,148,000","7,856,000","12,118,000","11,612,000","11,631,000","7,689,000","8,383,000","5,984,000","5,932,000","3,653,000","6,424,000","4,400,000","4,600,000","100,000","-6,400,000","2,000,000","200,000","600,000","3,100,000","2,700,000","4,400,000",,"100,000","1,300,000","3,700,000","2,500,000","12,200,000","10,000,000",,,,,,,,,,,,,,,,
	NetIncome,"118,633,000","27,737,000","28,636,000","30,862,000","31,397,000","27,582,000","27,537,000","29,589,000","32,354,000","9,109,000","29,145,000","40,009,000","34,054,000","29,190,000","14,066,000","28,215,000","30,365,000","10,245,000","5,886,000","15,269,000","1,117,000","10,839,000","15,796,000","13,069,000","10,367,000","13,501,000","37,580,000","9,658,000","-2,172,000","12,213,000","7,917,000","11,812,000","11,219,000","10,621,000","8,687,000","4,698,000","-7,379,000","11,511,000","8,218,000","9,463,000","-33,745,000","47,041,000","-7,231,000","16,674,000","8,762,000","16,733,000","20,534,000","3,627,000","7,877,000","4,265,000","5,525,000","-6,264,000","-12,744,000","-18,897,000","-80,912,000","760,000","5,896,000","-1,492,000","7,943,000","-3,871,000","4,405,000","9,305,000","6,209,000","14,328,000","18,687,000","18,815,000","14,084,000","18,508,000","20,351,000","18,909,000","12,043,000","10,467,000","-15,418,000","3,293,000","10,536,000","6,550,000","15,975,000","20,993,000","17,769,000","14,177,000","8,121,000","8,874,000","733,000","9,397,000","10,868,000","11,204,000","9,331,000","9,343,000","9,405,000","10,007,000","-950,000","10,667,000","9,293,000","11,212,000","-945,000","11,067,000","10,596,000","11,054,000","13,281,000","11,424,000","13,471,000","10,883,000","15,038,000","12,343,000","12,148,000","7,856,000","12,118,000","11,612,000","11,631,000","7,689,000","8,383,000","5,984,000","5,932,000","3,653,000","6,424,000","4,400,000","4,600,000","100,000","-6,400,000","2,000,000","200,000","600,000","3,100,000","2,700,000","4,400,000",,"100,000","1,300,000","3,700,000","2,500,000","12,200,000","10,000,000",,,,,,,,,,,,,,,,
		NetIncomeIncludingNoncontrollingInterests,"119,234,000","28,075,000","28,776,000","30,942,000","31,440,000","27,609,000","27,610,000","29,590,000","32,449,000","7,594,000","29,591,000","40,125,000","34,259,000","29,408,000","13,747,000","28,484,000","30,306,000","10,482,000","5,158,000","15,220,000","1,233,000","10,974,000","15,986,000","13,409,000","10,101,000","13,316,000","37,466,000","9,680,000","-2,120,000","12,239,000","8,105,000","11,774,000","11,177,000","10,693,000","8,828,000","4,698,000","-7,379,000","11,511,000","8,218,000","9,463,000","-33,745,000","47,041,000","-7,231,000","16,674,000","8,762,000","16,733,000","20,534,000","3,627,000","7,877,000","4,265,000","5,525,000","-6,264,000","-12,744,000","-18,897,000","-80,912,000","760,000","5,896,000","-1,492,000","7,943,000","-3,871,000","4,405,000","9,305,000","6,209,000","14,328,000","18,687,000","18,815,000","14,084,000","18,508,000","20,351,000","18,909,000","12,043,000","10,467,000","-15,418,000","3,293,000","10,536,000","6,550,000","15,975,000","20,993,000","17,769,000","14,177,000","8,121,000","8,874,000","733,000","9,397,000","10,868,000","11,204,000","9,331,000","9,343,000","9,405,000","10,007,000","-950,000","10,667,000","9,293,000","11,212,000","-945,000","11,067,000","10,596,000","11,054,000","13,281,000","11,424,000","13,471,000","10,883,000","15,038,000","12,343,000","12,148,000","7,856,000","12,118,000","11,612,000","11,631,000","7,689,000","8,383,000","5,984,000","5,932,000","3,653,000","6,424,000","4,400,000","4,600,000","100,000","-6,700,000","1,900,000","-100,000","300,000","2,900,000","2,400,000","4,100,000",,"-600,000","1,300,000","3,700,000","2,500,000","12,200,000","10,000,000","12,900,000","9,400,000","8,600,000","9,000,000","12,500,000","6,200,000","7,500,000","5,600,000","7,100,000","5,000,000","4,900,000","4,300,000","2,800,000","2,800,000","2,900,000","2,800,000"
			NetIncomeContinuousOperations,"119,234,000","28,075,000","28,776,000","30,942,000","31,440,000","27,609,000","27,610,000","29,590,000","32,449,000","7,594,000","29,591,000","40,125,000","34,259,000","29,408,000","13,747,000","28,484,000","30,306,000","10,482,000","5,158,000","15,220,000","1,233,000","10,974,000","15,986,000","13,409,000","10,101,000","13,316,000","37,466,000","9,680,000","-2,120,000","12,239,000","8,105,000","11,774,000","11,177,000","10,693,000","8,523,000","4,698,000","-7,028,000","11,511,000","7,980,000","9,081,000","-57,775,000","834,000","-15,635,000","16,674,000","8,762,000","16,733,000","20,534,000","3,627,000","7,877,000","4,265,000","5,525,000","-6,264,000","-2,744,000","-18,897,000","-81,110,000","-5,338,000","5,940,000","-1,719,000","7,943,000","-3,871,000","4,405,000","9,305,000","6,209,000","14,328,000","18,687,000","18,815,000","14,084,000","18,508,000","20,351,000","18,909,000","12,043,000","10,467,000","-15,418,000","3,293,000","10,536,000","6,550,000","15,975,000","20,993,000","17,769,000","14,177,000","13,958,000","8,874,000","733,000","9,397,000","10,868,000","12,333,000","9,331,000","9,343,000","9,405,000","10,007,000","-950,000","10,667,000","9,293,000","11,212,000","-945,000","11,067,000","10,596,000","11,054,000","13,281,000","11,424,000","13,471,000","10,883,000","15,038,000","12,343,000","12,148,000","9,152,000","12,118,000","11,612,000","11,631,000","7,689,000","8,383,000","5,984,000","5,932,000","3,653,000","6,424,000","4,400,000","4,600,000","100,000","-100,000","2,000,000","200,000","600,000","3,100,000","2,700,000","4,400,000",,"100,000","1,300,000","3,700,000","2,500,000","12,200,000","10,000,000","12,900,000","9,400,000","8,600,000","9,000,000","12,500,000","6,200,000","7,500,000","5,600,000","7,100,000","5,000,000","4,900,000","4,300,000","2,800,000","2,800,000","2,900,000","2,800,000"
			NetIncomeDiscontinuousOperations,,,,,,,,,,,,,,,,,,,,,,,,,,,,,,,"0","0","0","0","305,000","0","-351,000","0","238,000","382,000","24,030,000","46,207,000",,,,,"0","0","0",,"0","0","-10,000,000","0","198,000","6,098,000","-44,000","227,000",,,,,,,,,,,,,,,,,,,,,,,,,,,,,,,,,,,,,,,,,,,,,,,,,,,,,,,,,,,,,,,,,,,,,,,,,,,,,,,,,,,,,,,,,,
			NetIncomeExtraordinary,,,,,,,,,,,,,,,,,,,,,,,,,,,,,,,,,,,,,,,,,,,,,,,,,,,,,,,,,,,,,,,,,,,,,,,,,,,,,,,"0",,"-5,837,000",,"0",,,"-1,129,000",,,,,,,,,,,,,,,,,,,,,,,,,,,,,,,,,,,,,,,,,,,,,,,,,,,,,,,,,,,,,,
			NetIncomeFromTaxLossCarryforward,,,,,,,,,,,,,,,,,,,,,,,,,,,,,,,,,,,,,,,,,,,,,,,,,,,,,,,,,,,,,,,,,,,,,,,,,,,,,,,,,,,,,,,,,,,,,,,,,,,,,,,"0",,,"-1,296,000",,,,,,,,,,,,,,,,,,,,,,,,,,,,,,,,,,,,,,,,,,
		MinorityInterests,"-601,000","-338,000","-140,000","-80,000","-43,000","-27,000","-73,000","-1,000","-95,000","1,515,000","-446,000","-116,000","-205,000","-218,000","319,000","-269,000","59,000","-237,000","728,000","49,000","-116,000","-135,000","-190,000","-340,000","266,000","185,000","114,000","-22,000","-52,000","-26,000","-188,000","38,000","42,000","-72,000","-141,000",,,,,,,,,,,,,,,,,,,,,,,,,,,,,,,,,,,,,,,,,,,,,,,,,,,,,,,,,,,,,,,,,,,,,,,,,,,,,,,,,,,,"300,000","100,000","300,000","300,000","200,000","300,000","300,000","300,000",,,,,,,,,,,,,,,,,,,,,,
DilutedNIAvailtoComStockholders,"118,633,000","27,737,000","28,636,000","30,862,000","31,397,000","27,582,000","27,537,000","29,589,000","32,354,000","9,109,000","29,145,000","40,009,000","34,054,000","29,190,000","14,066,000","28,215,000","30,365,000","10,245,000","5,886,000","15,269,000","1,117,000","10,839,000","15,796,000","13,069,000","10,367,000","13,501,000","37,580,000","9,658,000","-2,172,000","12,213,000","7,917,000","11,812,000","11,219,000","10,621,000","8,687,000","4,698,000","-7,379,000","11,511,000","8,218,000","9,463,000","-33,745,000","47,041,000","-7,231,000","16,674,000","8,762,000","16,733,000","20,534,000","3,627,000","7,877,000","4,265,000","5,525,000","-6,264,000","-12,744,000","-18,897,000","-80,912,000","760,000","5,896,000","-1,492,000","7,943,000","-3,871,000","4,405,000","9,305,000","6,209,000","14,328,000","18,687,000","18,815,000","14,084,000","18,508,000","20,351,000","18,909,000","12,043,000","10,467,000","-15,418,000","3,293,000","10,536,000","6,550,000","15,975,000","20,993,000","17,769,000","14,177,000","8,121,000","8,874,000","733,000","9,397,000","10,868,000","11,204,000","9,331,000","9,343,000","9,405,000","10,007,000","-950,000","10,667,000","9,293,000","11,212,000","-945,000","11,067,000","10,596,000","11,054,000","13,281,000","11,424,000","13,471,000","10,883,000","15,038,000","12,343,000","12,148,000","7,856,000","12,118,000","11,612,000","11,631,000","7,689,000","8,383,000","5,984,000","5,932,000","3,653,000","6,424,000","4,400,000","4,600,000","100,000","-6,400,000","2,000,000","200,000","600,000","3,100,000","2,700,000","4,400,000",,"100,000","1,300,000","3,700,000","2,500,000","12,200,000","10,000,000",,,,,,,,,,,,,,,,
BasicEPS,,"0.87","0.89","0.95","0.97","0.85","0.85","0.92","1","0.28","0.9","1.24","1.05","0.9","0.55","0.87","0.94","0.32","0.12","0.47","0.03","0.34","0.49","0.41","0.32","0.42","1.17","0.3","-0.07","0.38","0.25","0.37","0.35","0.33","0.27","0.15","-0.23","0.37","0.26","0.3","-1.08","1.5",,"0.53","0.28","0.54",,"0.12","0.25","0.14",,"-0.2","-0.41","-0.63",,"0.03","0.2","-0.05",,"-0.13","0.15","0.32",,"0.49","0.63","0.6",,"0.58","0.64","0.6",,"0.33","-0.47","0.1",,"0.2","0.49","0.65",,"0.44","0.25","0.28",,"0.3","0.35","0.36",,"0.3","0.31","0.33",,"0.36","0.31","0.37",,"0.37","0.35","0.37",,"0.37","0.44","0.36",,"0.41","0.4","0.26",,"0.39","0.36","0.26",,"0.2","0.2","0.12",,"0.18","0.17","0.01",,"0.08","0.01","0.02",,"0.1","0.18",,,"0.05","0.15","0.1",,"0.38","0.5","0.35",,"0.34","0.48","0.25",,"0.25","0.32","0.23",,"0.17","0.11","0.11",,"0.11"
DilutedEPS,,"0.87","0.88","0.95","0.97","0.85","0.85","0.91","1","0.28","0.9","1.24","1.05","0.9","0.54","0.87","0.94","0.32","0.12","0.47","0.03","0.34","0.49","0.41","0.32","0.42","1.17","0.3","-0.07","0.38","0.25","0.37","0.35","0.33","0.27","0.15","-0.23","0.36","0.26","0.3","-1.08","1.49",,"0.53","0.28","0.53",,"0.12","0.25","0.14",,"-0.2","-0.41","-0.63",,"0.03","0.2","-0.05",,"-0.13","0.15","0.31",,"0.48","0.62","0.59",,"0.57","0.63","0.59",,"0.32","-0.47","0.1",,"0.19","0.48","0.64",,"0.43","0.25","0.27",,"0.3","0.35","0.36",,"0.3","0.31","0.33",,"0.36","0.3","0.37",,"0.37","0.35","0.36",,"0.37","0.44","0.36",,"0.41","0.4","0.26",,"0.36","0.34","0.26",,"0.2","0.2","0.12",,"0.18","0.17","0.01",,"0.08","0.01","0.02",,"0.1","0.18",,,"0.05","0.15","0.1",,"0.38","0.5","0.35",,"0.34","0.48","0.25",,"0.25","0.32","0.23",,"0.17","0.11","0.11",,"0.11"
BasicAverageShares,,"31,877,000","32,285,000","32,381,000","32,375,000","32,352,000","32,339,000","32,337,000","32,328,000","32,312,000","32,308,000","32,306,000","32,299,000","32,272,000","32,266,000","32,264,000","32,257,000","32,220,000","32,196,000","32,187,000","32,166,000","32,128,000","32,107,000","32,104,000","32,093,000","32,041,000","32,016,000","32,012,000","31,999,000","31,882,000","31,859,000","31,848,000","31,832,000","31,786,000","31,748,000","31,719,000","31,628,000","31,496,000","31,402,000","31,363,000","31,349,000","31,309,000",,"31,278,000","31,263,000","31,223,000",,"31,118,000","31,058,000","30,943,000",,"30,808,000","30,723,000","30,046,000",,"29,857,000","29,760,000","29,612,000",,"29,492,000","29,380,000","29,265,000",,"29,103,000","29,554,000","31,419,000",,"32,063,000","31,770,000","31,534,000",,"32,160,000","33,094,000","33,596,000",,"33,064,000","32,605,000","32,438,000",,"32,306,000","32,214,000","31,608,000",,"31,189,000","31,027,000","30,846,000",,"30,671,000","30,600,224","30,503,925",,"29,776,000","29,727,000","29,643,000",,"29,783,000","30,160,000","30,071,000",,"30,878,000","30,664,000","30,547,000",,"30,388,000","30,349,000","30,285,000",,"30,296,000","30,116,000","30,046,000",,"29,972,000","29,935,000","29,895,000",,"24,444,444","27,058,824","26,740,000",,"25,000,000","20,000,000","30,000,000",,"27,000,000","24,444,444","26,435,000",,"26,000,000","24,666,667","25,000,000",,"26,315,789","26,117,000","26,138,000",,"25,690,000","25,532,000","25,315,000",,"25,315,000",,,,,,,,
DilutedAverageShares,,"31,961,000","32,398,000","32,434,000","32,422,000","32,401,000","32,365,000","32,344,000","32,336,000","32,320,000","32,317,000","32,317,000","32,311,000","32,285,000","32,279,000","32,280,000","32,273,000","32,236,000","32,218,000","32,214,000","32,200,000","32,164,000","32,145,000","32,141,000","32,131,000","32,081,000","32,059,000","32,055,000","31,999,000","31,972,000","32,006,000","31,946,000","31,935,000","32,051,000","32,020,000","32,010,000","31,628,000","31,782,000","31,681,000","31,550,000","31,349,000","31,533,000",,"31,462,000","31,489,000","31,384,000",,"31,211,000","31,161,000","31,033,000",,"30,808,000","30,723,000","30,046,000",,"29,857,000","30,051,000","29,612,000",,"29,492,000","29,818,000","29,672,000",,"29,594,000","30,094,000","31,953,000",,"32,513,000","32,246,000","32,099,000",,"32,732,000","33,094,000","34,240,000",,"33,766,000","33,163,000","32,857,000",,"32,707,000","32,846,000","32,282,000",,"31,450,000","31,370,000","30,973,000",,"30,671,000","30,600,224","30,503,925",,"29,776,000","29,727,000","29,643,000",,"29,783,000","30,160,000","30,071,000",,"30,878,000","30,664,000","30,547,000",,"30,388,000","30,349,000","30,285,000",,"30,296,000","30,116,000","30,046,000",,"29,972,000","29,935,000","29,895,000",,"24,444,444","27,058,824","26,740,000",,"25,000,000","20,000,000","30,000,000",,"27,000,000","24,444,444","26,435,000",,"26,000,000","24,666,667","25,000,000",,"26,315,789","26,117,000","26,138,000",,"25,690,000","25,532,000","25,315,000",,"25,315,000",,,,,,,,
TotalOperatingIncomeAsReported,"174,947,000","38,754,000","41,740,000","44,486,000","49,966,000","41,818,000","34,986,000","38,773,000","52,727,000","39,594,000","43,580,000","55,678,000","54,225,000","40,093,000","32,448,000","41,445,000","42,684,000","20,831,000","22,564,000","22,303,000","9,228,000","22,056,000","26,830,000","24,820,000","17,857,000","22,269,000","14,865,000","25,843,000","3,038,000","20,149,000","12,624,000","19,158,000","18,977,000","20,601,000","19,831,000","13,255,000","-3,513,000","22,518,000","19,665,000","23,112,000","-86,004,000","647,000","1,556,000","30,528,000","19,082,000","31,907,000","29,491,000","18,152,000","23,780,000","8,040,000","16,497,000","-8,497,000","-29,555,000","-14,767,000","-92,745,000","4,122,000","14,526,000","7,180,000","12,278,000","2,210,000","6,902,000","16,059,000","12,244,000","19,684,000","28,945,000","29,414,000","23,370,000","30,799,000","32,036,000","29,794,000","15,531,000","21,535,000","-9,595,000","13,033,000","18,113,000","11,250,000","28,545,000","27,706,000","27,791,000","26,901,000","25,084,000","22,312,000","9,976,000","18,365,000","25,050,000","30,721,000","24,304,000","23,488,000","27,799,000","28,043,000","10,906,000","23,895,000","19,523,000","22,663,000","3,098,000","20,757,000","23,172,000","23,581,000","27,042,000","24,062,000","26,193,000","22,322,000","27,508,000","24,173,000","22,666,000","20,928,000","22,158,000","24,056,000","24,455,000","18,222,000","22,911,000","14,941,000","14,151,000","10,941,000","12,310,000","10,500,000","11,800,000","6,200,000","-1,900,000","9,200,000","5,500,000","5,300,000","11,600,000","12,600,000","12,000,000","6,900,000","4,600,000","8,500,000","8,300,000","9,000,000","17,600,000","14,200,000",,,,,,,,,,,,,,,,
TotalExpenses,"768,735,000","205,161,000","197,077,000","181,937,000","184,562,000","180,492,000","190,324,000","172,516,000","170,426,000","195,528,000","212,782,000","215,699,000","218,825,000","210,796,000","210,210,000","209,256,000","210,952,000","200,577,000","200,893,000","194,335,000","204,307,000","174,540,000","185,493,000","166,126,000","178,685,000","149,383,000","152,684,000","149,229,000","168,040,000","152,174,000","177,334,000","159,784,000","172,584,000","158,524,000","171,913,000","167,636,000","177,166,000","163,500,000","173,758,000","168,738,000","274,792,000","187,648,000","62,929,000","216,779,000","222,841,000","219,757,000","214,301,000","209,420,000","202,981,000","202,720,000","216,905,000","205,186,000","208,304,000","206,793,000","317,103,000","256,069,000","280,943,000","260,666,000","280,048,000","260,530,000","253,255,000","241,679,000","243,523,000","223,154,000","232,685,000","221,809,000","224,540,000","211,531,000","215,370,000","211,270,000","214,094,000","198,737,000","205,729,000","201,569,000","202,393,000","183,176,000","195,013,000","182,707,000","187,380,000","178,252,000","178,853,000","169,474,000","186,561,000","184,286,000","182,028,000","177,817,000","198,808,000","177,593,000","185,188,000","187,711,000","196,628,000","172,671,000","156,302,000","158,906,000","167,234,000","155,589,000","156,456,000","152,575,000","157,583,000","147,668,000","155,711,000","149,498,000","155,283,000","145,648,000","149,415,000","147,139,000","147,507,000","137,958,000","142,380,000","135,909,000","128,478,000","130,203,000","125,475,000","120,483,000","121,091,000","115,100,000","137,800,000","130,900,000","142,900,000","133,400,000","134,000,000","132,700,000","133,000,000","123,600,000","130,700,000","126,700,000","150,300,000","127,700,000","125,700,000","122,000,000","118,400,000","106,800,000",,,,,,,,,,,,,,,,
NetIncomeFromContinuingAndDiscontinuedOperation,"118,633,000","27,737,000","28,636,000","30,862,000","31,397,000","27,582,000","27,537,000","29,589,000","32,354,000","9,109,000","29,145,000","40,009,000","34,054,000","29,190,000","14,066,000","28,215,000","30,365,000","10,245,000","5,886,000","15,269,000","1,117,000","10,839,000","15,796,000","13,069,000","10,367,000","13,501,000","37,580,000","9,658,000","-2,172,000","12,213,000","7,917,000","11,812,000","11,219,000","10,621,000","8,687,000","4,698,000","-7,379,000","11,511,000","8,218,000","9,463,000","-33,745,000","47,041,000","-7,231,000","16,674,000","8,762,000","16,733,000","20,534,000","3,627,000","7,877,000","4,265,000","5,525,000","-6,264,000","-12,744,000","-18,897,000","-80,912,000","760,000","5,896,000","-1,492,000","7,943,000","-3,871,000","4,405,000","9,305,000","6,209,000","14,328,000","18,687,000","18,815,000","14,084,000","18,508,000","20,351,000","18,909,000","12,043,000","10,467,000","-15,418,000","3,293,000","10,536,000","6,550,000","15,975,000","20,993,000","17,769,000","14,177,000","13,958,000","8,874,000","733,000","9,397,000","10,868,000","12,333,000","9,331,000","9,343,000","9,405,000","10,007,000","-950,000","10,667,000","9,293,000","11,212,000","-945,000","11,067,000","10,596,000","11,054,000","13,281,000","11,424,000","13,471,000","10,883,000","15,038,000","12,343,000","12,148,000","9,152,000","12,118,000","11,612,000","11,631,000","7,689,000","8,383,000","5,984,000","5,932,000","3,653,000","6,424,000","4,400,000","4,600,000","100,000","-100,000","2,000,000","200,000","600,000","3,100,000","2,700,000","4,400,000",,"100,000","1,300,000","3,700,000","2,500,000","12,200,000","10,000,000",,,,,,,,,,,,,,,,
NormalizedIncome,"116,101,624.17","25,229,847","27,987,950.864","31,327,254","31,513,200","27,741,794","27,894,909.008","30,012,186","34,291,866","20,406,480","29,909,876.02","38,298,184","34,927,664","27,951,462","16,905,786.946","27,459,933","32,459,960","16,682,785","9,243,000","18,280,200","3,507,400","12,580,532","17,375,641.235","13,077,988","13,535,048","13,631,800","44,185,400","12,460,000","462,917","15,634,200","7,356,481.926","11,074,130","10,975,321.59","11,061,050","4,167,400","7,839,384","12,842,970","11,928,960","8,928,564.889","12,856,200","-57,380,439.669","3,957,900","-14,493,600","18,674,149.552","10,101,067.06","20,582,493.082","20,268,973.991","8,022,300","6,380,700","4,810,231.527","1,093,950","2,287,400","-4,948,150","-2,877,717.929","-550,941.958","-1,421,750","8,945,170.084","1,588,200","6,754,025.215","6,107,800","9,710,950","9,282,500.587","4,838,173.367","16,324,739.304","18,590,258.362","19,451,293.172","17,053,640.639","18,093,138.439","20,535,094.492","19,905,409.489","18,687,400","13,459,059.753","17,777,345.111","19,623,038.976","14,163,573.601","15,126,889.688","17,468,945.261","22,119,444.312","16,535,872.536","14,681,392.811","13,553,701.447","11,703,514.336","16,940,923.89","7,239,794.406","11,687,984.325","13,050,600","8,324,200","8,731,579.843","10,231,200","10,280,000","9,023,200","10,334,000","9,427,813.509","11,274,824.967","11,186,060.644","9,654,516.161","11,275,538.703","11,739,653.085","14,394,232.88","12,443,969.587","13,740,006.982","11,238,659.067","14,695,211.71","12,710,230.607","11,455,742.286","9,827,222.266","11,201,118.067","11,748,161.663","11,260,800","8,187,626.233","10,539,400","6,057,800","5,668,600","4,280,600","6,039,542.344","4,028,169.014","4,660,526.316","640,000","-3,100,000","2,060,000","680,000","225,000","3,280,000","3,180,000","4,220,000",,"-1,400,000","1,060,000","1,940,983.607","2,320,000","6,380,459.77","6,758,620.69",,,,,,,,,,,,,,,,
InterestExpense,"17,431,000","3,609,000","5,870,000","3,734,000","4,218,000","3,569,000","6,290,000","2,242,000","3,823,000","3,977,000","6,615,000","3,987,000","4,631,000","4,417,000","6,712,000","4,621,000","4,621,000","4,288,000","5,560,000","4,429,000","4,285,000","4,328,000","5,931,000","3,681,000","3,691,000","2,238,000","3,792,000","2,671,000","2,702,000","2,676,000","4,133,000","2,486,000","2,717,000","2,918,000","4,171,000","3,484,000","3,547,000","4,025,000","3,991,000",,"3,969,000","4,644,000",,"4,377,000","4,786,000",,,,,"3,825,000",,,,,,,,,,,,,,,,,,,,,,,,,,,,,,,,,,,,,,,,,,,,,,,,,,,,,,,,,,,,,,,,,,,,,,,,,,,,,,,,,,,,,,,,,,,,,,,,,,
NetInterestIncome,"-15,293,000","-3,705,000","-3,459,000","-3,808,000","-4,322,000","-3,676,000","-3,645,000","-2,338,000","-3,916,000","-4,052,000","-3,972,000","-4,068,000","-4,703,000","-4,526,000","-4,708,000","-4,721,000","-4,717,000","-4,396,000","-4,161,000","-4,545,000","-4,396,000","-4,477,000","-3,961,000","-3,787,000","-4,085,000","-2,390,000","-2,087,000","-2,890,000","-2,936,000","-2,987,000","-2,898,000","-2,757,000","-3,002,000","-3,230,000","-1,502,000","-3,687,000","-3,924,000","-4,646,000","-7,339,000","-3,997,000","-3,969,000","-4,644,000","-4,182,000","-4,377,000","-4,786,000","-4,776,000","-4,700,000","-4,833,000","-3,882,000","-3,825,000","-3,935,000","-4,772,000","-6,086,000","-5,834,000",,,,,,,,,,,,,,,,,,,,,,,,,,,,,,,,,,,,,,,,,,,,,,,,,,,,,,,,,,,,,,,,,,,,,,,,,,,,,,,,,,,,,,,,,,,,,,
EBIT,"184,786,000","42,682,000","45,434,000","47,565,000","49,104,000","41,218,000","38,227,000","41,518,000","51,636,000","24,025,000","45,960,000","57,306,000","53,295,000","41,301,000","29,556,000","44,596,000","41,958,000","19,379,000","20,703,000","23,458,000","7,297,000","21,852,000","26,758,000","24,578,000","19,874,000","22,597,000","15,073,000","24,594,000","218,000","23,434,000","16,554,000","21,022,000","21,110,000","21,068,000","19,680,000","10,563,000","-5,724,000","21,784,000","7,404,000","25,851,000","-83,449,000","905,000","-4,120,000","33,233,000","19,027,000","32,093,000","28,247,000","18,994,000","24,469,000","11,153,000","-5,122,000","12,745,000","4,255,000","2,412,000","-67,917,000","10,853,000","16,258,000","12,542,000","11,670,000","15,722,000","14,014,000","16,059,000","12,244,000","19,684,000","28,945,000","29,414,000","23,370,000","30,799,000","32,036,000","29,794,000","24,345,000","24,111,000","21,480,000","24,626,000","23,865,000","25,567,000","28,545,000","27,706,000","27,791,000","26,901,000","25,084,000","22,312,000","31,868,000","18,365,000","25,050,000","30,721,000","24,304,000","23,488,000","27,799,000","28,043,000","27,778,000","23,895,000","19,523,000","22,663,000","23,289,000","20,757,000","23,172,000","23,581,000","27,042,000","24,062,000","26,193,000","22,322,000","27,508,000","24,173,000","22,666,000","20,928,000","22,158,000","24,056,000","24,455,000","18,222,000","22,911,000","14,941,000","14,151,000","10,941,000","12,729,000","10,500,000","11,800,000","6,200,000","-1,900,000","9,200,000","5,500,000","5,300,000","11,600,000","12,600,000","12,000,000","6,900,000","4,600,000","8,500,000","8,300,000","9,000,000","17,600,000","14,200,000","130,400,000","118,200,000","-262,800,000","108,000,000","119,000,000","109,100,000","-227,900,000","97,700,000","100,300,000","92,800,000","-188,800,000","83,900,000","78,900,000","78,900,000","-171,400,000","75,500,000"
EBITDA,"257,921,000"
ReconciledCostOfRevenue,"569,598,000","152,565,000","143,843,000","140,400,000","132,791,000","133,816,000","135,539,000","124,697,000","123,010,000","146,292,000","161,037,000","167,026,000","168,767,000","159,602,000","160,126,000","160,227,000","164,047,000","148,330,000","149,342,000","142,706,000","152,517,000","123,372,000","135,714,000","118,852,000","124,875,000","99,830,000","105,800,000","103,045,000","117,697,000","104,640,000","118,795,000","111,242,000","118,175,000","105,498,000","117,288,000","115,146,000","120,541,000","113,885,000","115,376,000","114,938,000","113,440,000","116,719,000","35,509,000","154,254,000","149,115,000","146,857,000","148,962,000","141,879,000","141,615,000","136,644,000","150,277,000","144,013,000","143,671,000","139,174,000","174,431,000","177,772,000","194,003,000","178,278,000","198,972,000","182,463,000","170,661,000","159,352,000","165,744,000","149,537,000","157,621,000","147,247,000","155,051,000","142,689,000","146,231,000","142,729,000","143,542,000","135,603,000","139,069,000","134,417,000","135,346,000","122,460,000","130,743,000","120,919,000","126,473,000","120,460,000","117,505,000","111,327,000","128,993,000","125,711,000","121,184,000","121,413,000","137,832,000","121,661,000","127,722,000","128,434,000","132,081,000","118,197,000","102,103,000","106,549,000","111,351,000","103,016,000","101,664,000","101,344,000","103,944,000","97,815,000","103,218,000","100,005,000","104,771,000","98,068,000","99,675,000","98,307,000","98,218,000","94,212,000","95,965,000","91,237,000","85,229,000","87,353,000","85,056,000","81,230,000","114,809,000","66,900,000","84,200,000","78,700,000","78,900,000","81,700,000","80,800,000","80,700,000","79,600,000","76,700,000","83,300,000","78,800,000","93,100,000","80,700,000","76,400,000","75,300,000","73,100,000","66,200,000",,,,,,,,,,,,,,,,
ReconciledDepreciation,"73,135,000","17,762,000","18,908,000","18,214,000","18,251,000","18,882,000","18,399,000","18,282,000","17,954,000","18,070,000","17,831,000","17,254,000","17,754,000","17,956,000","18,613,000","19,802,000","19,673,000","20,948,000","18,700,000","18,130,000","17,833,000","17,293,000","16,237,000","18,445,000","17,959,000","14,820,000","14,833,000","14,743,000","15,184,000","15,354,000","16,551,000","15,736,000","16,097,000","15,908,000","16,037,000","15,797,000","16,081,000","15,874,000","15,735,000","15,546,000","16,107,000","16,131,000","16,702,000","16,668,000","16,705,000","16,310,000","16,056,000","15,460,000","15,585,000","15,895,000","17,457,000","17,870,000","16,046,000","17,453,000","17,989,000","15,720,000","16,440,000","16,011,000","15,892,000","15,583,000","15,724,000","15,318,000","16,006,000","14,547,000","14,945,000","13,952,000","13,998,000","13,141,000","14,205,000","14,101,000","12,814,000","13,663,000","13,985,000","14,753,000","13,665,000","14,312,000","14,333,000","13,784,000","14,147,000","13,217,000","12,821,000","12,678,000","13,884,000","14,722,000","14,228,000","14,712,000","14,439,000","15,985,000","15,708,000","16,084,000","17,212,000","13,838,000","12,353,000","12,471,000","13,801,000","11,614,000","11,181,000","12,231,000","11,842,000","10,889,000","11,007,000","11,253,000","10,701,000","11,642,000","11,273,000","11,573,000","10,702,000","10,842,000","10,845,000","10,698,000","8,216,000","9,947,000","10,516,000","9,970,000","8,569,000","11,900,000","10,600,000","10,900,000","11,200,000","11,700,000","11,200,000","11,400,000","10,700,000","10,800,000","10,000,000","10,500,000","8,000,000","9,100,000","9,000,000","8,400,000","6,200,000","7,100,000",,,,,,,,,,,,,,,,
NetIncomeFromContinuingOperationNetMinorityInterest,"118,633,000","27,737,000","28,636,000","30,862,000","31,397,000","27,582,000","27,537,000","29,589,000","32,354,000","9,109,000","29,145,000","40,009,000","34,054,000","29,190,000","14,066,000","28,215,000","30,365,000","10,245,000","5,886,000","15,269,000","1,117,000","10,839,000","15,796,000","13,069,000","10,367,000","13,501,000","37,580,000","9,658,000","-2,172,000","12,213,000","7,917,000","11,812,000","11,219,000","10,621,000","8,382,000","4,698,000","-7,028,000","11,511,000","7,980,000","9,081,000","-57,775,000","834,000","-15,635,000","16,674,000","8,762,000","16,733,000","20,534,000","3,627,000","7,877,000","4,265,000","5,525,000","-6,264,000","-2,744,000","-18,897,000","-81,110,000","-5,338,000","5,940,000","-1,719,000","7,943,000","-3,871,000","4,405,000","9,305,000","6,209,000","14,328,000","18,687,000","18,815,000","14,084,000","18,508,000","20,351,000","18,909,000","12,043,000","10,467,000","-15,418,000","3,293,000","10,536,000","6,550,000","15,975,000","20,993,000","17,769,000","14,177,000","13,958,000","8,874,000","733,000","9,397,000","10,868,000","12,333,000","9,331,000","9,343,000","9,405,000","10,007,000","-950,000","10,667,000","9,293,000","11,212,000","-945,000","11,067,000","10,596,000","11,054,000","13,281,000","11,424,000","13,471,000","10,883,000","15,038,000","12,343,000","12,148,000","9,152,000","12,118,000","11,612,000","11,631,000","7,689,000","8,383,000","5,984,000","5,932,000","3,653,000","6,424,000","4,400,000","4,600,000","100,000","-100,000","2,000,000","200,000","600,000","3,100,000","2,700,000","4,400,000",,"100,000","1,300,000","3,700,000","2,500,000","12,200,000","10,000,000",,,,,,,,,,,,,,,,
TotalUnusualItemsExcludingGoodwill,"3,553,000","3,487,000","891,000","-659,000","-166,000","-218,000","-414,000","-562,000","-2,854,000","-15,476,000","-1,017,000","2,272,000","-1,241,000","1,554,000","-4,719,000","1,059,000","-2,580,000","-9,263,000","-5,595,000","-3,764,000","-3,984,000","-2,782,000","-2,058,000","-14,000","-5,077,000","-200,000","-11,009,000","-4,670,000","-3,089,000","-5,702,000","859,000","1,162,000","401,000","-677,000","6,484,000","-4,731,000","-26,215,000","-645,000","-1,558,000","-5,808,000","-597,000","-4,806,000","-1,756,000","-3,079,000","-2,147,000","-5,055,000","335,000","-6,762,000","2,302,000","-832,000","6,817,000","-13,156,000","3,391,000","-17,360,000","-96,417,000","-6,025,000","-3,887,000","-5,088,000","1,343,000","-15,352,000","-8,163,000","30,000","2,178,000","-2,169,000","137,000","-909,000","-3,737,000","665,000","-263,000","-1,318,000","-11,074,000","-4,629,000","-33,415,000","-17,380,000","-5,182,000","-12,202,000","-2,138,000","-1,209,000","1,597,000","-776,000","622,000","-4,353,000","-25,726,000","3,424,000","-1,227,000","-1,196,000","1,678,000","909,000","-1,377,000","-455,000","-16,622,000","555,000","-221,000","-103,000","-19,862,000","2,315,000","-1,114,000","-1,124,000","-1,825,000","-1,672,000","-441,000","-583,000","562,000","-602,000","1,135,000","-1,107,000","1,461,000","-223,000","617,000","-831,000","-3,594,000","-123,000","439,000","-1,046,000","611,000","600,000","-100,000","-900,000","5,000,000","-100,000","-800,000","500,000","-300,000","-800,000","300,000",,"2,500,000","400,000","2,900,000","300,000","8,300,000","4,700,000",,,,,,,,,,,,,,,,
TotalUnusualItems,"3,553,000","3,487,000","891,000","-659,000","-166,000","-218,000","-414,000","-562,000","-2,854,000","-15,476,000","-1,017,000","2,272,000","-1,241,000","1,554,000","-4,719,000","1,059,000","-2,580,000","-9,263,000","-5,595,000","-3,764,000","-3,984,000","-2,782,000","-2,058,000","-14,000","-5,077,000","-200,000","-11,009,000","-4,670,000","-3,089,000","-5,702,000","859,000","1,162,000","401,000","-677,000","6,484,000","-4,731,000","-26,215,000","-645,000","-1,558,000","-5,808,000","-597,000","-4,806,000","-1,756,000","-3,079,000","-2,147,000","-5,055,000","335,000","-6,762,000","2,302,000","-832,000","6,817,000","-13,156,000","3,391,000","-17,360,000","-96,417,000","-6,025,000","-3,887,000","-5,088,000","1,343,000","-15,352,000","-8,163,000","30,000","2,178,000","-2,169,000","137,000","-909,000","-3,737,000","665,000","-263,000","-1,318,000","-11,074,000","-4,629,000","-33,415,000","-17,380,000","-5,182,000","-12,202,000","-2,138,000","-1,209,000","1,597,000","-776,000","622,000","-4,353,000","-25,726,000","3,424,000","-1,227,000","-1,196,000","1,678,000","909,000","-1,377,000","-455,000","-16,622,000","555,000","-221,000","-103,000","-19,862,000","2,315,000","-1,114,000","-1,124,000","-1,825,000","-1,672,000","-441,000","-583,000","562,000","-602,000","1,135,000","-1,107,000","1,461,000","-223,000","617,000","-831,000","-3,594,000","-123,000","439,000","-1,046,000","611,000","600,000","-100,000","-900,000","5,000,000","-100,000","-800,000","500,000","-300,000","-800,000","300,000",,"2,500,000","400,000","2,900,000","300,000","8,300,000","4,700,000",,,,,,,,,,,,,,,,
NormalizedEBITDA,"254,368,000","56,957,000","63,451,000","66,438,000","67,521,000","60,318,000","57,040,000","60,362,000","72,444,000","57,571,000","64,808,000","72,288,000","72,290,000","57,703,000","52,888,000","63,339,000","64,211,000","49,590,000","44,998,000","45,352,000","29,114,000","41,927,000","45,053,000","43,037,000","42,910,000","37,617,000","40,915,000","44,007,000","18,491,000","44,490,000","32,246,000","35,596,000","36,806,000","37,653,000","29,233,000","31,091,000","36,572,000","38,303,000","24,697,000","47,205,000","-66,745,000","21,842,000","14,338,000","52,980,000","37,879,000","53,458,000","43,968,000","41,216,000","37,752,000","27,880,000","5,518,000","43,771,000","16,910,000","37,225,000","46,489,000","32,598,000","36,585,000","33,641,000","26,219,000","46,657,000","37,901,000","31,347,000","26,072,000","36,400,000","43,753,000","44,275,000","41,105,000","43,275,000","46,504,000","45,213,000","48,233,000","42,403,000","68,880,000","56,759,000","42,712,000","52,081,000","45,016,000","42,699,000","40,341,000","40,894,000","37,283,000","39,343,000","71,478,000","29,663,000","40,505,000","46,629,000","37,065,000","38,564,000","44,884,000","44,582,000","61,612,000","37,178,000","32,097,000","35,237,000","56,952,000","30,056,000","35,467,000","36,936,000","40,709,000","36,623,000","37,641,000","34,158,000","37,647,000","36,417,000","32,804,000","33,608,000","31,399,000","35,121,000","34,683,000","29,751,000","34,721,000","25,011,000","24,228,000","21,957,000","20,687,000","21,800,000","22,500,000","18,000,000","4,300,000","21,000,000","17,600,000","16,200,000","22,600,000","24,300,000","21,700,000","17,400,000","10,100,000","17,200,000","14,400,000","17,100,000","15,500,000","16,600,000","130,400,000","118,200,000","-262,800,000","108,000,000","119,000,000","109,100,000","-227,900,000","97,700,000","100,300,000","92,800,000","-188,800,000","83,900,000","78,900,000","78,900,000","-171,400,000","75,500,000"
TaxRateForCalcs,"0.288","0.281","0.273","0.294","0.3","0.267","0.135","0.247","0.321","0.27","0.248","0.247","0.296","0.203","0.398","0.287","0.188","0.305","0.4","0.2","0.4","0.374","0.232","0.358","0.376","0.346","0.4","0.4","0.147","0.4","0.347","0.365","0.392","0.35","0.35","0.336","0.242","0.352","0.391","0.35","0.339","0.35","0.35","0.35","0.376","0.238","0.209","0.35","0.35","0.345","0.35","0.35","0.35","0.077","0.164","0.35","0.227","0.35","0.115","0.35","0.35","0.25","0.371","0.079","0.294","0.3","0.205","0.376","0.3","0.244","0.4","0.354","0.007","0.06","0.3","0.297","0.301","0.068","0.228","0.35","0.35","0.35","0.37","0.37","0.332","0.4","0.4","0.327","0.4","0.4","0.4","0.4","0.39","0.39","0.389","0.39","0.39","0.39","0.39","0.39","0.39","0.39","0.39","0.39","0.39","0.39","0.372","0.389","0.4","0.4","0.4","0.4","0.4","0.4","0.371","0.38","0.395","0.4","0.4","0.4","0.4","0.25","0.4","0.4","0.4",,"0.4","0.4","0.393","0.4","0.299","0.31",,,,,,,,,,,,,,,,
TaxEffectOfUnusualItems,"1,021,624.17","979,847","242,950.864","-193,746","-49,800","-58,206","-56,090.992","-138,814","-916,134","-4,178,520","-252,123.98","561,184","-367,336","315,462","-1,879,213.054","303,933","-485,040","-2,825,215","-2,238,000","-752,800","-1,593,600","-1,040,468","-478,358.765","-5,012","-1,908,952","-69,200","-4,403,600","-1,868,000","-454,083","-2,280,800","298,481.926","424,130","157,321.59","-236,950","2,269,400","-1,589,616","-6,344,030","-227,040","-609,435.111","-2,032,800","-202,439.669","-1,682,100","-614,600","-1,078,850.448","-807,932.94","-1,205,506.918","69,973.991","-2,366,700","805,700","-286,768.473","2,385,950","-4,604,600","1,186,850","-1,340,717.929","-15,857,941.958","-2,108,750","-881,829.916","-1,780,800","154,025.215","-5,373,200","-2,857,050","7,500.587","807,173.367","-172,260.696","40,258.362","-272,706.828","-767,359.361","250,138.439","-78,905.508","-321,590.511","-4,429,600","-1,636,940.247","-219,654.889","-1,049,961.024","-1,554,426.399","-3,625,110.312","-644,054.739","-82,555.688","363,872.536","-271,607.189","217,701.447","-1,523,485.664","-9,518,076.11","1,266,794.406","-407,015.675","-478,400","671,200","297,579.843","-550,800","-182,000","-6,648,800","222,000","-86,186.491","-40,175.033","-7,730,939.356","902,516.161","-434,461.297","-438,346.915","-711,767.12","-652,030.413","-171,993.018","-227,340.933","219,211.71","-234,769.393","442,742.286","-431,777.734","544,118.067","-86,838.337","246,800","-332,373.767","-1,437,600","-49,200","175,600","-418,400","226,542.344","228,169.014","-39,473.684","-360,000","2,000,000","-40,000","-320,000","125,000","-120,000","-320,000","120,000",,"1,000,000","160,000","1,140,983.607","120,000","2,480,459.77","1,458,620.69",,,,,,,,,,,,,,,,