name,ttm,03/31/2022,12/31/2021,09/30/2021,06/30/2021,03/31/2021,12/31/2020,09/30/2020,06/30/2020,03/31/2020,12/31/2019,09/30/2019,06/30/2019,03/31/2019,12/31/2018,09/30/2018,06/30/2018,03/31/2018,12/31/2017,09/30/2017,06/30/2017,03/31/2017,12/31/2016,09/30/2016,06/30/2016,03/31/2016,12/31/2015,09/30/2015,06/30/2015,03/31/2015,12/31/2014,09/30/2014,06/30/2014,03/31/2014,12/31/2013,09/30/2013,06/30/2013,03/31/2013,12/31/2012,09/30/2012,06/30/2012,03/31/2012,12/31/2011,09/30/2011,06/30/2011,03/31/2011,12/31/2010,09/30/2010,06/30/2010,03/31/2010,12/31/2009,09/30/2009,06/30/2009,03/31/2009,12/31/2008,09/30/2008,06/30/2008,03/31/2008,12/31/2007,09/30/2007,06/30/2007,03/31/2007,12/31/2006,09/30/2006,06/30/2006,03/31/2006,12/31/2005,09/30/2005,06/30/2005,03/31/2005,12/31/2004,09/30/2004,06/30/2004,03/31/2004,12/31/2003,09/30/2003,06/30/2003,03/31/2003,12/31/2002,09/30/2002,06/30/2002,03/31/2002,12/31/2001,09/30/2001,06/30/2001,03/31/2001
TotalRevenue,"4,650,828,000","1,552,538,000","1,363,045,000","877,800,000","857,445,000","885,945,000","631,271,000","551,631,000","608,351,000","602,461,000","586,892,000","567,597,000","535,177,000","532,441,000","528,635,000","526,842,000","558,108,000","522,489,000","509,076,000","494,406,000","489,803,000","495,169,000","487,858,000","472,636,000","473,729,000","468,002,000","402,552,000","382,859,000","350,144,000","327,510,000","279,649,000","264,584,000","250,913,000","240,881,000","248,658,000","257,095,000","253,943,000","252,120,000","247,841,000","243,912,000","235,786,000","226,412,000","181,228,000","242,299,000","234,537,000","229,402,000","220,328,000","176,313,000","149,282,000","143,294,000","144,698,000","166,357,000","199,140,000","249,595,000","295,902,000","315,014,000","312,691,000","293,593,000","285,899,000","300,267,000","293,912,000","283,944,000","283,534,000","282,728,000","261,176,000","254,265,000","221,429,000","166,883,000","160,689,000","156,842,000","158,300,000","156,083,000","153,368,000","161,265,000","159,617,000","171,463,000","183,364,000","199,765,000","207,047,000","203,445,000","191,235,000","173,956,000","160,686,000","119,036,000","119,036,000","119,036,000"
	OperatingRevenue,"4,650,828,000","1,552,538,000","1,363,045,000","877,800,000","857,445,000","885,945,000","631,271,000","551,631,000","608,351,000","602,461,000","586,892,000","567,597,000","535,177,000","532,441,000","528,635,000","526,842,000","558,108,000","522,489,000","509,076,000","494,406,000","489,803,000","495,169,000","487,858,000","472,636,000","473,729,000","468,002,000","402,552,000","382,859,000","350,144,000","327,510,000","279,649,000","264,584,000","250,913,000","240,881,000","248,658,000","257,095,000","253,943,000","252,120,000","247,841,000","243,912,000","235,786,000","226,412,000","181,228,000","242,299,000","234,537,000","229,402,000","220,328,000","176,313,000","149,282,000","143,294,000","144,698,000","166,357,000","199,140,000","249,595,000","295,902,000","315,014,000","312,691,000","293,593,000","285,899,000","300,267,000","293,912,000","283,944,000","283,534,000","282,728,000","261,176,000","254,265,000","221,429,000","166,883,000","160,689,000","156,842,000","158,300,000","156,083,000","153,368,000","161,265,000","159,617,000","171,463,000","183,364,000","199,765,000","207,047,000","203,445,000","191,235,000","173,956,000","160,686,000","119,036,000","119,036,000","119,036,000"
CostOfRevenue,"3,133,927,000","1,056,370,000","928,720,000","571,935,000","576,902,000","597,077,000","423,732,000","366,998,000","410,811,000","400,395,000","389,759,000","377,566,000","355,635,000","355,682,000","356,179,000","351,695,000","377,152,000","354,665,000","346,984,000","334,867,000","328,791,000","333,393,000","329,252,000","318,169,000","318,976,000","316,104,000","270,748,000","256,850,000","240,026,000","226,078,000","194,953,000","184,278,000","173,754,000","166,925,000","174,465,000","181,428,000","179,530,000","179,113,000","177,214,000","174,329,000","168,813,000","163,198,000","133,491,000","173,582,000","169,550,000","161,524,000","158,335,000","127,995,000","108,111,000","103,250,000","103,545,000","120,749,000","145,463,000","185,612,000","219,966,000","233,954,000","230,153,000","216,138,000","209,936,000","220,529,000","218,953,000","211,439,000","209,261,000","206,036,000","191,154,000","185,964,000","163,623,000","127,339,000","123,521,000","121,125,000","121,449,000","119,383,000","118,386,000","125,436,000","123,227,000","132,438,000","141,373,000","155,014,000","156,550,000","153,748,000","144,849,000","131,753,000",,,,
GrossProfit,"1,516,901,000","496,168,000","434,325,000","305,865,000","280,543,000","288,868,000","207,539,000","184,633,000","197,540,000","202,066,000","197,133,000","190,031,000","179,542,000","176,759,000","172,456,000","175,147,000","180,956,000","167,824,000","162,092,000","159,539,000","161,012,000","161,776,000","158,606,000","154,467,000","154,753,000","151,898,000","131,804,000","126,009,000","110,118,000","101,432,000","84,696,000","80,306,000","77,159,000","73,956,000","74,193,000","75,667,000","74,413,000","73,007,000","70,627,000","69,583,000","66,973,000","63,214,000","47,737,000","68,717,000","64,987,000","67,878,000","61,993,000","48,318,000","41,171,000","40,044,000","41,153,000","45,608,000","53,677,000","63,983,000","75,936,000","81,060,000","82,538,000","77,455,000","75,963,000","79,738,000","74,959,000","72,505,000","74,273,000","76,692,000","70,022,000","68,301,000","57,806,000","39,544,000","37,168,000","35,717,000","36,851,000","36,700,000","34,982,000","35,829,000","36,390,000","39,025,000","41,991,000","44,751,000","50,497,000","49,697,000","46,386,000","42,203,000",,,,
OperatingExpense,"935,372,000","288,235,000","265,732,000","200,036,000","181,369,000","184,466,000","178,880,000","138,171,000","159,139,000","166,323,000","150,165,000","150,292,000","134,386,000","131,707,000","122,279,000","132,512,000","126,141,000","112,623,000","108,895,000","108,711,000","104,632,000","109,741,000","108,845,000","107,784,000","106,875,000","104,588,000","95,476,000","88,402,000","79,959,000","76,647,000","65,745,000","64,405,000","59,577,000","58,487,000","58,168,000","58,922,000","57,791,000","56,897,000","56,518,000","55,810,000","53,856,000","50,871,000","39,706,000","57,794,000","56,765,000","57,407,000","59,658,000","50,549,000","37,757,000","35,248,000","35,796,000","40,428,000","41,282,000","53,547,000","58,757,000","64,030,000","63,855,000","58,453,000","60,019,000","58,748,000","56,377,000","55,680,000","53,880,000","56,709,000","54,877,000","50,358,000","41,289,000","26,679,000","28,172,000","27,365,000","27,926,000","28,038,000","25,778,000","26,281,000","27,054,000","23,588,000","23,381,000","24,170,000","27,006,000","26,203,000","25,593,000","23,716,000",,,,
	SellingGeneralAndAdministration,"826,818,000","257,579,000","238,678,000","173,932,000","156,629,000","161,212,000","155,210,000","111,235,000","137,068,000","146,234,000","133,158,000","133,207,000","121,668,000","119,997,000","110,830,000","121,216,000","115,535,000","104,737,000","100,375,000","100,579,000","96,673,000","102,073,000","101,113,000","99,995,000","99,541,000","97,823,000","90,154,000","83,098,000","74,727,000","71,552,000","61,668,000","60,319,000","55,567,000","54,667,000","54,470,000","55,605,000","54,551,000","53,607,000","53,049,000","52,375,000","50,304,000","47,176,000","35,920,000","53,840,000","52,646,000","52,942,000","54,822,000","46,762,000","34,594,000","31,950,000","32,388,000","36,933,000","37,840,000","50,080,000","55,176,000","60,260,000","60,117,000","55,103,000","55,910,000","55,769,000","53,520,000","53,051,000","51,183,000","54,071,000","52,353,000","47,892,000","39,127,000","25,198,000","26,715,000","26,286,000","26,515,000","26,613,000","24,242,000","24,816,000","25,703,000","22,385,000","22,231,000","23,055,000","25,843,000","25,268,000","24,625,000","22,943,000",,,,
		GeneralAndAdministrativeExpense,"826,818,000","257,579,000","238,678,000","173,932,000","156,629,000","161,212,000","155,210,000","111,235,000","137,068,000",,"133,158,000","133,207,000","121,668,000","119,997,000","110,830,000","121,216,000","115,535,000","104,737,000","100,375,000","100,579,000","96,673,000","102,073,000",,,"99,541,000","97,823,000","90,154,000","83,098,000","74,727,000","71,552,000","61,668,000","60,319,000","55,567,000","54,667,000","54,470,000","55,605,000","54,551,000","53,607,000",,,,,,,,,,,,,,,,,,,,,,,,,,,,,,,,,,,,,,,,,,,,,,,,
			SalariesAndWages,"27,189,000","11,259,000","7,322,000","2,589,000","6,019,000","9,287,000","5,419,000","3,772,000","6,347,000",,"4,528,000","2,825,000","3,702,000","5,186,000","2,861,000","1,809,000","3,281,000","2,864,000","2,517,000","2,477,000","2,562,000","2,681,000",,,"2,710,000","3,381,000","3,733,000","2,021,000","2,153,000","2,377,000","1,796,000","1,791,000","1,751,000","1,819,000","1,458,000","1,487,000","1,478,000","1,702,000",,,,,,,,,,,,,,,,,,,,,,,,,,,,,,,,,,,,,,,,,,,,,,,,
			OtherGandA,"799,629,000","246,320,000","231,356,000","171,343,000","150,610,000","151,925,000","149,791,000","107,463,000","130,721,000",,"128,630,000","130,382,000","117,966,000","114,811,000","107,969,000","119,407,000","112,254,000","101,873,000","97,858,000","98,102,000","94,111,000","99,392,000",,,"96,831,000","94,442,000","86,421,000","81,077,000","72,574,000","69,175,000","59,872,000","58,528,000","53,816,000","52,848,000","53,012,000","54,118,000","53,073,000","51,905,000",,,,,,,,,,,,,,,,,,,,,,,,,,,,,,,,,,,,,,,,,,,,,,,,
	DepreciationAmortizationDepletionIncomeStatement,"108,554,000","30,656,000","27,054,000","26,104,000","24,740,000","23,254,000","23,670,000","26,936,000","22,071,000","20,089,000","17,007,000","17,085,000","12,718,000","11,710,000","11,449,000","11,296,000","10,606,000","7,886,000","8,520,000","8,132,000","7,959,000","7,668,000","7,732,000","7,789,000","7,334,000","6,765,000","5,322,000","5,304,000","5,232,000","5,095,000","4,077,000","4,086,000","4,010,000","3,820,000","3,698,000","3,317,000","3,240,000","3,290,000","3,469,000","3,435,000","3,552,000","3,695,000","3,786,000","3,954,000","4,119,000","4,465,000","4,836,000","3,787,000","3,163,000","3,298,000","3,408,000","3,495,000","3,442,000","3,467,000","3,581,000","3,770,000","3,738,000","3,350,000","3,209,000","2,979,000","2,857,000","2,629,000","2,697,000","2,638,000","2,524,000","2,466,000","2,162,000","1,481,000","1,457,000","1,079,000","1,411,000","1,425,000","1,536,000","1,465,000","1,351,000","1,203,000","1,150,000","1,115,000","1,302,000","935,000","829,000","773,000",,,,
		DepreciationAndAmortizationInIncomeStatement,"108,554,000","30,656,000","27,054,000","26,104,000","24,740,000","23,254,000","23,670,000","26,936,000","22,071,000","20,089,000","17,007,000","17,085,000","12,718,000","11,710,000","11,449,000","11,296,000","10,606,000","7,886,000","8,520,000","8,132,000","7,959,000","7,668,000","7,732,000","7,789,000","7,334,000","6,765,000","5,322,000","5,304,000","5,232,000","5,095,000","4,077,000","4,086,000","4,010,000","3,820,000","3,698,000","3,317,000","3,240,000","3,290,000","3,469,000","3,435,000","3,552,000","3,695,000","3,786,000","3,954,000","4,119,000","4,465,000","4,836,000","3,787,000","3,163,000","3,298,000","3,408,000","3,495,000","3,442,000","3,467,000","3,581,000","3,770,000","3,738,000","3,350,000","3,209,000","2,979,000","2,857,000","2,629,000","2,697,000","2,638,000","2,524,000","2,466,000","2,162,000","1,481,000","1,457,000","1,079,000","1,411,000","1,425,000","1,536,000","1,465,000","1,351,000","1,203,000","1,150,000","1,115,000","1,302,000","935,000","829,000","773,000",,,,
			DepreciationIncomeStatement,,,,,,,,,,,,,,,,,,,,,,,,,,,,,,,,,,,,,,,,,,,,,,,,,,,,,,,,,,,,,,,,,,,,,,,,"1,388,000","1,447,000","1,376,000","1,257,000","1,108,000","1,054,000","1,020,000","1,205,000","837,000","737,000","691,000",,,,
			Amortization,,,,,,,,,,,,,,,,,,,,,,,,,,,,,,,,,,,,,,,,,,,,,,,,,,,,,,,,,,,,,,,,,,,,,,,,"37,000","89,000","89,000","94,000","95,000","96,000","95,000","97,000","98,000","92,000","82,000",,,,
				AmortizationOfIntangiblesIncomeStatement,,,,,,,,,,,,,,,,,,,,,,,,,,,,,,,,,,,,,,,,,,,,,,,,,,,,,,,,,,,,,,,,,,,,,,,,"37,000","89,000","89,000","94,000","95,000","96,000","95,000","97,000","98,000","92,000","82,000",,,,
	OtherOperatingExpenses,,,,,,,,,,,,,,,,,,,,,,,,,,,,,,,,,,,,,,,,,,,,,,,,,,,,,,,,,,,,,,,,,,,,,,,,,,,,,,,,,"139,000",,,,,
OperatingIncome,"581,529,000","207,933,000","168,593,000","105,829,000","99,174,000","104,402,000","28,659,000","46,462,000","38,401,000","35,743,000","46,968,000","39,739,000","45,156,000","45,052,000","50,177,000","42,635,000","54,815,000","55,201,000","53,197,000","50,828,000","56,380,000","52,035,000","49,761,000","46,683,000","47,878,000","47,310,000","36,328,000","37,607,000","30,159,000","24,785,000","18,951,000","15,901,000","17,582,000","15,469,000","16,025,000","16,745,000","16,622,000","16,110,000","14,109,000","13,773,000","13,117,000","12,343,000","8,031,000","10,923,000","8,222,000","10,471,000","2,335,000","-2,231,000","3,414,000","4,796,000","5,357,000","5,180,000","12,395,000","10,436,000","17,179,000","17,030,000","18,683,000","19,002,000","15,944,000","20,990,000","18,582,000","16,825,000","20,393,000","19,983,000","15,145,000","17,943,000","16,517,000","12,865,000","8,996,000","8,352,000","8,925,000","8,662,000","9,204,000","9,548,000","9,336,000","15,437,000","18,610,000","20,581,000","23,491,000","23,494,000","20,793,000","18,487,000","-340,630,000","119,036,000","119,036,000","119,036,000"
NetNonOperatingInterestIncomeExpense,"-34,722,000","-9,589,000","-9,799,000","-5,223,000","-10,111,000","-8,944,000","-22,681,000","-12,564,000","-11,443,000","-11,054,000","-8,859,000","-7,830,000","-6,065,000","-5,673,000","217,000","-4,649,000","-6,376,000","-5,335,000","-4,782,000","-4,837,000","-4,928,000","-5,130,000","-6,400,000","-3,016,000","-2,800,000","-3,249,000","-1,993,000","-2,013,000","-1,977,000","-1,807,000","-1,329,000","-1,433,000","-4,629,000","-1,846,000","-1,836,000","-1,840,000","-3,130,000","-2,859,000","-3,208,000","-3,688,000","-13,590,000","-5,533,000","-5,604,000","-7,023,000","-5,589,000","-5,511,000","-5,758,000","-8,793,000","-2,583,000","-2,637,000","-5,373,000","-2,063,000","-2,320,000","-2,199,000",,,,,,,,,,,,,,,,,,,,,,,,,,,,,,,,
	InterestExpenseNonOperating,"34,722,000","9,589,000","9,799,000","5,223,000","10,111,000","8,944,000","22,681,000","12,564,000","11,443,000","11,054,000","8,859,000","7,830,000","6,065,000","5,673,000","-217,000","4,649,000","6,376,000","5,335,000","4,782,000","4,837,000","4,928,000","5,130,000","6,400,000","3,016,000","2,800,000","3,249,000","1,993,000","2,013,000","1,977,000","1,807,000","1,329,000","1,433,000","4,629,000","1,846,000","1,836,000","1,840,000","3,130,000","2,859,000",,,"13,590,000","5,533,000",,,,"5,511,000","5,758,000","8,793,000","2,583,000","2,637,000","5,373,000","2,063,000","2,320,000","2,199,000",,,,,,,,,,,,,,,,,,,,,,,,,,,,,,,,
	TotalOtherFinanceCost,,,,,,,,,,,"8,859,000","7,830,000","6,065,000","5,673,000","-217,000","4,649,000","6,376,000","5,335,000","4,782,000","4,837,000","4,928,000","5,130,000","6,400,000","3,016,000","2,800,000","3,249,000","1,993,000","2,013,000","1,977,000","1,807,000","1,329,000","1,433,000","4,629,000","1,846,000","1,836,000","1,840,000","3,130,000","2,859,000","3,208,000","3,688,000","13,590,000",,,"7,023,000","5,589,000",,,"-8,793,000","2,583,000",,,,,,,,,,,,,,,,,,,,,,,,,,,,,,,,,,,,,
OtherIncomeExpense,,,,,,,,,,,,,,,,,,,,,,,,,,,,,,,,,,,,,,,,,,,,"-31,198,000",,,"-1,050,000","-49,782,000",,,"0","-6,200,000","-2,152,000","-178,625,000",,,,,,,,,,,,,,,,,,,,,,,,,,,"-139,000",,,,,
	SpecialIncomeCharges,,,,,,,,,,,,,,,,,,,,,,,,,,,,,,,,,,,,,,,,,,,"31,198,000","-31,198,000",,,"-1,050,000","-49,782,000","0","0","0","-6,200,000","-2,152,000","-178,625,000",,,,,,,,,,,,,,,,,,,,,,,,,,,"-139,000",,,,,
		RestructuringAndMergernAcquisition,,,,,,,,,,,,,,,,,,,,,,,,,,,,,,,,,,,,,,,,,,,,,,,,,,,"0","6,200,000","2,152,000","2,918,000",,,,,,,,,,,,,,,,,,,,,,,,,,,,,,,,
		ImpairmentOfCapitalAssets,,,,,,,,,,,,,,,,,,,,,,,,,,,,,,,,,,,,,,,,,,,"-31,198,000","31,198,000",,,"1,050,000","49,782,000","0","0","0","0","0","175,707,000",,,,,,,,,,,,,,,,,,,,,,,,,,,,,,,,
PretaxIncome,"546,807,000","198,344,000","158,794,000","100,606,000","89,063,000","95,458,000","5,978,000","33,898,000","26,958,000","24,689,000","38,109,000","31,909,000","39,091,000","39,379,000","50,394,000","37,986,000","48,439,000","49,866,000","48,415,000","45,991,000","51,452,000","46,905,000","43,361,000","43,667,000","45,078,000","44,061,000","34,335,000","35,594,000","28,182,000","22,978,000","17,622,000","14,468,000","12,953,000","13,623,000","14,189,000","14,905,000","13,492,000","13,251,000","10,901,000","10,085,000","-473,000","6,810,000","33,625,000","-27,298,000","2,633,000","4,960,000","-4,473,000","-60,806,000","831,000","2,159,000","-16,000","-3,083,000","7,923,000","-170,388,000","14,510,000","14,480,000","16,023,000","16,191,000","13,916,000","17,919,000","15,458,000","13,491,000","16,361,000","15,809,000","10,800,000","13,796,000","11,950,000","11,356,000","7,263,000","6,596,000","7,139,000","6,260,000","7,086,000","7,414,000","7,322,000","15,345,000","18,496,000","20,498,000","23,617,000","23,560,000","20,802,000","18,629,000",,,,
TaxProvision,"143,789,000","52,336,000","42,577,000","26,583,000","22,293,000","25,080,000","-3,330,000","7,831,000","4,633,000","11,724,000","10,627,000","8,394,000","10,222,000","5,257,000","14,781,000","10,068,000","12,910,000","7,185,000","7,248,000","17,863,000","20,197,000","14,897,000","17,010,000","16,371,000","18,756,000","18,192,000","14,170,000","1,947,000","12,312,000","10,769,000","7,727,000","5,969,000","5,760,000","5,993,000","5,833,000","6,290,000","5,093,000","5,688,000","3,818,000","4,227,000","-392,000","3,357,000","4,779,000","-399,000","1,820,000","2,704,000","-2,855,000","-9,516,000","694,000","1,379,000","2,706,000","-1,088,000","3,549,000","-48,554,000","6,886,000","4,985,000","6,656,000","6,675,000","4,912,000","7,831,000","6,212,000","5,297,000","6,314,000","6,337,000","3,529,000","5,495,000","4,973,000","4,508,000","2,847,000","2,603,000","2,605,000","2,330,000","2,763,000","2,855,000","2,405,000","6,059,000","7,306,000","8,099,000","9,211,000","9,268,000","8,321,000","7,452,000",,,,
NetIncomeCommonStockholders,"403,018,000","146,008,000","116,217,000","74,023,000","66,770,000","70,378,000","9,308,000","26,067,000","22,325,000","12,965,000","27,482,000","23,515,000","28,869,000","34,122,000","35,613,000","27,918,000","35,529,000","42,681,000","41,167,000","28,128,000","31,255,000","32,008,000","26,351,000","27,296,000","26,322,000","25,869,000","20,165,000","33,647,000","15,870,000","12,209,000","9,895,000","8,499,000","7,193,000","7,630,000","8,356,000","8,615,000","8,399,000","7,563,000","7,083,000","5,858,000","-81,000","4,276,000","-2,435,000","-26,899,000","813,000","2,256,000","-1,618,000","-51,290,000","137,000","780,000","-2,722,000","-1,995,000","4,374,000","-121,834,000","7,624,000","9,495,000","9,367,000","9,516,000","9,004,000","10,088,000","9,246,000","8,194,000","10,047,000","9,472,000","7,271,000","8,301,000","6,977,000","6,848,000","4,416,000","3,993,000","4,534,000","3,930,000","4,323,000","4,559,000","4,917,000","9,286,000","11,190,000","12,399,000","14,406,000","14,292,000","12,481,000","11,177,000","-8,964,000","1,526,000","1,526,000","1,526,000"
	NetIncome,"403,018,000","146,008,000","116,217,000","74,023,000","66,770,000","70,378,000","9,308,000","26,067,000","22,325,000","12,965,000","27,482,000","23,515,000","28,869,000","34,122,000","35,613,000","27,918,000","35,529,000","42,681,000","41,167,000","28,128,000","31,255,000","32,008,000","26,351,000","27,296,000","26,322,000","25,869,000","20,165,000","33,647,000","15,870,000","12,209,000","9,895,000","8,499,000","7,193,000","7,630,000","8,356,000","8,615,000","8,399,000","7,563,000","7,083,000","5,858,000","-81,000","4,276,000","-2,435,000","-26,899,000","813,000","2,256,000","-1,618,000","-51,290,000","137,000","780,000","-2,722,000","-1,995,000","4,374,000","-121,834,000","7,624,000","9,495,000","9,367,000","9,516,000","9,004,000","10,088,000","9,246,000","8,194,000","10,047,000","9,472,000","7,271,000","8,301,000","6,977,000","6,848,000","4,416,000","3,993,000","4,534,000","3,930,000","4,323,000","4,559,000","4,917,000","9,286,000","11,190,000","12,399,000","14,406,000","14,292,000","12,481,000","11,177,000","-8,964,000","1,526,000","1,526,000","1,526,000"
		NetIncomeIncludingNoncontrollingInterests,"403,018,000","146,008,000","116,217,000","74,023,000","66,770,000","70,378,000","9,308,000","26,067,000","22,325,000","12,965,000","27,482,000","23,515,000","28,869,000","34,122,000","35,613,000","27,918,000","35,529,000","42,681,000","41,167,000","28,128,000","31,255,000","32,008,000","26,351,000","27,296,000","26,322,000","25,869,000","20,165,000","33,647,000","15,870,000","12,209,000","9,895,000","8,499,000","7,193,000","7,630,000","8,356,000","8,615,000","8,399,000","7,563,000","7,083,000","5,858,000","-81,000","4,276,000","-2,435,000","-26,899,000","813,000","2,256,000","-1,618,000","-51,290,000","137,000","780,000","-2,722,000","-1,995,000","4,374,000","-121,834,000","7,624,000","9,495,000","9,367,000","9,516,000","9,004,000","10,088,000","9,246,000","8,194,000","10,047,000","9,472,000","7,271,000","8,301,000","6,977,000","6,848,000","4,416,000","3,993,000","4,534,000","3,930,000","4,323,000","4,559,000","4,917,000","9,286,000","11,190,000","12,399,000","14,406,000","14,292,000","12,481,000","11,177,000","-8,964,000","1,526,000","1,526,000","1,526,000"
			NetIncomeContinuousOperations,"403,018,000","146,008,000","116,217,000","74,023,000","66,770,000","70,378,000","9,308,000","26,067,000","22,325,000","12,965,000","27,482,000","23,515,000","28,869,000","34,122,000","35,613,000","27,918,000","35,529,000","42,681,000","41,167,000","28,128,000","31,255,000","32,008,000","26,351,000","27,296,000","26,322,000","25,869,000","20,165,000","33,647,000","15,870,000","12,209,000","9,895,000","8,499,000","7,193,000","7,630,000","8,356,000","8,615,000","8,399,000","7,563,000","7,083,000","5,858,000","-81,000","3,453,000","28,846,000","-26,899,000","813,000","2,256,000","-1,618,000","-51,290,000","137,000","780,000","-2,722,000","-1,995,000","4,374,000","-121,834,000","7,624,000","9,495,000","9,367,000","9,516,000","9,004,000","10,088,000","9,246,000","8,194,000","10,047,000","9,472,000","7,271,000","8,301,000","6,977,000","6,848,000","4,416,000","3,993,000","4,534,000","3,930,000","4,323,000","4,559,000","4,917,000","9,286,000","11,190,000","12,399,000","14,406,000","14,292,000","12,481,000","11,177,000","-3,509,000","1,526,000","1,526,000","1,526,000"
			NetIncomeDiscontinuousOperations,,,,,,,,,,,,,,,,,,,,,,,,,,,,,,,,,,,"0","0","0","0","0","0","0","823,000",,,,,,,,,,,,,,,,,,,,,,,,,,,,,,,,,,,,,,,,,,,,
DilutedNIAvailtoComStockholders,"403,018,000","146,008,000","116,217,000","74,023,000","66,770,000","70,378,000","9,308,000","26,067,000","22,325,000","12,965,000","27,482,000","23,515,000","28,869,000","34,122,000","35,613,000","27,918,000","35,529,000","42,681,000","41,167,000","28,128,000","31,255,000","32,008,000","26,351,000","27,296,000","26,322,000","25,869,000","20,165,000","33,647,000","15,870,000","12,209,000","9,895,000","8,499,000","7,193,000","7,630,000","8,356,000","8,615,000","8,399,000","7,563,000","7,083,000","5,858,000","-81,000","4,276,000","-2,435,000","-26,899,000","813,000","2,256,000","-1,618,000","-51,290,000","137,000","780,000","-2,722,000","-1,995,000","4,374,000","-121,834,000","7,624,000","9,495,000","9,367,000","9,516,000","9,004,000","10,088,000","9,246,000","8,194,000","10,047,000","9,472,000","7,271,000","8,301,000","6,977,000","6,848,000","4,416,000","3,993,000","4,534,000","3,930,000","4,323,000","4,559,000","4,917,000","9,286,000","11,190,000","12,399,000","14,406,000","14,292,000","12,481,000","11,177,000","-8,964,000","1,526,000","1,526,000","1,526,000"
BasicEPS,,"3.11","2.43","1.55","1.4","1.48","0.2","0.55","0.47","0.27","0.59","0.5","0.62","0.73","0.76","0.59","0.75","0.89","0.86","0.59","0.65","0.67","0.55","0.57","0.55","0.54","0.42","0.71","0.33","0.26","0.21","0.18","0.15","0.16","0.18","0.19","0.18","0.17",,"0.13","0","0.09",,"-0.67","0.02","0.05",,"-1.48","0","0.02",,"-0.06","0.13","-3.74",,"0.29","0.28","0.28",,"0.29","0.27","0.24",,"0.29","0.23","0.26",,"0.24","0.15","0.14",,"0.14","0.15","0.16",,"0.25","0.29","0.31",,"0.33","0.29","0.26",,"0.053","0.053","0.053"
DilutedEPS,,"3.09","2.42","1.54","1.39","1.47","0.19","0.55","0.47","0.27","0.58","0.49","0.61","0.71","0.74","0.58","0.73","0.87","0.84","0.57","0.63","0.65","0.54","0.55","0.53","0.53","0.41","0.69","0.32","0.25","0.2","0.18","0.15","0.16","0.17","0.18","0.18","0.16",,"0.12","0","0.09",,"-0.67","0.02","0.05",,"-1.48","0","0.02",,"-0.06","0.13","-3.74",,"0.28","0.27","0.28",,"0.29","0.26","0.23",,"0.28","0.21","0.24",,"0.22","0.14","0.13",,"0.13","0.14","0.15",,"0.22","0.27","0.29",,"0.3","0.26","0.24",,"0.05","0.05","0.05"
BasicAverageShares,,"46,913,000","47,742,000","47,737,000","47,659,000","47,600,000","47,475,000","47,476,000","47,383,000","47,359,000","46,713,000","46,677,000","46,644,000","46,784,000","46,825,000","47,286,000","47,653,000","47,733,000","47,618,000","47,912,000","47,916,000","47,782,000","47,806,000","48,049,000","48,034,000","47,894,000","47,699,000","47,674,000","47,573,000","47,146,000","46,634,000","46,546,000","46,479,000","46,354,000","46,010,000","45,986,000","46,039,000","45,813,000",,"40,850,000","40,810,000","40,576,000",,"40,327,000","39,629,000","39,240,000",,"34,777,000","32,760,000","32,631,000",,"32,630,000","32,621,000","32,576,000",,"33,269,000","33,833,000","33,830,000",,"34,328,000","34,723,000","34,638,000",,"32,453,000","31,887,000","32,095,000",,"28,763,000","28,720,000","28,376,000",,"28,321,000","28,203,000","28,120,000",,"37,881,000","38,287,000","39,834,000",,"42,989,000","42,596,000","42,290,000",,"28,630,394","28,630,394","28,630,394"
DilutedAverageShares,,"47,208,000","48,091,000","48,080,000","48,019,000","47,916,000","47,781,000","47,676,000","47,562,000","47,641,000","47,573,000","47,607,000","47,424,000","47,772,000","48,102,000","48,529,000","48,936,000","49,116,000","49,281,000","49,445,000","49,475,000","49,520,000","49,208,000","49,410,000","49,348,000","49,103,000","49,157,000","48,978,000","48,863,000","48,364,000","48,462,000","48,122,000","47,836,000","47,917,000","47,818,000","47,810,000","47,837,000","47,679,000",,"46,897,000","40,810,000","46,164,000",,"40,327,000","45,981,000","45,842,000",,"34,777,000","33,566,000","33,471,000",,"32,630,000","32,918,000","32,576,000",,"33,894,000","34,308,000","34,180,000",,"34,745,000","35,273,000","35,283,000",,"33,995,000","34,170,000","34,712,000",,"31,673,000","31,576,000","31,461,000",,"31,407,000","31,332,000","31,294,000",,"41,393,000","41,767,000","42,999,000",,"47,054,000","47,402,000","46,991,000",,"30,520,000","30,520,000","30,520,000"
TotalOperatingIncomeAsReported,"581,529,000","207,933,000","168,593,000","105,829,000","99,174,000","104,402,000","28,659,000","46,462,000","38,401,000","35,743,000","46,968,000","39,739,000","45,156,000","45,052,000","50,177,000","42,635,000","54,815,000","55,201,000","53,197,000","50,828,000","56,380,000","52,035,000","49,761,000","46,683,000","47,878,000","47,310,000","36,328,000","37,607,000","30,159,000","24,785,000","18,951,000","15,901,000","17,582,000","15,469,000","16,025,000","16,745,000","16,622,000","16,110,000","14,109,000","13,773,000","13,117,000","12,343,000","39,229,000","-20,275,000","8,222,000","10,471,000","1,285,000","-52,013,000","3,414,000","4,796,000","5,357,000","-1,020,000","10,243,000","-168,189,000","17,179,000","17,030,000","18,683,000","19,002,000","15,944,000","20,990,000","18,582,000","16,825,000","20,393,000","19,983,000","15,145,000","17,943,000","16,517,000","12,865,000","8,996,000","8,352,000","8,925,000","8,662,000","9,204,000","9,548,000","9,336,000","15,437,000","18,610,000","20,581,000","23,491,000","23,494,000","20,793,000","18,487,000",,,,
TotalExpenses,"4,069,299,000","1,344,605,000","1,194,452,000","771,971,000","758,271,000","781,543,000","602,612,000","505,169,000","569,950,000","566,718,000","539,924,000","527,858,000","490,021,000","487,389,000","478,458,000","484,207,000","503,293,000","467,288,000","455,879,000","443,578,000","433,423,000","443,134,000","438,097,000","425,953,000","425,851,000","420,692,000","366,224,000","345,252,000","319,985,000","302,725,000","260,698,000","248,683,000","233,331,000","225,412,000","232,633,000","240,350,000","237,321,000","236,010,000","233,732,000","230,139,000","222,669,000","214,069,000","173,197,000","231,376,000","226,315,000","218,931,000","217,993,000","178,544,000","145,868,000","138,498,000","139,341,000","161,177,000","186,745,000","239,159,000","278,723,000","297,984,000","294,008,000","274,591,000","269,955,000","279,277,000","275,330,000","267,119,000","263,141,000","262,745,000","246,031,000","236,322,000","204,912,000","154,018,000","151,693,000","148,490,000","149,375,000","147,421,000","144,164,000","151,717,000","150,281,000","156,026,000","164,754,000","179,184,000","183,556,000","179,951,000","170,442,000","155,469,000",,,,
NetIncomeFromContinuingAndDiscontinuedOperation,"403,018,000","146,008,000","116,217,000","74,023,000","66,770,000","70,378,000","9,308,000","26,067,000","22,325,000","12,965,000","27,482,000","23,515,000","28,869,000","34,122,000","35,613,000","27,918,000","35,529,000","42,681,000","41,167,000","28,128,000","31,255,000","32,008,000","26,351,000","27,296,000","26,322,000","25,869,000","20,165,000","33,647,000","15,870,000","12,209,000","9,895,000","8,499,000","7,193,000","7,630,000","8,356,000","8,615,000","8,399,000","7,563,000","7,083,000","5,858,000","-81,000","4,276,000","-2,435,000","-26,899,000","813,000","2,256,000","-1,618,000","-51,290,000","137,000","780,000","-2,722,000","-1,995,000","4,374,000","-121,834,000","7,624,000","9,495,000","9,367,000","9,516,000","9,004,000","10,088,000","9,246,000","8,194,000","10,047,000","9,472,000","7,271,000","8,301,000","6,977,000","6,848,000","4,416,000","3,993,000","4,534,000","3,930,000","4,323,000","4,559,000","4,917,000","9,286,000","11,190,000","12,399,000","14,406,000","14,292,000","12,481,000","11,177,000","-3,509,000","1,526,000","1,526,000","1,526,000"
NormalizedIncome,"403,018,000","146,008,000","116,217,000","74,023,000","66,770,000","70,378,000","9,308,000","26,067,000","22,325,000","12,965,000","27,482,000","23,515,000","28,869,000","34,122,000","35,613,000","27,918,000","35,529,000","42,681,000","41,167,000","28,128,000","31,255,000","32,008,000","26,351,000","27,296,000","26,322,000","25,869,000","20,165,000","33,647,000","15,870,000","12,209,000","9,895,000","8,499,000","7,193,000","7,630,000","8,356,000","8,615,000","8,399,000","7,563,000","7,083,000","5,858,000","-81,000","3,453,000","2,082,059.242","3,842,995.824","813,000","2,256,000","-935,500","-9,298,769.2","137,000","780,000","-2,722,000","2,017,001.297","5,772,800","5,889,773.094","7,624,000","9,495,000","9,367,000","9,516,000","9,004,000","10,088,000","9,246,000","8,194,000","10,047,000","9,472,000","7,271,000","8,301,000","6,977,000","6,848,000","4,416,000","3,993,000","4,534,000","3,930,000","4,323,000","4,559,000","4,917,000","9,286,000","11,190,000","12,399,000","14,406,000","14,292,000","12,564,400","11,177,000","-3,509,000","1,526,000","1,526,000","1,526,000"
InterestExpense,"34,722,000","9,589,000","9,799,000","5,223,000","10,111,000","8,944,000","22,681,000","12,564,000","11,443,000","11,054,000","8,859,000","7,830,000","6,065,000","5,673,000","-217,000","4,649,000","6,376,000","5,335,000","4,782,000","4,837,000","4,928,000","5,130,000","6,400,000","3,016,000","2,800,000","3,249,000","1,993,000","2,013,000","1,977,000","1,807,000","1,329,000","1,433,000","4,629,000","1,846,000","1,836,000","1,840,000","3,130,000","2,859,000",,,"13,590,000","5,533,000",,,,"5,511,000","5,758,000","8,793,000","2,583,000","2,637,000","5,373,000","2,063,000","2,320,000","2,199,000",,,,,,,,,,,,,,,,,,,,,,,,,,,,,,,,
NetInterestIncome,"-34,722,000","-9,589,000","-9,799,000","-5,223,000","-10,111,000","-8,944,000","-22,681,000","-12,564,000","-11,443,000","-11,054,000","-8,859,000","-7,830,000","-6,065,000","-5,673,000","217,000","-4,649,000","-6,376,000","-5,335,000","-4,782,000","-4,837,000","-4,928,000","-5,130,000","-6,400,000","-3,016,000","-2,800,000","-3,249,000","-1,993,000","-2,013,000","-1,977,000","-1,807,000","-1,329,000","-1,433,000","-4,629,000","-1,846,000","-1,836,000","-1,840,000","-3,130,000","-2,859,000","-3,208,000","-3,688,000","-13,590,000","-5,533,000","-5,604,000","-7,023,000","-5,589,000","-5,511,000","-5,758,000","-8,793,000","-2,583,000","-2,637,000","-5,373,000","-2,063,000","-2,320,000","-2,199,000",,,,,,,,,,,,,,,,,,,,,,,,,,,,,,,,
EBIT,"581,529,000","207,933,000","168,593,000","105,829,000","99,174,000","104,402,000","28,659,000","46,462,000","38,401,000","35,743,000","46,968,000","39,739,000","45,156,000","45,052,000","50,177,000","42,635,000","54,815,000","55,201,000","53,197,000","50,828,000","56,380,000","52,035,000","49,761,000","46,683,000","47,878,000","47,310,000","36,328,000","37,607,000","30,159,000","24,785,000","18,951,000","15,901,000","17,582,000","15,469,000","16,025,000","16,745,000","16,622,000","16,110,000","14,109,000","13,773,000","13,117,000","12,343,000","8,031,000","10,923,000","8,222,000","10,471,000","1,285,000","-52,013,000","3,414,000","4,796,000","5,357,000","-1,020,000","10,243,000","-168,189,000","17,179,000","17,030,000","18,683,000","19,002,000","15,944,000","20,990,000","18,582,000","16,825,000","20,393,000","19,983,000","15,145,000","17,943,000","16,517,000","12,865,000","8,996,000","8,352,000","8,925,000","8,662,000","9,204,000","9,548,000","9,336,000","15,437,000","18,610,000","20,581,000","23,491,000","23,494,000","20,793,000","18,487,000","-340,630,000","119,036,000","119,036,000","119,036,000"
EBITDA,"693,011,000"
ReconciledCostOfRevenue,"3,130,999,000","1,055,516,000","927,948,000","571,249,000","576,286,000","596,606,000","423,292,000","366,517,000","410,456,000","400,250,000","389,759,000","377,566,000","355,635,000","355,682,000","356,179,000","351,695,000","377,152,000","354,665,000","346,984,000","334,867,000","328,791,000","333,393,000","329,252,000","318,169,000","318,976,000","316,104,000","270,748,000","256,850,000","240,026,000","226,078,000","194,953,000","184,278,000","173,754,000","166,925,000","174,465,000","181,428,000","179,530,000","179,113,000","177,214,000","174,329,000","168,813,000","163,198,000","133,399,000","173,582,000","169,550,000","161,524,000","158,335,000","127,995,000","108,111,000","103,250,000","103,545,000","120,749,000","145,463,000","185,612,000","219,966,000","233,954,000","230,153,000","216,138,000","209,936,000","220,529,000","218,953,000","211,439,000","209,261,000","206,036,000","191,154,000","185,964,000","163,623,000","127,339,000","123,521,000","121,125,000","121,449,000","119,383,000","118,386,000","125,436,000","123,227,000","132,438,000","141,373,000","155,014,000","156,550,000","153,748,000","144,849,000","131,753,000",,,,
ReconciledDepreciation,"111,482,000","31,510,000","27,826,000","26,790,000","25,356,000","23,725,000","24,110,000","27,417,000","22,426,000","20,234,000","17,007,000","17,085,000","12,718,000","11,710,000","11,449,000","11,296,000","10,606,000","7,886,000","8,520,000","8,132,000","7,959,000","7,668,000","7,732,000","7,789,000","7,334,000","6,765,000","5,322,000","5,304,000","5,232,000","5,095,000","4,077,000","4,086,000","4,010,000","3,820,000","3,698,000","3,317,000","3,240,000","3,290,000","3,469,000","3,435,000","3,552,000","3,695,000","3,878,000","3,954,000","4,119,000","4,465,000","4,836,000","3,787,000","3,163,000","3,298,000","3,408,000","3,495,000","3,442,000","3,467,000","3,581,000","3,770,000","3,738,000","3,350,000","3,209,000","2,979,000","2,857,000","2,629,000","2,697,000","2,638,000","2,524,000","2,466,000","2,162,000","1,481,000","1,457,000","1,079,000","1,411,000","1,425,000","1,536,000","1,465,000","1,351,000","1,203,000","1,150,000","1,115,000","1,302,000","935,000","829,000","773,000",,,,
NetIncomeFromContinuingOperationNetMinorityInterest,"403,018,000","146,008,000","116,217,000","74,023,000","66,770,000","70,378,000","9,308,000","26,067,000","22,325,000","12,965,000","27,482,000","23,515,000","28,869,000","34,122,000","35,613,000","27,918,000","35,529,000","42,681,000","41,167,000","28,128,000","31,255,000","32,008,000","26,351,000","27,296,000","26,322,000","25,869,000","20,165,000","33,647,000","15,870,000","12,209,000","9,895,000","8,499,000","7,193,000","7,630,000","8,356,000","8,615,000","8,399,000","7,563,000","7,083,000","5,858,000","-81,000","3,453,000","28,846,000","-26,899,000","813,000","2,256,000","-1,618,000","-51,290,000","137,000","780,000","-2,722,000","-1,995,000","4,374,000","-121,834,000","7,624,000","9,495,000","9,367,000","9,516,000","9,004,000","10,088,000","9,246,000","8,194,000","10,047,000","9,472,000","7,271,000","8,301,000","6,977,000","6,848,000","4,416,000","3,993,000","4,534,000","3,930,000","4,323,000","4,559,000","4,917,000","9,286,000","11,190,000","12,399,000","14,406,000","14,292,000","12,481,000","11,177,000","-3,509,000","1,526,000","1,526,000","1,526,000"
TotalUnusualItemsExcludingGoodwill,,,,,,,,,,,,,,,,,,,,,,,,,,,,,,,,,,,,,,,,,,,"31,198,000","-31,198,000",,,"-1,050,000","-49,782,000","0","0","0","-6,200,000","-2,152,000","-178,625,000",,,,,,,,,,,,,,,,,,,,,,,,,,,"-139,000",,,,,
TotalUnusualItems,,,,,,,,,,,,,,,,,,,,,,,,,,,,,,,,,,,,,,,,,,,"31,198,000","-31,198,000",,,"-1,050,000","-49,782,000","0","0","0","-6,200,000","-2,152,000","-178,625,000",,,,,,,,,,,,,,,,,,,,,,,,,,,"-139,000",,,,,
NormalizedEBITDA,"693,011,000","239,443,000","196,419,000","132,619,000","124,530,000","128,127,000","52,769,000","73,879,000","60,827,000","55,977,000","63,975,000","56,824,000","57,874,000","56,762,000","61,626,000","53,931,000","65,421,000","63,087,000","61,717,000","58,960,000","64,339,000","59,703,000","57,493,000","54,472,000","55,212,000","54,075,000","41,650,000","42,911,000","35,391,000","29,880,000","23,028,000","19,987,000","21,592,000","19,289,000","19,723,000","20,062,000","19,862,000","19,400,000","17,578,000","17,208,000","16,669,000","16,038,000","-19,289,000","46,075,000","12,341,000","14,936,000","7,171,000","1,556,000","6,577,000","8,094,000","8,765,000","8,675,000","15,837,000","13,903,000","20,760,000","20,800,000","22,421,000","22,352,000","19,153,000","23,969,000","21,439,000","19,454,000","23,090,000","22,621,000","17,669,000","20,409,000","18,679,000","14,346,000","10,453,000","9,431,000","10,336,000","10,087,000","10,740,000","11,013,000","10,687,000","16,640,000","19,760,000","21,696,000","24,793,000","24,429,000","21,761,000","19,260,000","-340,630,000","119,036,000","119,036,000","119,036,000"
TaxRateForCalcs,"0.263","0.26","0.268","0.26","0.25","0.26","0.27","0.23","0.17","0.27","0.279","0.26","0.26","0.13","0.293","0.27","0.27","0.144","0.15","0.39","0.39","0.32","0.392","0.37","0.4","0.4","0.4","0.05","0.4","0.4","0.35","0.35","0.35","0.35","0.35","0.35","0.377","0.35","0.35","0.35","0.35","0.35","0.142","0.015","0.35","0.35","0.35","0.156","0.35","0.35","0.35","0.353","0.35","0.285","0.35","0.344","0.35","0.35","0.353","0.35","0.4","0.393","0.386","0.4","0.327","0.398","0.4","0.397","0.392","0.395","0.365","0.372","0.39","0.385","0.328","0.395","0.395","0.395","0.39","0.393","0.4","0.4","0.4","0.4","0.4","0.4"
TaxEffectOfUnusualItems,"0","0","0","0","0","0","0","0","0","0","0","0","0","0","0","0","0","0","0","0","0","0","0","0","0","0","0","0","0","0","0","0","0","0","0","0","0","0","0","0","0","0","4,434,059.242","-456,004.176","0","0","-367,500","-7,790,769.2","0","0","0","-2,187,998.703","-753,200","-50,901,226.906","0","0","0","0","0","0","0","0","0","0","0","0","0","0","0","0","0","0","0","0","0","0","0","0","0","0","-55,600","0","0","0","0","0"