name,ttm,05/31/2022,02/28/2022,11/30/2021,08/31/2021,05/31/2021,02/28/2021,11/30/2020,08/31/2020,05/31/2020,02/29/2020,11/30/2019,08/31/2019,05/31/2019,02/28/2019,11/30/2018,08/31/2018,05/31/2018,02/28/2018,11/30/2017,08/31/2017,05/31/2017,02/28/2017,11/30/2016,08/31/2016,05/31/2016,02/29/2016,11/30/2015,08/31/2015,05/31/2015,02/28/2015,11/30/2014,08/31/2014,05/31/2014,02/28/2014,11/30/2013,08/31/2013,05/31/2013,02/28/2013,11/30/2012,08/31/2012,05/31/2012,02/29/2012,11/30/2011,08/31/2011,05/31/2011,02/28/2011,11/30/2010,08/31/2010,05/31/2010,02/28/2010,11/30/2009,08/31/2009,05/31/2009,02/28/2009,11/30/2008,08/31/2008,05/31/2008,02/29/2008,11/30/2007,08/31/2007,05/31/2007,02/28/2007,11/30/2006,08/31/2006,05/31/2006,02/28/2006,11/30/2005,08/31/2005,05/31/2005,02/28/2005,11/30/2004,08/31/2004,05/31/2004,02/29/2004,11/30/2003,08/31/2003,05/31/2003,02/28/2003,11/30/2002,08/31/2002,05/31/2002,02/28/2002,11/30/2001,08/31/2001,05/31/2001,02/28/2001,11/30/2000,08/31/2000,05/31/2000,02/29/2000,11/30/1999,08/31/1999,05/31/1999,02/28/1999,11/30/1998,08/31/1998,05/31/1998,02/28/1998,11/30/1997,08/31/1997,05/31/1997,02/28/1997,11/30/1996,08/31/1996,05/31/1996,02/29/1996,11/30/1995,08/31/1995,05/31/1995,02/28/1995,11/30/1994,08/31/1994,05/31/1994,02/28/1994,11/30/1993,08/31/1993,05/31/1993,02/28/1993,11/30/1992,08/31/1992,05/31/1992,02/29/1992,11/30/1991,08/31/1991,05/31/1991,02/28/1991,11/30/1990,08/31/1990,05/31/1990,02/28/1990,11/30/1989,08/31/1989,05/31/1989,02/28/1989,11/30/1988,08/31/1988,05/31/1988,02/29/1988,11/30/1987,08/31/1987,05/31/1987,02/28/1987,11/30/1986,08/31/1986,05/31/1986,02/28/1986,11/30/1985,08/31/1985
TotalRevenue,"1,344,606,000","356,635,000","327,957,000","334,217,000","325,797,000","326,006,000","308,612,000","313,583,000","319,483,000","289,095,000","337,099,000","337,916,000","357,058,000","355,365,000","346,255,000","357,718,000","362,133,000","336,531,000","353,452,000","356,506,000","343,907,000","272,307,000","314,126,000","274,072,000","278,455,000","247,880,000","262,149,000","238,324,000","240,754,000","239,962,000","246,698,000","244,410,000","231,945,000","210,883,000","214,417,000","199,430,000","178,287,000","179,311,000","179,734,000","190,416,000","175,940,000","154,134,000","168,715,000","174,853,000","165,557,000","153,338,000","147,898,000","147,200,000","144,651,000","143,028,000","148,599,000","179,812,000","187,442,000","180,851,000","201,666,000","240,397,000","244,970,000","238,468,000","243,276,000","210,975,000","217,673,000","209,885,000","185,300,000","209,840,000","188,642,000","195,064,000","181,452,000","177,420,000","173,730,000","164,132,000","174,809,000","157,146,000","150,957,000","145,900,000","134,456,000","143,562,000","135,844,000","171,318,000","187,682,000","199,166,000","200,282,000","184,709,000","188,183,000","200,293,000","210,233,000","203,606,000","194,292,000","197,291,000","236,364,000","237,253,000","208,088,000","202,800,000","218,500,000","211,100,000","72,600,000","236,000,000","250,900,000","233,100,000","164,000,000","250,900,000","253,100,000","244,800,000","240,300,000","228,800,000","253,200,000","228,600,000","214,400,000","215,500,000","222,200,000","219,000,000","205,300,000","186,300,000","186,000,000","178,900,000","179,400,000","184,500,000","175,600,000","148,800,000","149,100,000","146,700,000","145,800,000","130,900,000","142,400,000","161,400,000","158,800,000","133,800,000","146,500,000","157,300,000","153,500,000","142,200,000","152,700,000","154,700,000","152,200,000","130,100,000","122,300,000","113,900,000","105,500,000","92,000,000","90,500,000","79,000,000","79,200,000","63,400,000","64,100,000","72,000,000","73,300,000","69,700,000","61,300,000","69,400,000","63,000,000"
	OperatingRevenue,"1,344,606,000","356,635,000","327,957,000","334,217,000","325,797,000","326,006,000","308,612,000","313,583,000","319,483,000","289,095,000","337,099,000","337,916,000","357,058,000","355,365,000","346,255,000","357,718,000","362,133,000","336,531,000","353,452,000","356,506,000","343,907,000","272,307,000","314,126,000","274,072,000","278,455,000","247,880,000","262,149,000","238,324,000","240,754,000","239,962,000","246,698,000","244,410,000","231,945,000","210,883,000","214,417,000","199,430,000","178,287,000","179,311,000","179,734,000","190,416,000","175,940,000","154,134,000","168,715,000","174,853,000","165,557,000","153,338,000","147,898,000","147,200,000","144,651,000","143,028,000","148,599,000","179,812,000","187,442,000","180,851,000","201,666,000","240,397,000","244,970,000","238,468,000","243,276,000","210,975,000","217,673,000","209,885,000","185,300,000","209,840,000","188,642,000","195,064,000","181,452,000","177,420,000","173,730,000","164,132,000","174,809,000","157,146,000","150,957,000","145,900,000","134,456,000","143,562,000","135,844,000","171,318,000","187,682,000","199,166,000","200,282,000","184,709,000","188,183,000","200,293,000","210,233,000","203,606,000","194,292,000","197,291,000","236,364,000","237,253,000","208,088,000","202,800,000","218,500,000","211,100,000","72,600,000","236,000,000","250,900,000","233,100,000","164,000,000","250,900,000","253,100,000","244,800,000","240,300,000","228,800,000","253,200,000","228,600,000","214,400,000","215,500,000","222,200,000","219,000,000","205,300,000","186,300,000","186,000,000","178,900,000","179,400,000","184,500,000","175,600,000","148,800,000","149,100,000","146,700,000","145,800,000","130,900,000","142,400,000","161,400,000","158,800,000","133,800,000","146,500,000","157,300,000","153,500,000","142,200,000","152,700,000","154,700,000","152,200,000","130,100,000","122,300,000","113,900,000","105,500,000","92,000,000","90,500,000","79,000,000","79,200,000","63,400,000","64,100,000","72,000,000","73,300,000","69,700,000","61,300,000","69,400,000","63,000,000"
CostOfRevenue,"1,052,538,000","271,018,000","234,189,000","269,537,000","277,795,000","258,296,000","238,945,000","243,998,000","243,296,000","228,844,000","259,624,000","263,606,000","270,851,000","274,398,000","301,976,000","273,628,000","277,667,000","255,801,000","267,787,000","264,947,000","257,906,000","202,013,000","231,929,000","201,204,000","205,924,000","183,452,000","193,293,000","175,898,000","184,055,000","184,374,000","185,566,000","187,757,000","182,624,000","169,445,000","167,474,000","156,042,000","139,752,000","142,925,000","143,453,000","148,176,000","139,803,000","123,059,000","135,960,000","140,125,000","139,605,000","129,652,000","124,677,000","124,140,000","126,649,000","124,192,000","121,051,000","135,245,000","138,904,000","139,408,000","153,542,000","185,309,000","196,433,000","189,470,000","188,091,000","170,761,000","170,810,000","166,997,000","146,223,000","169,122,000","153,380,000","161,708,000","147,218,000","143,489,000","141,681,000","134,283,000","143,161,000","127,034,000","122,813,000","120,087,000","115,169,000","115,232,000","111,468,000","138,170,000","144,624,000","153,905,000","148,487,000","138,757,000","142,970,000","154,482,000","158,833,000","151,339,000","144,478,000","147,876,000","180,076,000","179,544,000","155,734,000","163,800,000","164,800,000","155,800,000","46,500,000","179,300,000","189,900,000","180,800,000","115,600,000","202,400,000","198,100,000","193,300,000","204,200,000","183,200,000","205,000,000","186,100,000","184,000,000","182,900,000","186,600,000","182,600,000","176,700,000","156,200,000","152,800,000","149,900,000","156,900,000","156,700,000","150,000,000","125,000,000","126,900,000","123,200,000","121,300,000","107,700,000","110,500,000","132,000,000","129,100,000","106,800,000","118,300,000","129,800,000","123,100,000","114,900,000","123,500,000","127,700,000","126,000,000","106,500,000",,,,,,,,,,,,,,,
GrossProfit,"292,068,000","85,617,000","93,768,000","64,680,000","48,002,000","67,710,000","69,667,000","69,585,000","76,187,000","60,251,000","77,475,000","74,310,000","86,207,000","80,967,000","44,279,000","84,090,000","84,466,000","80,730,000","85,665,000","91,559,000","86,001,000","70,294,000","82,197,000","72,868,000","72,531,000","64,428,000","68,856,000","62,426,000","56,699,000","55,588,000","61,132,000","56,653,000","49,321,000","41,438,000","46,943,000","43,388,000","38,535,000","36,386,000","36,281,000","42,240,000","36,137,000","31,075,000","32,755,000","34,728,000","25,952,000","23,686,000","23,221,000","23,060,000","18,002,000","18,836,000","27,548,000","44,567,000","48,538,000","41,443,000","48,124,000","55,088,000","48,537,000","48,998,000","55,185,000","40,214,000","46,863,000","42,888,000","39,077,000","40,718,000","35,262,000","33,356,000","34,234,000","33,931,000","32,049,000","29,849,000","31,648,000","30,112,000","28,144,000","25,813,000","19,287,000","28,330,000","24,376,000","33,148,000","43,058,000","45,261,000","51,795,000","45,952,000","45,213,000","45,811,000","51,400,000","52,267,000","49,814,000","49,415,000","56,288,000","57,709,000","52,354,000","39,000,000","53,700,000","55,300,000","26,100,000","56,700,000","61,000,000","52,300,000","48,400,000","48,500,000","55,000,000","51,500,000","36,100,000","45,600,000","48,200,000","42,500,000","30,400,000","32,600,000","35,600,000","36,400,000","28,600,000","30,100,000","33,200,000","29,000,000","22,500,000","27,800,000","25,600,000","23,800,000","22,200,000","23,500,000","24,500,000","23,200,000","31,900,000","29,400,000","29,700,000","27,000,000","28,200,000","27,500,000","30,400,000","27,300,000","29,200,000","27,000,000","26,200,000","23,600,000",,,,,,,,,,,,,,,
OperatingExpense,"203,376,000","52,401,000","52,934,000","46,970,000","51,070,000","51,668,000","53,504,000","19,835,000","52,972,000","53,782,000","61,837,000","52,716,000","58,631,000","57,926,000","59,057,000","52,682,000","55,806,000","58,735,000","57,796,000","57,024,000","58,227,000","46,188,000","52,529,000","39,609,000","39,483,000","38,179,000","39,968,000","34,568,000","34,276,000","37,364,000","41,485,000","36,028,000","33,825,000","33,621,000","34,838,000","30,681,000","29,177,000","30,271,000","30,144,000","30,829,000","28,584,000","28,757,000","29,990,000","27,572,000","28,629,000","27,114,000","28,849,000","24,901,000","25,365,000","24,977,000","27,727,000","28,514,000","30,672,000","29,753,000","30,719,000","30,269,000","29,740,000","32,364,000","32,734,000","28,437,000","29,598,000","27,922,000","24,871,000","25,640,000","24,792,000","25,386,000","27,265,000","24,537,000","24,381,000","23,663,000","25,062,000","21,648,000","21,213,000","21,516,000","23,073,000","21,929,000","21,172,000","31,326,000","35,033,000","34,658,000","38,431,000","36,250,000","34,913,000","35,881,000","35,476,000","37,332,000","6,681,000","44,044,000","45,623,000","50,754,000","49,536,000","43,700,000","42,400,000","45,200,000","24,800,000","42,800,000","43,300,000","43,000,000","47,000,000","39,100,000","38,300,000","38,200,000","26,900,000","33,100,000","33,600,000","32,100,000","24,700,000","24,300,000","24,900,000","28,600,000","23,000,000","23,600,000","25,700,000","24,400,000","21,000,000","22,500,000","21,200,000","22,600,000","22,100,000","21,500,000","21,200,000","22,200,000","28,200,000","21,600,000","21,900,000","21,100,000","22,300,000","18,000,000","20,500,000","19,400,000","20,100,000","17,700,000","18,500,000","17,700,000",,,,,,,,,,,,,,,
	SellingGeneralAndAdministration,"203,376,000","52,401,000","52,934,000","46,970,000","51,070,000","51,668,000","53,504,000","19,835,000","52,972,000","53,782,000","61,837,000","52,716,000","58,631,000","57,926,000","59,057,000","52,682,000","55,806,000","58,735,000","57,796,000","57,024,000","58,227,000","46,188,000","52,529,000","39,609,000","39,483,000","38,179,000","39,968,000","34,568,000","34,276,000","37,364,000","41,485,000","36,028,000","33,825,000","33,621,000","34,838,000","30,681,000","29,177,000","30,271,000","30,144,000","30,829,000","28,584,000","28,757,000","29,990,000","27,572,000","28,629,000","27,114,000","28,849,000","24,901,000","25,365,000","24,977,000","27,727,000","28,514,000","30,672,000","29,753,000","30,719,000","30,269,000","29,740,000","32,364,000","32,734,000","28,437,000","29,598,000","27,922,000","24,871,000","25,640,000","24,792,000","25,386,000","27,265,000","24,537,000","24,381,000","23,663,000","25,062,000","21,648,000","21,213,000","21,516,000","23,073,000","21,929,000","21,172,000","31,326,000","35,033,000","34,658,000","38,431,000","36,250,000","34,913,000","35,881,000","35,476,000","37,332,000","33,801,000","35,951,000","36,391,000","40,959,000","41,617,000","35,300,000","34,100,000","36,800,000","19,100,000","36,100,000","36,800,000","36,000,000","41,400,000","32,600,000","32,200,000","32,400,000","23,800,000","27,600,000","27,800,000","26,000,000","20,800,000","20,000,000","21,100,000","24,100,000","19,300,000","19,800,000","21,800,000","20,700,000","16,500,000","18,600,000","17,700,000","18,800,000","18,300,000","17,800,000","17,600,000","18,200,000","22,700,000","18,500,000","18,000,000","17,300,000","18,700,000","15,000,000","17,000,000","16,100,000","16,400,000","14,700,000","15,800,000","14,900,000",,,,,,,,,,,,,,,
	DepreciationAmortizationDepletionIncomeStatement,,,,,,,,,,,,,,,,,,,,,,,,,,,,,,,,,,,,,,,,,,,,,,,,,,,,,,,,,,,,,,,,,,,,,,,,,,,,,,,,,,,,,,"6,963,000","7,109,000","8,093,000","9,232,000","9,795,000","7,919,000","8,400,000","8,300,000","8,400,000","5,700,000","6,700,000","6,500,000","7,000,000","5,600,000","6,500,000","6,100,000","5,800,000","3,100,000","5,500,000","5,800,000","6,100,000","3,900,000","4,300,000","3,800,000","4,500,000","3,700,000","3,800,000","3,900,000","3,700,000","4,500,000","3,900,000","3,500,000","3,800,000","3,800,000","3,700,000","3,600,000","4,000,000","5,500,000","3,100,000","3,900,000","3,800,000","3,600,000","3,000,000","3,500,000","3,300,000","3,700,000","3,000,000","2,700,000","2,800,000",,,,,,,,,,,,,,,
		DepreciationAndAmortizationInIncomeStatement,,,,,,,,,,,,,,,,,,,,,,,,,,,,,,,,,,,,,,,,,,,,,,,,,,,,,,,,,,,,,,,,,,,,,,,,,,,,,,,,,,,,,,"6,963,000","7,109,000","8,093,000","9,232,000","9,795,000","7,919,000","8,400,000","8,300,000","8,400,000","5,700,000","6,700,000","6,500,000","7,000,000","5,600,000","6,500,000","6,100,000","5,800,000","3,100,000","5,500,000","5,800,000","6,100,000","3,900,000","4,300,000","3,800,000","4,500,000","3,700,000","3,800,000","3,900,000","3,700,000","4,500,000","3,900,000","3,500,000","3,800,000","3,800,000","3,700,000","3,600,000","4,000,000","5,500,000","3,100,000","3,900,000","3,800,000","3,600,000","3,000,000","3,500,000","3,300,000","3,700,000","3,000,000","2,700,000","2,800,000",,,,,,,,,,,,,,,
	OtherOperatingExpenses,,,,,,,,,,,,,,,,,,,,,,,,,,,,,,,,,,,,,,,,,,,,,,,,,,,,,,,,,,,,,,,,,,,,,,,,,,,,,,,,,,,,,,"-6,963,000",,,,,,,,,,,,,,,,,,,,,,,,,,,,,,,,,,,,,,,,,,,,,,,,,,,,,,,,,,,,,,,
OperatingIncome,"88,692,000","33,216,000","40,834,000","17,710,000","-3,068,000","16,042,000","16,163,000","49,750,000","23,215,000","6,469,000","15,638,000","21,594,000","27,576,000","23,041,000","-14,778,000","31,408,000","28,660,000","21,995,000","27,869,000","34,535,000","27,774,000","24,106,000","29,668,000","33,259,000","33,048,000","26,249,000","28,888,000","27,858,000","22,423,000","18,224,000","19,647,000","20,625,000","15,496,000","7,817,000","12,105,000","12,707,000","9,358,000","6,115,000","6,137,000","11,411,000","7,553,000","2,318,000","2,765,000","7,156,000","-2,677,000","-3,428,000","-5,628,000","-1,841,000","-7,363,000","-6,141,000","-179,000","16,053,000","17,866,000","11,690,000","17,405,000","24,819,000","18,797,000","16,634,000","22,451,000","11,777,000","17,265,000","14,966,000","14,206,000","15,078,000","10,470,000","7,970,000","6,969,000","9,394,000","7,668,000","6,186,000","6,586,000","8,464,000","6,931,000","4,297,000","-3,786,000","6,401,000","3,204,000","1,822,000","8,025,000","10,603,000","13,364,000","9,702,000","10,300,000","9,930,000","15,924,000","14,935,000","43,133,000","5,371,000","10,665,000","6,955,000","2,818,000","-4,700,000","11,300,000","10,100,000","1,300,000","13,900,000","17,700,000","9,300,000","1,400,000","9,400,000","16,700,000","13,300,000","9,200,000","12,500,000","14,600,000","10,400,000","5,700,000","8,300,000","10,700,000","7,800,000","5,600,000","6,500,000","7,500,000","4,600,000","1,500,000","5,300,000","4,400,000","1,200,000","100,000","2,000,000","3,300,000","1,000,000","3,700,000","7,800,000","7,800,000","5,900,000","5,900,000","9,500,000","9,900,000","7,900,000","9,100,000","9,300,000","7,700,000","5,900,000","-287,300,000","113,900,000","105,500,000","92,000,000","-201,300,000","79,000,000","79,200,000","63,400,000","-197,100,000","72,000,000","73,300,000","69,700,000","-170,900,000","69,400,000","63,000,000"
NetNonOperatingInterestIncomeExpense,"-3,735,000","-1,206,000","-929,000","-528,000","-1,072,000","-1,238,000","-168,000","-1,502,000","-1,324,000","-2,463,000","-1,521,000","-1,764,000","-2,203,000","-2,611,000","-2,299,000","-2,132,000","-1,944,000","-1,719,000","-1,671,000","-1,488,000","-1,533,000","-277,000","-267,000","121,000","64,000","118,000","103,000","99,000","117,000","70,000","98,000","-114,000","-10,000","56,000","-52,000","-22,000","-33,000","-325,000","-360,000","-77,000","-208,000","-91,000","-88,000","-218,000","-23,000","-32,000","-52,000","109,000","-41,000","178,000","94,000","22,000","73,000","58,000",,,,,,,,,,,,,,,,,,,,,,,,,,,,,,,,,,,,,,,,,,,,,,,,,,,,,,,,,,,,,,,,,,,,,,,,,,,,,,,,,,,,,,,,,,,,,,,
	InterestIncomeNonOperating,,,,,,,,,,,,,,,"-1,364,000","809,000","680,000","230,000","148,000","106,000","117,000","167,000","209,000","271,000","252,000","275,000","219,000","258,000","267,000","237,000","248,000","243,000","215,000","249,000","234,000","206,000","213,000","174,000","189,000","253,000","43,000","272,000","297,000","216,000","277,000","277,000","227,000","256,000","110,000","318,000","239,000","171,000","213,000","230,000",,,,,,,,,,,,,,,,,,,,,,,,,,,,,,,,,,,,,,,,,,,,,,,,,,,,,,,,,,,,,,,,,,,,,,,,,,,,,,,,,,,,,,,,,,,,,,,
	InterestExpenseNonOperating,"3,735,000","1,206,000","929,000","528,000","1,072,000","1,238,000","168,000","1,502,000","1,324,000","2,463,000","1,521,000","1,764,000","2,203,000","2,611,000","935,000","2,941,000","2,624,000","1,949,000","1,819,000","1,594,000","1,650,000","444,000","476,000","150,000","188,000","157,000","116,000","159,000","150,000","167,000","150,000","357,000","225,000","193,000","286,000","228,000","246,000","499,000","549,000","330,000","251,000","363,000","385,000","434,000","300,000","309,000","279,000","147,000","151,000","140,000","145,000","149,000","140,000","172,000",,,,,,,,,,,,,,,,,,,,,,,,,,,,,,,,,,,,,,,,,,,,,,,,,,,,,,,,,,,,,,,,,,,,,,,,,,,,,,,,,,,,,,,,,,,,,,,
	TotalOtherFinanceCost,,,,,,,,,,,"1,520,000","1,764,000","2,203,000","2,611,000",,,,,,,,,,,,,,,,,,,,,,,,,,,,,,,,,,,,,,,,,,,,,,,,,,,,,,,,,,,,,,,,,,,,,,,,,,,,,,,,,,,,,,,,,,,,,,,,,,,,,,,,,,,,,,,,,,,,,,,,,,,,,,,,,,,,,,,
OtherIncomeExpense,"-54,877,000","-1,310,000","-50,616,000","-3,057,000","105,000","-315,000","-69,261,000","472,000","1,260,000",,,,,,"-69,000","-655,000","217,000","-22,000","6,000","303,000","77,000","179,000","193,000","-158,000","254,000","256,000","-337,000","-75,000","-93,000","48,000","-77,000","-16,000","195,000","1,283,000","-159,000","107,000","-104,000","69,000","-479,000","198,000","155,000","17,000","189,000","-90,000","91,000","3,000","-438,000","239,000","105,000","39,000","94,000","90,000","72,000","29,000","100,000","1,655,000","343,000","-308,000","-233,000","-3,875,000","1,461,000","3,000","353,000","1,094,000","1,503,000","-248,000","98,000","1,105,000","1,329,000","156,000","-689,000","150,000","190,000","-692,000","-2,265,000","-820,000","549,000","-561,000","-1,604,000","1,220,000","-112,000","-1,118,000","-2,786,000","-605,000","297,000","2,068,000","1,453,000","1,368,000","-665,000","-692,000","-817,000","-600,000","-900,000","-400,000","-300,000","-300,000","-400,000","-300,000","-70,300,000","-26,300,000","-200,000","-300,000","-200,000",,,"-100,000","100,000","300,000","-100,000","100,000","200,000","200,000","300,000","200,000","-4,400,000","300,000","300,000","900,000","600,000","1,100,000","300,000",,"-400,000","-6,400,000","-700,000","-800,000","-800,000","-1,200,000","-500,000","-900,000","-1,600,000","-3,200,000",,,,,,,,,,,,,,,,,
	EarningsFromEquityInterest,,,,,,,,,,,,,,,,,,,,,,,,,,,,,,,,,,,,,,,,,,,,,,,,,,,,"0","0","0","0",,"293,000","-379,000","-5,285,000","766,000","1,493,000","-17,000","361,000","1,080,000","1,473,000","-190,000","53,000","1,124,000","1,256,000","190,000","-724,000","-82,000","184,000","-649,000","-2,343,000","-816,000","555,000","-561,000","-1,570,000","270,000","-112,000","-1,118,000","-2,786,000","-605,000","297,000","2,068,000",,,,,,,,,,,,,,,,,,,,,,,,,,,,,,,,,,,,,,,,,,,,,,,,,,,,,,,,,,,,,,,
	SpecialIncomeCharges,,,,,,,,,,,,,,,,,,,,,,,,,,,,,,,,,,,,,,,,"198,000","155,000","17,000","189,000","-90,000","91,000","3,000","-438,000","239,000","105,000","39,000","94,000","90,000","72,000","29,000","100,000","1,655,000","50,000","71,000","5,052,000","-4,641,000","-32,000","20,000","-8,000","14,000","30,000","-58,000","45,000","-19,000","73,000","-34,000","35,000","232,000","6,000","-43,000","78,000","-4,000","-6,000",,"-34,000","950,000",,,,,,,,"1,368,000","-665,000","-692,000","-817,000","-600,000","-900,000","-400,000","-300,000","-300,000","-400,000","-300,000","-70,300,000","-26,300,000","-200,000","-300,000","-200,000",,,"-100,000","100,000","300,000","-100,000","100,000","200,000","200,000","300,000","200,000","-4,400,000","300,000","300,000","900,000","600,000","1,100,000","300,000",,"-400,000","-6,400,000","-700,000","-800,000","-800,000","-1,200,000","-500,000","-900,000","-1,600,000","-3,200,000",,,,,,,,,,,,,,,,,
	OtherNonOperatingIncomeExpenses,"-5,404,000","-1,310,000","-1,143,000","-3,057,000","105,000","-315,000","808,000","472,000","1,260,000",,,,,,"-69,000","-655,000","217,000","-22,000","6,000","303,000","77,000","179,000","193,000","-158,000","254,000","256,000","-337,000","-75,000","-93,000","48,000","-77,000","-16,000","195,000","1,283,000","-159,000","107,000","-104,000","69,000","-479,000",,,,,,,,,,,,,,,,,,,,,,,,,,,,,,,,,,,,,,,,,,,,,,,,,,,,,,,,,,,,,,,,,,,,,,,,,,,,,,,,,,,,,,,,,,,,,,,,,,,,,,,,,,,,,,
PretaxIncome,"30,080,000","30,700,000","-10,711,000","14,125,000","-4,035,000","14,489,000","-53,266,000","48,720,000","23,151,000","4,006,000","14,117,000","19,830,000","25,373,000","20,430,000","-17,146,000","28,621,000","26,933,000","20,254,000","26,204,000","33,350,000","26,318,000","24,008,000","29,594,000","33,222,000","33,366,000","26,623,000","28,654,000","27,882,000","22,447,000","18,342,000","19,668,000","20,495,000","15,681,000","9,156,000","11,894,000","12,792,000","9,221,000","5,859,000","5,298,000","11,532,000","7,500,000","2,244,000","2,866,000","6,848,000","-2,609,000","-3,457,000","-6,118,000","-1,493,000","-7,299,000","-5,924,000","9,000","16,165,000","18,011,000","11,777,000","17,241,000","26,355,000","19,038,000","16,072,000","21,580,000","7,721,000","18,274,000","14,727,000","14,459,000","15,694,000","11,440,000","7,206,000","6,609,000","10,072,000","8,638,000","5,912,000","5,403,000","8,090,000","6,698,000","3,791,000","-6,860,000","4,815,000","2,989,000","421,000","5,615,000","10,958,000","12,418,000","7,592,000","6,311,000","8,469,000","14,987,000","8,119,000","8,116,000","3,820,000","6,820,000","3,480,000","-1,058,000","-7,800,000","7,800,000","7,200,000","-1,000,000","11,300,000","14,800,000","6,400,000","-70,700,000","-18,300,000","14,800,000","10,800,000","8,100,000","11,300,000","12,600,000","8,000,000","5,100,000","7,700,000","8,900,000","5,900,000","4,200,000","5,600,000","7,100,000","4,300,000","-4,200,000","4,600,000","3,900,000","1,500,000","0","2,800,000","3,000,000","500,000","2,900,000","1,300,000","6,800,000","4,600,000","4,900,000","8,300,000","9,100,000","6,600,000","7,200,000","5,000,000","6,500,000","4,700,000",,,,,,,,,,,,,,,
TaxProvision,"14,680,000","7,969,000","5,562,000","3,068,000","-1,919,000","3,672,000","-10,895,000","11,447,000","5,493,000","1,130,000","2,159,000","4,596,000","6,094,000","4,987,000","-5,062,000","6,730,000","6,420,000","4,881,000","3,875,000","9,704,000","8,909,000","7,904,000","6,475,000","10,670,000","10,969,000","8,901,000","8,718,000","9,361,000","7,687,000","6,216,000","5,780,000","6,759,000","-1,110,000","3,054,000","3,856,000","3,124,000","3,100,000","1,700,000","996,000","3,480,000","2,681,000","638,000","-149,000","1,312,000","-932,000","-1,280,000","-2,753,000","829,000","-2,308,000","-2,445,000","-274,000","5,440,000","5,322,000","4,257,000","6,293,000","8,678,000","6,747,000","5,793,000","7,487,000","155,000","6,487,000","5,002,000","4,785,000","5,791,000","4,107,000","2,464,000","1,263,000","1,099,000","3,130,000","1,972,000","1,792,000","2,533,000","2,377,000","702,000",,"-639,000","488,000","113,000","643,000","3,397,000","3,850,000","2,354,000","1,956,000","2,625,000","4,646,000","2,517,000","3,938,000","858,000","2,620,000","1,460,000","71,000","-2,500,000","2,900,000","2,700,000","-400,000","4,000,000","5,600,000","2,500,000","-13,600,000","-7,900,000","5,100,000","4,000,000","2,500,000","3,700,000","4,600,000","3,000,000","1,600,000","2,500,000","3,300,000","2,400,000","1,800,000","1,800,000","2,800,000","1,700,000","-1,200,000","1,700,000","1,500,000","600,000","-200,000","800,000","1,100,000","200,000","1,300,000","1,000,000","2,900,000","1,900,000","1,500,000","3,600,000","3,900,000","2,900,000","2,900,000","2,000,000","2,600,000","1,900,000",,,,,,,,,,,,,,,
NetIncomeCommonStockholders,"15,400,000","22,731,000","-16,273,000","11,057,000","-2,116,000","10,817,000","-42,371,000","37,273,000","17,658,000","2,876,000","11,958,000","15,234,000","19,279,000","15,443,000","-12,084,000","21,891,000","20,513,000","15,373,000","22,329,000","23,646,000","17,409,000","16,104,000","23,119,000","22,552,000","22,397,000","17,722,000","19,936,000","18,521,000","14,760,000","12,126,000","13,888,000","13,736,000","16,791,000","6,102,000","8,038,000","9,668,000","6,121,000","4,159,000","4,396,000","8,052,000","5,057,000","1,606,000","2,963,000","5,536,000","-1,677,000","-2,177,000","-4,410,000","-2,322,000","-122,000","-3,479,000","473,000","10,725,000","13,023,000","7,520,000","10,971,000","17,645,000","12,217,000","10,202,000","14,385,000","10,996,000","11,474,000","11,696,000","9,675,000","9,903,000","7,333,000","4,742,000","5,346,000","8,973,000","5,508,000","3,940,000","3,611,000","5,557,000","4,321,000","3,156,000","-6,499,000","2,450,000","-1,851,000","308,000","8,547,000","7,561,000","8,568,000","5,238,000","4,355,000","5,844,000","10,341,000","5,602,000","5,819,000","2,962,000","4,200,000","2,020,000","-3,525,000","-3,000,000","14,000,000","4,600,000","4,900,000","7,300,000","9,200,000","3,900,000","-57,100,000","-10,400,000","9,700,000","6,800,000","5,600,000","7,600,000","8,000,000","5,000,000","3,500,000","5,200,000","5,600,000","3,500,000","2,400,000","3,800,000","4,300,000","2,600,000","-3,000,000","2,900,000","2,400,000","1,400,000","200,000","2,000,000","1,900,000","300,000","1,600,000","300,000","3,900,000","2,700,000","3,400,000","4,700,000","5,200,000","3,700,000","4,300,000","3,000,000","3,900,000","2,800,000",,,,,,,,,,,,,,,
	NetIncome,"15,400,000","22,731,000","-16,273,000","11,057,000","-2,116,000","10,817,000","-42,371,000","37,273,000","17,658,000","2,876,000","11,958,000","15,234,000","19,279,000","15,443,000","-12,084,000","21,891,000","20,513,000","15,373,000","22,329,000","23,646,000","17,409,000","16,104,000","23,119,000","22,552,000","22,397,000","17,722,000","19,936,000","18,521,000","14,760,000","12,126,000","13,888,000","13,736,000","16,791,000","6,102,000","8,038,000","9,668,000","6,121,000","4,159,000","4,396,000","8,052,000","5,057,000","1,606,000","2,963,000","5,536,000","-1,677,000","-2,177,000","-4,410,000","-2,322,000","-122,000","-3,479,000","473,000","10,725,000","13,023,000","7,520,000","10,971,000","17,645,000","12,217,000","10,202,000","14,385,000","10,996,000","11,474,000","11,696,000","9,675,000","9,903,000","7,333,000","4,742,000","5,346,000","8,973,000","5,508,000","3,940,000","3,611,000","5,557,000","4,321,000","3,156,000","-6,499,000","2,450,000","-1,851,000","308,000","8,547,000","7,561,000","8,568,000","5,238,000","4,355,000","5,844,000","10,341,000","5,602,000","5,819,000","2,962,000","4,200,000","2,020,000","-3,525,000","-3,000,000","14,000,000","4,600,000","4,900,000","7,300,000","9,200,000","3,900,000","-57,100,000","-10,400,000","9,700,000","6,800,000","5,600,000","7,600,000","8,000,000","5,000,000","3,500,000","5,200,000","5,600,000","3,500,000","2,400,000","3,800,000","4,300,000","2,600,000","-3,000,000","2,900,000","2,400,000","1,400,000","200,000","2,000,000","1,900,000","300,000","1,600,000","300,000","3,900,000","2,700,000","3,400,000","4,700,000","5,200,000","3,700,000","4,300,000","3,000,000","3,900,000","2,800,000",,,,,,,,,,,,,,,
		NetIncomeIncludingNoncontrollingInterests,"15,400,000","22,731,000","-16,273,000","11,057,000","-2,116,000","10,817,000","-42,371,000","37,273,000","17,658,000","2,876,000","11,958,000","15,234,000","19,279,000","15,443,000","-12,084,000","21,891,000","20,513,000","15,373,000","22,329,000","23,646,000","17,409,000","16,104,000","23,119,000","22,552,000","22,397,000","17,722,000","19,936,000","18,521,000","14,760,000","12,126,000","13,888,000","13,736,000","16,791,000","6,102,000","8,038,000","9,668,000","6,121,000","4,159,000","4,396,000","8,052,000","5,057,000","1,606,000","2,963,000","5,536,000","-1,677,000","-2,177,000","-4,410,000","-2,322,000","-122,000","-3,479,000","473,000","10,725,000","13,023,000","7,520,000","10,971,000","17,645,000","12,217,000","10,202,000","14,385,000","10,996,000","11,474,000","11,696,000","9,675,000","9,903,000","7,333,000","4,742,000","5,346,000","8,973,000","5,508,000","3,940,000","3,611,000","5,557,000","4,321,000","3,156,000","-6,499,000","2,450,000","-1,851,000","308,000","8,547,000","7,561,000","8,568,000","5,238,000","4,355,000","5,844,000","10,341,000","5,602,000","5,819,000","2,962,000","4,200,000","2,020,000","-3,225,000","-3,000,000","13,800,000","4,500,000","4,800,000","7,200,000","9,300,000","3,900,000","-57,100,000","-10,400,000","9,700,000","6,800,000","5,500,000","6,900,000","8,000,000","4,900,000","2,900,000","4,900,000","5,600,000","3,700,000","2,400,000","3,600,000","4,200,000","2,600,000","-2,300,000","2,900,000","2,400,000","1,400,000","200,000","2,000,000","1,900,000","300,000","1,600,000","300,000","3,900,000","2,700,000","3,400,000","4,700,000","5,200,000","3,700,000","4,300,000","3,000,000","3,900,000","2,800,000","3,200,000","4,000,000","3,800,000","2,400,000","2,500,000","3,400,000","3,500,000","2,100,000","1,700,000","2,300,000","2,700,000","1,800,000","1,700,000","2,600,000","2,600,000"
			NetIncomeContinuousOperations,"15,400,000","22,731,000","-16,273,000","11,057,000","-2,116,000","10,817,000","-42,371,000","37,273,000","17,658,000","2,876,000","11,958,000","15,234,000","19,279,000","15,443,000","-12,084,000","21,891,000","20,513,000","15,373,000","22,329,000","23,646,000","17,409,000","16,104,000","23,119,000","22,552,000","22,397,000","17,722,000","19,936,000","18,521,000","14,760,000","12,126,000","13,888,000","13,736,000","16,791,000","6,102,000","8,038,000","9,668,000","6,121,000","4,159,000","4,302,000","8,052,000","4,819,000","1,606,000","3,015,000","5,536,000","-1,677,000","-2,177,000","-3,365,000","-2,322,000","-4,991,000","-3,479,000","283,000","10,725,000","12,689,000","7,520,000","10,948,000","17,677,000","12,291,000","10,279,000","14,093,000","7,566,000","11,787,000","9,725,000","9,674,000","9,903,000","7,333,000","4,742,000","5,346,000","8,973,000","5,508,000","3,940,000","3,611,000","5,557,000","4,321,000","3,089,000","-3,732,000","5,454,000","2,501,000","308,000","4,972,000","7,561,000","8,568,000","5,238,000","4,355,000","5,844,000","10,341,000","5,602,000","4,178,000","2,962,000","4,200,000","2,020,000","-1,129,000","-5,300,000","4,900,000","4,500,000","-600,000","7,300,000","9,200,000","3,900,000","-57,100,000","-10,400,000","9,700,000","6,800,000","5,600,000","7,600,000","8,000,000","5,000,000","3,500,000","5,200,000","5,600,000","3,500,000","2,400,000","3,800,000","4,300,000","2,600,000","-3,000,000","2,900,000","2,400,000","900,000","200,000","2,000,000","1,900,000","300,000","1,600,000","300,000","3,900,000","2,700,000","3,400,000","4,700,000","5,200,000","3,700,000","4,300,000","3,000,000","3,900,000","2,800,000","3,200,000","4,000,000","3,800,000","2,400,000","2,500,000","3,400,000","3,500,000","2,100,000","1,700,000","2,300,000","2,700,000","1,800,000","1,700,000","2,600,000","2,600,000"
			NetIncomeDiscontinuousOperations,,,,,,,,,,,,,,,,,,,,,,,,,,,,,,,,,,,,,,,"94,000","0","238,000",,"-52,000","0","0",,"-1,045,000","0","4,869,000",,"190,000","0","334,000","0","23,000","-32,000","-74,000","-77,000","292,000","3,430,000","-313,000","1,971,000",,,,,,,,,"0",,,"67,000","-2,767,000","-3,004,000","-4,352,000",,,,,,,,,,,,,,"-2,396,000","2,300,000","9,100,000","100,000",,,,,,,,,,,,,,,,,,,,,,,,,,,,,,,,,,,,,,,,,,,,,,,,,,,,,,,
			NetIncomeExtraordinary,,,,,,,,,,,,,,,,,,,,,,,,,,,,,,,,,,,,,,,,,,,,,,,,,,,,,,,,,,,,,,,,,,,,,,,,,,,,,,,,,,,,,,,,,,,,,,,,,,,,,,,,,,,,,,,,,,,"0",,,"500,000",,,,,,,,,,,,,,,,,,,,,,,,,,,,,,,
		MinorityInterests,,,,,,,,,,,,,,,,,,,,,,,,,,,,,,,,,,,,,,,,,,,,,,,,,,,,,,,,,,,,,,,,,,,,,,,,,,,,,,,,,,,,,,,,,,,,,"200,000","100,000","100,000","100,000","-100,000",,,,,,"100,000","700,000",,"100,000","600,000","300,000",,"-200,000","0","200,000","100,000",,,,,,,,,,,,,,,,,,,,,,,,,,,,,,,,,,,,
DilutedNIAvailtoComStockholders,"15,400,000","22,731,000","-16,273,000","11,057,000","-2,116,000","10,817,000","-42,371,000","37,273,000","17,658,000","2,876,000","11,958,000","15,234,000","19,279,000","15,443,000","-12,084,000","21,891,000","20,513,000","15,373,000","22,329,000","23,646,000","17,409,000","16,104,000","23,119,000","22,552,000","22,397,000","17,722,000","19,936,000","18,521,000","14,760,000","12,126,000","13,888,000","13,736,000","16,791,000","6,102,000","8,038,000","9,668,000","6,121,000","4,159,000","4,396,000","8,052,000","5,057,000","1,606,000","2,963,000","5,536,000","-1,677,000","-2,177,000","-4,410,000","-2,322,000","-122,000","-3,479,000","473,000","10,725,000","13,023,000","7,520,000","10,971,000","17,645,000","12,217,000","10,202,000","14,385,000","10,996,000","11,474,000","11,696,000","9,675,000","9,903,000","7,333,000","4,742,000","5,346,000","8,973,000","5,508,000","3,940,000","3,611,000","5,557,000","4,321,000","3,156,000","-6,499,000","2,450,000","-1,851,000","308,000","8,547,000","7,561,000","8,568,000","5,238,000","4,355,000","5,844,000","10,341,000","5,602,000","5,819,000","2,962,000","4,200,000","2,020,000","-3,525,000","-3,000,000","14,000,000","4,600,000","4,900,000","7,300,000","9,200,000","3,900,000","-57,100,000","-10,400,000","9,700,000","6,800,000","5,600,000","7,600,000","8,000,000","5,000,000","3,500,000","5,200,000","5,600,000","3,500,000","2,400,000","3,800,000","4,300,000","2,600,000","-3,000,000","2,900,000","2,400,000","1,400,000","200,000","2,000,000","1,900,000","300,000","1,600,000","300,000","3,900,000","2,700,000","3,400,000","4,700,000","5,200,000","3,700,000","4,300,000","3,000,000","3,900,000","2,800,000",,,,,,,,,,,,,,,
BasicEPS,,"1.01","-0.67","0.44","-0.08","0.43","-1.65","1.44","0.68","0.11","0.45","0.58","0.73","0.58","-0.45","0.79","0.73","0.55","0.79","0.82","0.6","0.56","0.81","0.78","0.78","0.62","0.69","0.64","0.51","0.42","0.49","0.47","0.59","0.21","0.28","0.34","0.21","0.15","0.15","0.29","0.18","0.06","0.11","0.2","-0.06","-0.08",,"-0.08","0","-0.13",,"0.39","0.48","0.27",,"0.64","0.44","0.36",,"0.39","0.4","0.42",,"0.36","0.27","0.17",,"0.33","0.2","0.14",,"0.21","0.16","0.12",,"0.09","-0.07","0.01",,"0.28","0.31","0.19",,"0.21","0.37","0.2",,"0.11","0.15","0.07",,"-0.11","0.51","0.17",,"0.26","0.33","0.14",,"-0.37","0.35","0.24",,"0.28","0.29","0.18",,"0.19","0.21","0.13",,"0.14","0.16","0.1",,"0.11","0.09","0.06",,"0.08","0.08","0.01",,"0.01","0.15","0.1",,"0.18","0.19","0.14",,"0.11","0.15","0.11",,"0.15","0.14","0.09",,"0.13","0.13","0.08",,"0.09","0.1","0.07",,"0.1","0.1"
DilutedEPS,,"1","-0.67","0.44","-0.08","0.42","-1.65","1.42","0.67","0.11","0.45","0.57","0.72","0.58","-0.45","0.78","0.72","0.54","0.78","0.82","0.6","0.56","0.8","0.78","0.77","0.61","0.69","0.63","0.5","0.41","0.47","0.47","0.57","0.21","0.27","0.33","0.21","0.14","0.15","0.28","0.18","0.06","0.11","0.2","-0.06","-0.08",,"-0.08","0","-0.13",,"0.39","0.47","0.27",,"0.63","0.43","0.36",,"0.38","0.39","0.4",,"0.35","0.26","0.17",,"0.32","0.2","0.14",,"0.2","0.16","0.11",,"0.09","-0.07","0.01",,"0.27","0.3","0.18",,"0.2","0.36","0.2",,"0.11","0.15","0.07",,"-0.11","0.51","0.16",,"0.26","0.33","0.14",,"-0.37","0.34","0.24",,"0.27","0.28","0.18",,"0.19","0.21","0.13",,"0.14","0.16","0.1",,"0.11","0.09","0.06",,"0.08","0.08","0.01",,"0.01","0.15","0.1",,"0.18","0.19","0.14",,"0.11","0.15","0.11",,"0.15","0.14","0.09",,"0.13","0.13","0.08",,"0.09","0.1","0.07",,"0.1","0.1"
BasicAverageShares,,"22,399,000","24,183,000","24,957,000","25,140,000","25,402,000","25,613,000","25,883,000","26,156,000","26,168,000","26,454,000","26,432,000","26,413,000","26,597,000","27,117,000","27,836,000","28,128,000","28,189,000","28,298,000","28,736,000","28,850,000","28,851,000","28,705,000","28,828,000","28,891,000","28,702,000","28,819,000","29,181,021","29,186,951","29,044,481","28,773,973","28,725,412","28,774,081","28,777,464","28,614,742","28,483,460","28,394,147","28,440,656","28,076,220","28,028,700","27,922,058","27,787,767","27,642,586","27,662,909","27,795,705","27,861,799",,"27,608,311","27,602,202","27,638,163",,"27,370,931","27,346,717","27,389,000",,"27,554,000","27,992,000","28,213,000",,"28,472,000","28,386,000","28,150,000",,"27,652,000","27,586,000","27,603,000",,"27,389,000","27,591,000","27,281,000",,"27,032,000","27,066,000","27,104,296",,"27,099,000","27,057,000","26,946,000",,"27,255,000","27,740,000","28,060,000",,"27,978,000","28,267,000","27,985,000",,"27,842,000","27,852,000","27,801,000",,"27,272,727","27,450,980","27,058,824",,"28,076,923","27,878,788","27,857,143",,"28,108,108","27,714,286","28,333,333",,"27,142,857","27,586,207","27,777,778",,"27,368,421","26,666,667","26,923,077",,"27,142,857","26,875,000","26,000,000",,"26,363,636","26,666,667","23,333,333",,"25,000,000","23,750,000","30,000,000",,"30,000,000","26,000,000","27,000,000",,"26,111,111","27,368,421","26,428,571",,"27,272,727","26,000,000","25,454,545",,"26,884,000","26,746,000","26,920,000",,"26,696,000","26,724,000","26,704,000",,"26,512,000","26,578,000","26,536,000",,"26,520,000","26,512,000"
DilutedAverageShares,,"22,651,000","24,183,000","25,309,000","25,140,000","25,822,000","25,613,000","26,225,000","26,525,000","26,418,000","26,746,000","26,750,000","26,736,000","26,843,000","27,117,000","28,156,000","28,379,000","28,437,000","28,619,000","28,818,000","28,908,000","28,861,000","28,834,000","28,892,000","28,963,000","28,901,000","29,063,000","29,466,282","29,491,989","29,478,963","29,448,402","29,357,729","29,305,991","29,384,879","29,571,261","29,376,301","29,210,505","29,337,478","29,072,573","28,832,096","28,436,466","28,223,066","28,183,573","27,823,745","27,795,705","27,861,799",,"27,608,311","27,602,202","27,638,163",,"27,737,846","27,584,679","27,650,000",,"27,905,000","28,441,000","28,751,000",,"29,205,000","29,198,000","28,885,000",,"28,300,000","27,994,000","28,022,000",,"28,137,000","28,018,000","27,751,000",,"27,781,000","27,646,000","27,771,235",,"27,926,000","27,829,000","27,647,000",,"28,002,000","28,637,000","29,090,000",,"28,960,000","28,889,000","28,319,000",,"27,924,000","27,853,000","27,801,000",,"27,272,727","27,450,980","28,750,000",,"28,076,923","27,878,788","27,857,143",,"28,108,108","28,529,412","28,333,333",,"28,148,148","28,571,429","27,777,778",,"27,368,421","26,666,667","26,923,077",,"27,142,857","26,875,000","26,000,000",,"26,363,636","26,666,667","23,333,333",,"25,000,000","23,750,000","30,000,000",,"30,000,000","26,000,000","27,000,000",,"26,111,111","27,368,421","26,428,571",,"27,272,727","26,000,000","25,454,545",,"26,884,000","26,746,000","26,920,000",,"26,696,000","26,724,000","26,704,000",,"26,512,000","26,578,000","26,536,000",,"26,520,000","26,512,000"
TotalOperatingIncomeAsReported,"39,219,000","33,216,000","-8,639,000","17,710,000","-3,068,000","16,042,000","-53,906,000","49,750,000","23,215,000","6,469,000","15,638,000","21,594,000","27,576,000","23,041,000","-14,778,000","31,408,000","28,660,000","21,995,000","27,869,000","34,535,000","27,774,000","24,106,000","29,668,000","33,259,000","33,048,000","26,249,000","28,888,000","27,858,000","22,423,000","18,224,000","19,647,000","20,625,000","15,496,000","7,817,000","12,105,000","12,707,000","9,358,000","6,115,000","6,137,000","11,411,000","7,553,000","2,318,000","2,765,000","7,156,000","-2,677,000","-3,428,000","-5,628,000","-1,841,000","-7,363,000","-6,141,000","-179,000","16,053,000","17,866,000","11,690,000","17,405,000","24,819,000","18,797,000","16,634,000","22,451,000","11,777,000","17,265,000","14,966,000","14,206,000","15,078,000","10,470,000","7,970,000","6,969,000","9,394,000","7,668,000","6,186,000","6,586,000","8,464,000","6,931,000","4,297,000","-3,786,000","6,401,000","3,204,000","1,822,000","8,025,000","10,603,000","13,364,000","9,702,000","10,300,000","9,930,000","15,924,000","7,972,000","8,904,000","5,371,000","10,665,000","6,955,000","2,818,000","-4,700,000","11,300,000","10,100,000","1,300,000","13,900,000","17,700,000","9,300,000","1,400,000","9,400,000","16,700,000","13,300,000","9,200,000","12,500,000","14,600,000","10,400,000","5,700,000","8,300,000","10,700,000","7,800,000","5,600,000","6,500,000","7,500,000","4,600,000","1,500,000","5,300,000","4,400,000","1,200,000","100,000","2,000,000","3,300,000","1,000,000","3,700,000","7,800,000","7,800,000","5,900,000","5,900,000","9,500,000","9,900,000","7,900,000","9,100,000","9,300,000","7,700,000","5,900,000",,,,,,,,,,,,,,,
TotalExpenses,"1,255,914,000","323,419,000","287,123,000","316,507,000","328,865,000","309,964,000","292,449,000","263,833,000","296,268,000","282,626,000","321,461,000","316,322,000","329,482,000","332,324,000","361,033,000","326,310,000","333,473,000","314,536,000","325,583,000","321,971,000","316,133,000","248,201,000","284,458,000","240,813,000","245,407,000","221,631,000","233,261,000","210,466,000","218,331,000","221,738,000","227,051,000","223,785,000","216,449,000","203,066,000","202,312,000","186,723,000","168,929,000","173,196,000","173,597,000","179,005,000","168,387,000","151,816,000","165,950,000","167,697,000","168,234,000","156,766,000","153,526,000","149,041,000","152,014,000","149,169,000","148,778,000","163,759,000","169,576,000","169,161,000","184,261,000","215,578,000","226,173,000","221,834,000","220,825,000","199,198,000","200,408,000","194,919,000","171,094,000","194,762,000","178,172,000","187,094,000","174,483,000","168,026,000","166,062,000","157,946,000","168,223,000","148,682,000","144,026,000","141,603,000","138,242,000","137,161,000","132,640,000","169,496,000","179,657,000","188,563,000","186,918,000","175,007,000","177,883,000","190,363,000","194,309,000","188,671,000","151,159,000","191,920,000","225,699,000","230,298,000","205,270,000","207,500,000","207,200,000","201,000,000","71,300,000","222,100,000","233,200,000","223,800,000","162,600,000","241,500,000","236,400,000","231,500,000","231,100,000","216,300,000","238,600,000","218,200,000","208,700,000","207,200,000","211,500,000","211,200,000","199,700,000","179,800,000","178,500,000","174,300,000","177,900,000","179,200,000","171,200,000","147,600,000","149,000,000","144,700,000","142,500,000","129,900,000","138,700,000","153,600,000","151,000,000","127,900,000","140,600,000","147,800,000","143,600,000","134,300,000","143,600,000","145,400,000","144,500,000","124,200,000",,,,,,,,,,,,,,,
NetIncomeFromContinuingAndDiscontinuedOperation,"15,400,000","22,731,000","-16,273,000","11,057,000","-2,116,000","10,817,000","-42,371,000","37,273,000","17,658,000","2,876,000","11,958,000","15,234,000","19,279,000","15,443,000","-12,084,000","21,891,000","20,513,000","15,373,000","22,329,000","23,646,000","17,409,000","16,104,000","23,119,000","22,552,000","22,397,000","17,722,000","19,936,000","18,521,000","14,760,000","12,126,000","13,888,000","13,736,000","16,791,000","6,102,000","8,038,000","9,668,000","6,121,000","4,159,000","4,396,000","8,052,000","5,057,000","1,606,000","2,963,000","5,536,000","-1,677,000","-2,177,000","-4,410,000","-2,322,000","-122,000","-3,479,000","473,000","10,725,000","13,023,000","7,520,000","10,971,000","17,645,000","12,217,000","10,202,000","14,385,000","10,996,000","11,474,000","11,696,000","9,675,000","9,903,000","7,333,000","4,742,000","5,346,000","8,973,000","5,508,000","3,940,000","3,611,000","5,557,000","4,321,000","3,156,000","-6,499,000","2,450,000","-1,851,000","308,000","8,547,000","7,561,000","8,568,000","5,238,000","4,355,000","5,844,000","10,341,000","5,602,000","5,819,000","2,962,000","4,200,000","2,020,000","-3,525,000","-3,000,000","14,000,000","4,600,000","4,900,000","7,300,000","9,200,000","3,900,000","-57,100,000","-10,400,000","9,700,000","6,800,000","5,600,000","7,600,000","8,000,000","5,000,000","3,500,000","5,200,000","5,600,000","3,500,000","2,400,000","3,800,000","4,300,000","2,600,000","-3,000,000","2,900,000","2,400,000","900,000","200,000","2,000,000","1,900,000","300,000","1,600,000","300,000","3,900,000","2,700,000","3,400,000","4,700,000","5,200,000","3,700,000","4,300,000","3,000,000","3,900,000","2,800,000",,,,,,,,,,,,,,,
NormalizedIncome,"45,083,800","22,731,000","-16,273,000","11,057,000","-2,116,000","10,817,000","-42,371,000","37,273,000","17,658,000","2,876,000","11,958,000","15,234,000","19,279,000","15,443,000","-12,084,000","21,891,000","20,513,000","15,373,000","22,329,000","23,646,000","17,409,000","16,104,000","23,119,000","22,552,000","22,397,000","17,722,000","19,936,000","18,521,000","14,760,000","12,126,000","13,888,000","13,736,000","16,791,000","6,102,000","8,038,000","9,668,000","6,121,000","4,159,000","4,302,000","7,913,796","4,719,335","1,593,828","2,892,150","5,608,757.009","-1,735,492.526","-2,178,889.21","-3,080,300","-2,477,350","-5,062,798.192","-3,504,350","221,900","10,665,287.659","12,638,274.999","7,501,482.551","10,884,500.203","16,566,947.448","12,258,719.824","10,233,591.277","10,793,749.027","12,113,831.369","11,807,640.473","9,711,792.965","9,679,352.514","9,894,165.923","7,313,770.105","4,780,167.638","5,309,599.637","8,989,926.827","5,461,451.725","3,962,658.999","3,587,608.366","5,397,639.802","4,317,129.292","3,124,037.457","-3,810,000","5,456,400","2,506,020.408","308,000","5,002,106.5","6,905,501.734","8,568,000","5,238,000","4,355,000","5,844,000","10,341,000","5,602,000","4,178,000","1,901,262.827","4,609,530.792","2,435,200","-638,800","-4,892,307.692","5,465,384.615","4,750,000","-420,000","7,493,805.31","9,448,648.649","4,082,812.5","-323,055.163","5,380,000","9,831,081.081","6,988,888.889","5,738,271.605","7,600,000","8,000,000","5,062,500","3,431,372.549","4,997,402.597","5,662,921.348","3,440,000","2,280,000","3,664,285.714","4,118,309.859","2,479,069.767","142,857.143","2,710,869.565","2,215,384.615","360,000","-400,000","1,214,285.714","1,710,000","300,000","1,840,000","4,140,000","4,320,000","3,180,000","3,955,102.041","5,420,000","5,500,000","4,240,000","5,260,000","4,920,000","3,900,000","2,800,000",,,,,,,,,,,,,,,
InterestIncome,,,,,,,,,,,,,,,"-1,364,000","809,000","680,000","230,000","148,000","106,000","117,000","167,000","209,000","271,000","252,000","275,000","219,000","258,000","267,000","237,000","248,000","243,000","215,000","249,000","234,000","206,000","213,000","174,000","189,000","253,000","43,000","272,000","297,000","216,000","277,000","277,000","227,000","256,000","110,000","318,000","239,000","171,000","213,000","230,000",,,,,,,,,,,,,,,,,,,,,,,,,,,,,,,,,,,,,,,,,,,,,,,,,,,,,,,,,,,,,,,,,,,,,,,,,,,,,,,,,,,,,,,,,,,,,,,
InterestExpense,"3,735,000","1,206,000","929,000","528,000","1,072,000","1,238,000","168,000","1,502,000","1,324,000","2,463,000","1,521,000","1,764,000","2,203,000","2,611,000","935,000","2,941,000","2,624,000","1,949,000","1,819,000","1,594,000","1,650,000","444,000","476,000","150,000","188,000","157,000","116,000","159,000","150,000","167,000","150,000","357,000","225,000","193,000","286,000","228,000","246,000","499,000","549,000","330,000","251,000","363,000","385,000","434,000","300,000","309,000","279,000","147,000","151,000","140,000","145,000","149,000","140,000","172,000",,,,,,,,,,,,,,,,,,,,,,,,,,,,,,,,,,,,,,,,,,,,,,,,,,,,,,,,,,,,,,,,,,,,,,,,,,,,,,,,,,,,,,,,,,,,,,,
NetInterestIncome,"-3,735,000","-1,206,000","-929,000","-528,000","-1,072,000","-1,238,000","-168,000","-1,502,000","-1,324,000","-2,463,000","-1,521,000","-1,764,000","-2,203,000","-2,611,000","-2,299,000","-2,132,000","-1,944,000","-1,719,000","-1,671,000","-1,488,000","-1,533,000","-277,000","-267,000","121,000","64,000","118,000","103,000","99,000","117,000","70,000","98,000","-114,000","-10,000","56,000","-52,000","-22,000","-33,000","-325,000","-360,000","-77,000","-208,000","-91,000","-88,000","-218,000","-23,000","-32,000","-52,000","109,000","-41,000","178,000","94,000","22,000","73,000","58,000",,,,,,,,,,,,,,,,,,,,,,,,,,,,,,,,,,,,,,,,,,,,,,,,,,,,,,,,,,,,,,,,,,,,,,,,,,,,,,,,,,,,,,,,,,,,,,,
EBIT,"33,815,000","31,906,000","-9,782,000","14,653,000","-2,963,000","15,727,000","-53,098,000","50,222,000","24,475,000","6,469,000","15,638,000","21,594,000","27,576,000","23,041,000","-16,211,000","31,562,000","29,557,000","22,203,000","28,023,000","34,944,000","27,968,000","24,452,000","30,070,000","33,372,000","33,554,000","26,780,000","28,770,000","28,041,000","22,597,000","18,509,000","19,818,000","20,852,000","15,906,000","9,349,000","12,180,000","13,020,000","9,467,000","6,358,000","5,847,000","11,862,000","7,751,000","2,607,000","3,251,000","7,282,000","-2,309,000","-3,148,000","-5,839,000","-1,346,000","-7,148,000","-5,784,000","154,000","16,314,000","18,151,000","11,949,000","20,208,000","24,819,000","18,797,000","16,634,000","22,451,000","11,777,000","17,265,000","14,966,000","14,206,000","15,078,000","10,470,000","7,970,000","6,969,000","9,394,000","7,668,000","6,186,000","6,586,000","8,464,000","6,931,000","4,297,000","-3,786,000","6,401,000","3,204,000","1,822,000","8,025,000","10,603,000","13,364,000","9,702,000","10,300,000","9,930,000","15,924,000","14,935,000","43,133,000","5,371,000","10,665,000","6,955,000","2,818,000","-4,700,000","11,300,000","10,100,000","1,300,000","13,900,000","17,700,000","9,300,000","1,400,000","9,400,000","16,700,000","13,300,000","9,200,000","12,500,000","14,600,000","10,400,000","5,700,000","8,300,000","10,700,000","7,800,000","5,600,000","6,500,000","7,500,000","4,600,000","1,500,000","5,300,000","4,400,000","1,200,000","100,000","2,000,000","3,300,000","1,000,000","3,700,000","7,800,000","7,800,000","5,900,000","5,900,000","9,500,000","9,900,000","7,900,000","9,100,000","9,300,000","7,700,000","5,900,000","-287,300,000","113,900,000","105,500,000","92,000,000","-201,300,000","79,000,000","79,200,000","63,400,000","-197,100,000","72,000,000","73,300,000","69,700,000","-170,900,000","69,400,000","63,000,000"
EBITDA,"81,677,000"
ReconciledCostOfRevenue,"1,052,538,000","271,018,000","234,189,000","269,537,000","277,795,000","258,296,000","238,945,000","243,998,000","243,296,000","228,844,000","259,624,000","263,606,000","270,851,000","274,398,000","301,976,000","273,628,000","277,667,000","255,801,000","267,787,000","264,947,000","257,906,000","202,013,000","231,929,000","201,204,000","205,924,000","183,452,000","193,293,000","175,898,000","184,055,000","184,374,000","185,566,000","187,757,000","182,624,000","169,445,000","167,474,000","156,042,000","139,752,000","142,925,000","143,453,000","148,176,000","139,803,000","123,059,000","135,960,000","140,125,000","139,605,000","129,652,000","124,677,000","124,140,000","126,649,000","124,192,000","121,051,000","135,245,000","138,904,000","139,408,000","153,542,000","185,309,000","196,433,000","189,470,000","188,091,000","170,761,000","170,810,000","166,997,000","146,223,000","169,122,000","153,380,000","161,708,000","147,218,000","143,489,000","141,681,000","134,283,000","143,161,000","127,034,000","122,813,000","120,087,000","115,169,000","115,232,000","111,468,000","138,170,000","144,624,000","153,905,000","148,487,000","138,757,000","142,970,000","154,482,000","158,833,000","151,339,000","144,478,000","147,876,000","180,076,000","179,544,000","155,734,000","163,800,000","164,800,000","155,800,000","46,500,000","179,300,000","189,900,000","180,800,000","115,600,000","202,400,000","198,100,000","193,300,000","204,200,000","183,200,000","205,000,000","186,100,000","184,000,000","182,900,000","186,600,000","182,600,000","176,700,000","156,200,000","152,800,000","149,900,000","156,900,000","156,700,000","150,000,000","125,000,000","126,900,000","123,200,000","121,300,000","107,700,000","110,500,000","132,000,000","129,100,000","106,800,000","118,300,000","129,900,000","123,100,000","114,900,000","123,500,000","127,800,000","126,000,000","106,500,000",,,,,,,,,,,,,,,
ReconciledDepreciation,"47,862,000","10,849,000","11,640,000","12,545,000","12,828,000","12,980,000","13,440,000","12,716,000","12,744,000","12,540,000","12,114,000","11,922,000","11,657,000","11,102,000","11,420,000","11,921,000","12,407,000","14,050,000","15,069,000","14,712,000","13,639,000","11,423,000","11,337,000","8,315,000","8,235,000","7,720,000","7,912,000","7,834,000","7,761,000","7,741,000","7,865,000","7,815,000","6,977,000","6,766,000","6,974,000","6,401,000","6,664,000","6,511,000","6,712,000","6,704,000","6,585,000","6,528,000","6,631,000","6,739,000","6,854,000","7,022,000","7,690,000","6,753,000","6,802,000","6,973,000","7,443,000","7,340,000","7,526,000","7,292,000","8,268,000","7,734,000","6,692,000","6,613,000","5,805,000","5,557,000","5,751,000","5,663,000","3,559,000","4,864,000","4,945,000","5,168,000","6,439,000","4,189,000","4,553,000","4,784,000","4,545,000","4,375,000","4,550,000","4,490,000","4,680,000","4,895,000","4,013,000","6,160,000","6,445,000","5,770,000","5,967,000","6,089,000","6,813,000","6,739,000","6,519,000","6,963,000","7,109,000","8,093,000","9,232,000","9,795,000","7,919,000","8,400,000","8,300,000","8,400,000","5,700,000","6,700,000","6,500,000","7,000,000","5,600,000","6,500,000","6,100,000","5,800,000","3,100,000","5,500,000","5,800,000","6,100,000","3,900,000","4,300,000","3,800,000","4,500,000","3,700,000","3,800,000","3,900,000","3,700,000","4,500,000","3,900,000","3,500,000","3,800,000","3,800,000","3,700,000","3,600,000","4,000,000","5,500,000","3,100,000","3,900,000","3,800,000","3,600,000","2,900,000","3,500,000","3,300,000","3,700,000","2,900,000","2,700,000","2,800,000",,,,,,,,,,,,,,,
NetIncomeFromContinuingOperationNetMinorityInterest,"15,400,000","22,731,000","-16,273,000","11,057,000","-2,116,000","10,817,000","-42,371,000","37,273,000","17,658,000","2,876,000","11,958,000","15,234,000","19,279,000","15,443,000","-12,084,000","21,891,000","20,513,000","15,373,000","22,329,000","23,646,000","17,409,000","16,104,000","23,119,000","22,552,000","22,397,000","17,722,000","19,936,000","18,521,000","14,760,000","12,126,000","13,888,000","13,736,000","16,791,000","6,102,000","8,038,000","9,668,000","6,121,000","4,159,000","4,302,000","8,052,000","4,819,000","1,606,000","3,015,000","5,536,000","-1,677,000","-2,177,000","-3,365,000","-2,322,000","-4,991,000","-3,479,000","283,000","10,725,000","12,689,000","7,520,000","10,948,000","17,677,000","12,291,000","10,279,000","14,093,000","7,566,000","11,787,000","9,725,000","9,674,000","9,903,000","7,333,000","4,742,000","5,346,000","8,973,000","5,508,000","3,940,000","3,611,000","5,557,000","4,321,000","3,089,000","-3,732,000","5,454,000","2,501,000","308,000","4,972,000","7,561,000","8,568,000","5,238,000","4,355,000","5,844,000","10,341,000","5,602,000","4,178,000","2,962,000","4,200,000","2,020,000","-1,129,000","-5,300,000","4,900,000","4,500,000","-600,000","7,300,000","9,200,000","3,900,000","-57,100,000","-10,400,000","9,700,000","6,800,000","5,600,000","7,600,000","8,000,000","5,000,000","3,500,000","5,200,000","5,600,000","3,500,000","2,400,000","3,800,000","4,300,000","2,600,000","-3,000,000","2,900,000","2,400,000","900,000","200,000","2,000,000","1,900,000","300,000","1,600,000","300,000","3,900,000","2,700,000","3,400,000","4,700,000","5,200,000","3,700,000","4,300,000","3,000,000","3,900,000","2,800,000",,,,,,,,,,,,,,,
TotalUnusualItemsExcludingGoodwill,"-49,473,000",,,,,,,,,,,,,,,,,,,,,,,,,,,,,,,,,,,,,,,"198,000","155,000","17,000","189,000","-90,000","91,000","3,000","-438,000","239,000","105,000","39,000","94,000","90,000","72,000","29,000","100,000","1,655,000","50,000","71,000","5,052,000","-4,641,000","-32,000","20,000","-8,000","14,000","30,000","-58,000","45,000","-19,000","73,000","-34,000","35,000","232,000","6,000","-43,000","78,000","-4,000","-6,000",,"-34,000","950,000",,,,,,,,"1,368,000","-665,000","-692,000","-817,000","-600,000","-900,000","-400,000","-300,000","-300,000","-400,000","-300,000","-70,300,000","-26,300,000","-200,000","-300,000","-200,000",,,"-100,000","100,000","300,000","-100,000","100,000","200,000","200,000","300,000","200,000","-4,400,000","300,000","300,000","900,000","600,000","1,100,000","300,000",,"-400,000","-6,400,000","-700,000","-800,000","-800,000","-1,200,000","-500,000","-900,000","-1,600,000","-3,200,000",,,,,,,,,,,,,,,,,
TotalUnusualItems,"-49,473,000",,,,,,,,,,,,,,,,,,,,,,,,,,,,,,,,,,,,,,,"198,000","155,000","17,000","189,000","-90,000","91,000","3,000","-438,000","239,000","105,000","39,000","94,000","90,000","72,000","29,000","100,000","1,655,000","50,000","71,000","5,052,000","-4,641,000","-32,000","20,000","-8,000","14,000","30,000","-58,000","45,000","-19,000","73,000","-34,000","35,000","232,000","6,000","-43,000","78,000","-4,000","-6,000",,"-34,000","950,000",,,,,,,,"1,368,000","-665,000","-692,000","-817,000","-600,000","-900,000","-400,000","-300,000","-300,000","-400,000","-300,000","-70,300,000","-26,300,000","-200,000","-300,000","-200,000",,,"-100,000","100,000","300,000","-100,000","100,000","200,000","200,000","300,000","200,000","-4,400,000","300,000","300,000","900,000","600,000","1,100,000","300,000",,"-400,000","-6,400,000","-700,000","-800,000","-800,000","-1,200,000","-500,000","-900,000","-1,600,000","-3,200,000",,,,,,,,,,,,,,,,,
NormalizedEBITDA,"131,150,000","42,755,000","1,858,000","27,198,000","9,865,000","28,707,000","-39,658,000","62,938,000","37,219,000","19,009,000","27,752,000","33,516,000","39,233,000","34,143,000","-4,791,000","43,483,000","41,964,000","36,253,000","43,092,000","49,656,000","41,607,000","35,875,000","41,407,000","41,687,000","41,789,000","34,500,000","36,682,000","35,875,000","30,358,000","26,250,000","27,683,000","28,667,000","22,883,000","16,115,000","19,154,000","19,421,000","16,131,000","12,869,000","12,559,000","18,368,000","14,181,000","9,118,000","9,693,000","14,111,000","4,454,000","3,871,000","2,289,000","5,168,000","-451,000","1,150,000","7,503,000","23,564,000","25,605,000","19,212,000","28,376,000","30,898,000","25,439,000","23,176,000","23,204,000","21,975,000","23,048,000","20,609,000","17,773,000","19,928,000","15,385,000","13,196,000","13,363,000","13,602,000","12,148,000","11,004,000","11,096,000","12,607,000","11,475,000","8,830,000","816,000","11,300,000","7,223,000","7,982,000","14,504,000","15,423,000","19,331,000","15,791,000","17,113,000","16,669,000","22,443,000","21,898,000","50,242,000","12,096,000","20,562,000","17,442,000","11,554,000","4,300,000","20,500,000","18,900,000","7,300,000","20,900,000","24,600,000","16,600,000","77,300,000","42,200,000","23,000,000","19,400,000","12,500,000","18,000,000","20,400,000","16,600,000","9,500,000","12,300,000","14,600,000","12,200,000","9,100,000","10,100,000","11,100,000","8,100,000","10,400,000","8,900,000","7,600,000","4,100,000","3,300,000","4,600,000","6,600,000","5,000,000","9,600,000","17,300,000","12,400,000","10,500,000","10,300,000","13,700,000","13,900,000","12,100,000","14,400,000","15,500,000","10,400,000","8,700,000","-287,300,000","113,900,000","105,500,000","92,000,000","-201,300,000","79,000,000","79,200,000","63,400,000","-197,100,000","72,000,000","73,300,000","69,700,000","-170,900,000","69,400,000","63,000,000"
TaxRateForCalcs,"0.4","0.26","0.4","0.217","0.27","0.253","0.205","0.235","0.237","0.282","0.153","0.232","0.24","0.244","0.295","0.235","0.238","0.241","0.148","0.291","0.339","0.329","0.219","0.321","0.329","0.334","0.304","0.336","0.342","0.339","0.294","0.33","0.35","0.334","0.324","0.244","0.336","0.29","0.188","0.302","0.357","0.284","0.35","0.192","0.357","0.37","0.35","0.35","0.316","0.35","0.35","0.337","0.295","0.361","0.365","0.329","0.354","0.36","0.347","0.02","0.355","0.34","0.331","0.369","0.359","0.342","0.191","0.109","0.362","0.334","0.332","0.313","0.355","0.185","0","0.4","0.163","0.268","0.115","0.31","0.31","0.31","0.31","0.31","0.31","0.31","0.4","0.225","0.384","0.4","0.4","0.321","0.372","0.375","0.4","0.354","0.378","0.391","0.192","0.4","0.345","0.37","0.309","0.327","0.365","0.375","0.314","0.325","0.371","0.4","0.4","0.321","0.394","0.395","0.286","0.37","0.385","0.4","0","0.286","0.367","0.4","0.4","0.4","0.4","0.4","0.306","0.4","0.4","0.4","0.4","0.4","0.4","0.4",,,,,,,,,,,,,,,
TaxEffectOfUnusualItems,"-19,789,200","0","0","0","0","0","0","0","0","0","0","0","0","0","0","0","0","0","0","0","0","0","0","0","0","0","0","0","0","0","0","0","0","0","0","0","0","0","0","59,796","55,335","4,828","66,150","-17,242.991","32,507.474","1,110.79","-153,300","83,650","33,201.808","13,650","32,900","30,287.659","21,274.999","10,482.551","36,500.203","544,947.448","17,719.824","25,591.277","1,752,749.027","-93,168.631","-11,359.527","6,792.965","-2,647.486","5,165.923","10,770.105","-19,832.362","8,599.637","-2,073.173","26,451.725","-11,341.001","11,608.366","72,639.802","2,129.292","-7,962.543","0","-1,600","-979.592","0","-3,893.5","294,501.734","0","0","0","0","0","0","0","307,262.827","-255,469.208","-276,800","-326,800","-192,307.692","-334,615.385","-150,000","-120,000","-106,194.69","-151,351.351","-117,187.5","-13,523,055.163","-10,520,000","-68,918.919","-111,111.111","-61,728.395","0","0","-37,500","31,372.549","97,402.597","-37,078.652","40,000","80,000","64,285.714","118,309.859","79,069.767","-1,257,142.857","110,869.565","115,384.615","360,000","0","314,285.714","110,000","0","-160,000","-2,560,000","-280,000","-320,000","-244,897.959","-480,000","-200,000","-360,000","-640,000","-1,280,000","0","0",,,,,,,,,,,,,,,