name,ttm,03/31/2022,12/31/2021,09/30/2021,06/30/2021,03/31/2021,12/31/2020,09/30/2020,06/30/2020,03/31/2020,12/31/2019,09/30/2019,06/30/2019,03/31/2019,12/31/2018,09/30/2018,06/30/2018,03/31/2018,12/31/2017,09/30/2017,06/30/2017,03/31/2017,12/31/2016,09/30/2016,06/30/2016,03/31/2016,12/31/2015,09/30/2015,06/30/2015,03/31/2015,12/31/2014,09/30/2014,06/30/2014,03/31/2014,12/31/2013,09/30/2013,06/30/2013,03/31/2013,12/31/2012,09/30/2012,06/30/2012,03/31/2012,12/31/2011,09/30/2011,06/30/2011,03/31/2011,12/31/2010,09/30/2010,06/30/2010,03/31/2010,12/31/2009,09/30/2009,06/30/2009,03/31/2009,12/31/2008,09/30/2008,06/30/2008,03/31/2008,12/31/2007,09/30/2007,06/30/2007,03/31/2007,12/31/2006,09/30/2006,06/30/2006,03/31/2006,12/31/2005,09/30/2005,06/30/2005,03/31/2005,12/31/2004,09/30/2004,06/30/2004,03/31/2004,12/31/2003,09/30/2003,06/30/2003,03/31/2003,12/31/2002,09/30/2002,06/30/2002,03/31/2002,12/31/2001,09/30/2001,06/30/2001,03/31/2001,12/31/2000,09/30/2000,06/30/2000,03/31/2000,12/31/1999,09/30/1999,06/30/1999,03/31/1999,12/31/1998,09/30/1998,06/30/1998,03/31/1998,12/31/1997,09/30/1997,06/30/1997,03/31/1997,12/31/1996,09/30/1996,06/30/1996,03/31/1996,12/31/1995,09/30/1995,06/30/1995,03/31/1995,12/31/1994,09/30/1994,06/30/1994,03/31/1994,12/31/1993,09/30/1993,06/30/1993,03/31/1993,12/31/1992,09/30/1992,06/30/1992,03/31/1992,12/31/1991,09/30/1991,06/30/1991,03/31/1991
TotalRevenue,"4,485,928,000","1,335,074,000","1,185,224,000","1,016,657,000","948,973,000","829,213,000","816,414,000","794,980,000","627,370,000","701,399,000","717,418,000","787,563,000","771,490,000","711,839,000","774,279,000","826,158,000","793,350,000","700,001,000","710,721,000","744,280,000","720,368,000","651,088,000","688,214,000","713,923,000","676,627,000","621,455,000","648,134,000","709,380,000","696,115,000","613,276,000","664,848,000","711,295,000","658,646,000","577,904,000","578,550,000","623,414,000","576,899,000","520,687,000","537,043,000","577,546,000","510,543,000","440,867,000","463,240,000","510,887,000","498,550,000","434,931,000","441,096,000","445,531,000","411,347,000","359,889,000","371,632,000","398,957,000","362,635,000","339,677,000","391,212,000","495,815,000","498,514,000","447,511,000","476,235,000","479,815,000","458,209,000","422,619,000","448,954,000","507,307,000","479,254,000","450,557,000","496,446,000","489,885,000","456,660,000","417,278,000","454,539,000","461,888,000","424,488,000","374,844,000","387,143,000","402,878,000","377,875,000","359,577,000","381,565,000","375,397,000","345,137,000","320,198,000","337,499,000","381,554,000","406,577,000","400,576,000","436,097,000","488,468,000","471,987,000","443,015,000","455,486,000","452,900,000","418,900,000","394,400,000","415,153,000","431,600,000","416,800,000","388,000,000","400,078,000","425,400,000","435,700,000","406,700,000","414,884,000","428,600,000","414,400,000","401,300,000","415,479,000","398,700,000","312,100,000","311,200,000","328,321,000","294,200,000","210,800,000","265,000,000","269,000,000","267,100,000","244,600,000","229,200,000","240,500,000","248,600,000","241,700,000","229,100,000","225,600,000","231,900,000","219,900,000","207,100,000"
	OperatingRevenue,"4,485,928,000","1,335,074,000","1,185,224,000","1,016,657,000","948,973,000","829,213,000","816,414,000","794,980,000","627,370,000","701,399,000","717,418,000","787,563,000","771,490,000","711,839,000","774,279,000","826,158,000","793,350,000","700,001,000","710,721,000","744,280,000","720,368,000","651,088,000","688,214,000","713,923,000","676,627,000","621,455,000","648,134,000","709,380,000","696,115,000","613,276,000","664,848,000","711,295,000","658,646,000","577,904,000","578,550,000","623,414,000","576,899,000","520,687,000","537,043,000","577,546,000","510,543,000","440,867,000","463,240,000","510,887,000","498,550,000","434,931,000","441,096,000","445,531,000","411,347,000","359,889,000","371,632,000","398,957,000","362,635,000","339,677,000","391,212,000","495,815,000","498,514,000","447,511,000","476,235,000","479,815,000","458,209,000","422,619,000","448,954,000","507,307,000","479,254,000","450,557,000","496,446,000","489,885,000","456,660,000","417,278,000","454,539,000","461,888,000","424,488,000","374,844,000","387,143,000","402,878,000","377,875,000","359,577,000","381,565,000","375,397,000","345,137,000","320,198,000","337,499,000","381,554,000","406,577,000","400,576,000","436,097,000","488,468,000","471,987,000","443,015,000","455,500,000","452,900,000","418,900,000","394,400,000","415,200,000","431,600,000","416,800,000","388,000,000","400,100,000","425,400,000","435,700,000","406,700,000","414,700,000","428,600,000","414,400,000","401,300,000","415,500,000","398,700,000","312,100,000","311,200,000","328,400,000","294,200,000","210,800,000","265,000,000","269,000,000","267,100,000","244,600,000","229,200,000","240,500,000","248,600,000","241,700,000","229,100,000","225,600,000","231,900,000","219,900,000","207,100,000"
CostOfRevenue,"3,740,444,000","1,131,598,000","829,060,000","892,285,000","847,208,000","731,944,000","750,391,000","721,826,000","577,058,000","662,760,000","672,604,000","723,396,000","705,303,000","670,566,000","703,342,000","738,604,000","721,524,000","657,645,000","661,041,000","687,379,000","660,084,000","632,756,000","650,721,000","659,298,000","630,600,000","601,928,000","607,820,000","644,328,000","633,872,000","583,016,000",,,,,,,,,,"225,930,000","363,204,000","357,083,000","999,888,000","151,290,000","152,014,000","169,210,000","1,117,251,000","104,135,000","96,033,000","86,640,000","1,060,629,000","84,076,000","317,482,000","304,905,000","1,142,159,000","128,478,000","128,648,000","108,213,000","-67,919,000","184,590,000","164,830,000","158,430,000",,,"107,211,000","176,350,000","211,357,000","201,787,000","170,926,000","164,005,000","178,384,000","192,937,000","161,227,000","148,001,000","202,738,000","101,588,000","144,477,000","134,378,000","-562,801,000","351,450,000","119,319,000","112,035,000","117,849,000","139,400,000","155,825,000","151,919,000","170,667,000","206,330,000","198,789,000","407,432,000","-573,200,000","410,900,000","385,500,000","369,000,000","-555,800,000","403,800,000","390,100,000","369,100,000","-572,372,000","396,000,000","407,900,000","383,800,000","-564,400,000","416,500,000","404,000,000","392,800,000","-453,200,000","397,300,000","295,200,000","288,700,000","301,700,000","266,800,000","204,900,000","244,900,000","248,500,000","240,900,000","227,000,000","212,400,000","224,700,000","223,100,000","217,400,000","202,600,000",,,,
GrossProfit,"745,484,000","203,476,000","356,164,000","124,372,000","101,765,000","97,269,000","66,023,000","73,154,000","50,312,000","38,639,000","44,814,000","64,167,000","66,187,000","41,273,000","70,937,000","87,554,000","71,826,000","42,356,000","49,680,000","56,901,000","60,284,000","18,332,000","37,493,000","54,625,000","46,027,000","19,527,000","40,314,000","65,052,000","62,243,000","30,260,000",,,,,,,,,,"351,616,000","147,339,000","83,784,000","-536,648,000","359,597,000","346,536,000","265,721,000","-676,155,000","341,396,000","315,314,000","273,249,000","619,728,000","314,881,000","45,153,000","34,772,000","-750,947,000","367,337,000","369,866,000","339,298,000","544,154,000","295,225,000","293,379,000","264,189,000",,,"372,043,000","274,207,000","285,089,000","288,098,000","285,734,000","253,273,000","276,155,000","268,951,000","263,261,000","226,843,000","184,405,000","301,290,000","233,398,000","225,199,000","944,366,000","23,947,000","225,818,000","208,163,000","219,650,000","242,154,000","250,752,000","248,657,000","265,430,000","282,138,000","273,198,000","35,583,000","1,028,686,000","42,000,000","33,400,000","25,400,000","970,953,000","27,800,000","26,700,000","18,900,000","972,450,000","29,400,000","27,800,000","22,900,000","979,284,000","12,100,000","10,400,000","8,500,000","868,679,000","1,400,000","16,900,000","22,500,000","26,621,000","27,400,000","5,900,000","20,100,000","20,500,000","26,200,000","17,600,000","16,800,000","15,800,000","25,500,000","24,300,000","26,500,000",,,,
OperatingExpense,"411,360,000","111,243,000","284,828,000","36,811,000","27,466,000","73,773,000","35,771,000","33,372,000","29,887,000","30,820,000","29,529,000","32,959,000","30,987,000","32,682,000","32,886,000","31,449,000","30,408,000","29,255,000","32,768,000","31,815,000","35,187,000","28,954,000","25,969,000","34,255,000","29,373,000","28,792,000","33,001,000","31,614,000","28,777,000","28,980,000","-1,783,843,000","678,354,000","631,694,000","586,606,000","565,048,000","602,912,000","568,482,000","544,037,000","1,107,748,000","339,383,000","140,138,000","106,771,000","-538,283,000","338,479,000","337,538,000","287,713,000","761,247,000","333,432,000","314,266,000","300,449,000","-598,256,000","315,114,000","59,616,000","56,367,000","-746,087,000","330,541,000","333,354,000","316,480,000","515,078,000","489,450,000","460,325,000","446,183,000","1,884,170,000","0","471,978,000","468,153,000","493,413,000","480,455,000","451,861,000","431,338,000","458,733,000","461,320,000","428,885,000","396,079,000","283,383,000","399,793,000","399,076,000","370,870,000","351,645,000","360,392,000","350,317,000","333,108,000","346,039,000","384,495,000","416,859,000","410,423,000","439,931,000","480,965,000","473,528,000","416,734,000","421,579,000","420,000,000","393,600,000","376,700,000","407,243,000","412,100,000","398,200,000","376,700,000","397,170,000","403,600,000","417,200,000","399,000,000","418,612,000","432,200,000","420,400,000","410,200,000","445,338,000","412,700,000","304,900,000","297,900,000","310,906,000","274,800,000","212,300,000","252,400,000","6,700,000","6,800,000","7,200,000","9,000,000","4,500,000","9,500,000","10,300,000","10,500,000",,,,
	SellingGeneralAndAdministration,"488,860,000","132,465,000",,,,"95,847,000",,,,,,"146,578,000","141,977,000","138,125,000",,,,,,,,,,,,,,,,,,,,,,,,,,"314,718,000","120,188,000","88,190,000","-439,345,000","277,177,000","279,775,000","268,973,000","-737,593,000","268,313,000","254,914,000","244,488,000","-719,106,000","257,677,000","9,980,000","7,474,000","-782,079,000","276,790,000","279,207,000","266,565,000","341,554,000","41,757,000","36,134,000","299,451,000",,,"117,986,000","36,641,000","48,759,000","46,295,000","35,371,000","37,434,000","59,535,000","45,642,000","38,488,000","31,713,000","-209,316,000","77,892,000","26,722,000","25,149,000",,,"25,556,000","24,964,000","26,088,000","32,077,000","38,207,000","38,609,000","46,979,000","60,596,000","60,060,000",,,,,,,,,,,,,,,,,,,,,,,,,,,,,"1,400,000",,"1,300,000","1,200,000","1,100,000",,,,
		GeneralAndAdministrativeExpense,"488,860,000","132,465,000",,,,"95,847,000",,,,,,"146,578,000","141,977,000","138,125,000",,,,,,,,,,,,,,,,,,,,,,,,,,"314,718,000","120,188,000","88,190,000","-439,345,000","277,177,000","279,775,000","268,973,000","-737,593,000","268,313,000","254,914,000","244,488,000","-719,106,000","257,677,000","9,980,000","7,474,000","-782,079,000","276,790,000","279,207,000","266,565,000","356,888,000","41,757,000","36,134,000","299,451,000",,,"117,986,000","36,641,000","48,759,000","46,295,000","35,371,000","37,434,000","59,535,000","45,642,000","38,488,000","31,713,000","-209,316,000","77,892,000","26,722,000","25,149,000",,,"25,556,000","24,964,000","26,088,000","32,077,000","38,207,000","38,609,000","46,979,000","60,596,000","60,060,000",,,,,,,,,,,,,,,,,,,,,,,,,,,,,,,,,,,,,
			SalariesAndWages,,,,,,,,,,,,,,,,,,,,,,,,,,,,,,,,,,,,,,,,"283,570,000","269,488,000","265,517,000",,"272,038,000","273,262,000","262,493,000",,"259,613,000","248,985,000","236,440,000",,"248,093,000",,,,"271,138,000","273,792,000","257,723,000","-262,841,000","-277,452,000","-266,784,000","-263,631,000",,,"-267,626,000","-257,751,000","-254,441,000","-256,691,000","-250,435,000","-244,620,000","-247,091,000","-250,820,000","-239,761,000","-229,306,000","-219,950,000","-229,552,000","-224,287,000","-217,943,000",,,"-208,893,000","-199,531,000","-200,552,000","-221,821,000","-235,626,000","-232,603,000","-235,049,000","-237,337,000","-236,902,000",,,,,,,,,,,,,,,,,,,,,,,,,,,,,,,,,,,,,
			InsuranceAndClaims,"39,292,000","10,431,000",,,,"8,939,000",,,,,,"7,646,000","7,598,000","7,991,000",,,,,,,,,,,,,,,,,,,,,,,,,,"4,944,000","5,587,000","4,884,000","6,358,000","5,139,000","6,513,000","6,480,000","3,774,000","4,870,000","5,929,000","4,182,000","4,307,000","6,129,000","6,417,000","3,503,000","5,471,000","5,652,000","5,415,000","4,833,000","-5,818,000","-6,746,000","-5,248,000","-4,418,000",,,"-7,605,000","-6,468,000","-6,896,000","-7,960,000","-6,411,000","-6,457,000","-6,078,000","-6,911,000","-6,061,000","-5,218,000","-6,596,000","-6,158,000","-6,049,000","-5,593,000",,,"-5,212,000","-5,934,000","-4,229,000","-5,534,000","-4,842,000","-5,050,000","-6,374,000","-7,736,000","-6,662,000",,,,,,,,,,,,,,,,,,,,,,,,,,,,,,,,,,,,,
			OtherGandA,"449,568,000","122,034,000",,,,"86,908,000",,,,,,"138,932,000","134,379,000","130,134,000",,,,,,,,,,,,,,,,,,,,,,,,,,"26,204,000","114,601,000","83,306,000",,,,,"3,670,000","3,830,000","3,313,000","3,866,000","3,404,000","3,455,000","3,563,000","3,971,000",,,,"4,009,000","625,547,000","325,955,000","308,166,000","567,500,000",,,"393,217,000","300,860,000","310,096,000","310,946,000","292,217,000","288,511,000","312,704,000","303,373,000","284,310,000","266,237,000","17,230,000","313,602,000","257,058,000","248,685,000",,,"239,661,000","230,429,000","230,869,000","259,432,000","278,675,000","276,262,000","288,402,000","305,669,000","303,624,000",,,,,,,,,,,,,,,,,,,,,,,,,,,,,,,,,,,,,
	DepreciationAmortizationDepletionIncomeStatement,,,,,,,,,,,,,,,,,,,,,,,,,,,,,,,,,,,,,,,,"22,872,000","19,950,000","18,581,000","18,650,000","17,540,000","17,376,000","17,244,000","17,150,000","16,992,000","16,908,000","17,798,000","18,071,000","17,638,000","17,861,000","18,610,000","18,681,000","18,302,000","18,461,000","18,556,000","19,549,000","18,744,000","18,569,000","18,968,000","21,125,000","16,569,000","15,282,000","16,250,000","17,407,000","13,733,000","13,050,000","14,649,000","14,300,000","12,138,000","11,542,000","13,390,000","14,183,000","11,116,000","10,215,000","12,418,000","12,058,000",,"10,307,000","10,439,000","21,727,000","10,696,000","11,147,000","10,977,000","26,590,000","10,544,000","10,017,000","9,302,000","24,861,000","9,100,000","8,100,000","7,700,000","23,609,000","8,300,000","8,100,000","7,600,000","26,084,000","7,600,000","9,300,000","15,200,000","15,238,000","15,700,000","16,400,000","17,400,000","18,506,000","15,400,000","9,700,000","9,200,000","9,215,000","8,000,000","7,400,000","7,500,000","6,700,000","6,800,000","7,200,000","7,600,000","8,100,000","8,200,000","9,100,000","9,400,000",,,,
		DepreciationAndAmortizationInIncomeStatement,,,,,,,,,,,,,,,,,,,,,,,,,,,,,,,,,,,,,,,,"22,872,000","19,950,000","18,581,000","18,650,000","17,540,000","17,376,000","17,244,000","17,150,000","16,992,000","16,908,000","17,798,000","18,071,000","17,638,000","17,861,000","18,610,000","18,681,000","18,302,000","18,461,000","18,556,000","19,549,000","18,744,000","18,569,000","18,968,000","21,125,000","16,569,000","15,282,000","16,250,000","17,407,000","13,733,000","13,050,000","14,649,000","14,300,000","12,138,000","11,542,000","13,390,000","14,183,000","11,116,000","10,215,000","12,418,000",,,"10,307,000","10,439,000","21,727,000","10,696,000","11,147,000","10,977,000","26,590,000","10,544,000","10,017,000","9,302,000","24,861,000","9,100,000","8,100,000","7,700,000","23,609,000","8,300,000","8,100,000","7,600,000","26,084,000","7,600,000","9,300,000","15,200,000","15,238,000","15,700,000","16,400,000","17,400,000","18,506,000","15,400,000","9,700,000","9,200,000","9,215,000","8,000,000","7,400,000","7,500,000","6,700,000","6,800,000","7,200,000","7,600,000","8,100,000","8,200,000","9,100,000","9,400,000",,,,
			DepreciationIncomeStatement,,,,,,,,,,,,,,,,,,,,,,,,,,,,,,,,,,,,,,,,,,"18,581,000",,,,,,,,,,,,,,,,,"19,549,000","18,744,000","18,569,000","18,968,000","21,125,000","16,569,000","15,282,000","16,250,000","17,407,000","13,733,000","13,050,000","14,649,000","14,300,000","12,138,000","11,542,000","13,390,000","14,183,000","11,116,000","10,215,000","12,418,000",,,"10,307,000","10,439,000","21,727,000","10,696,000","11,147,000","10,977,000","26,590,000","10,544,000","10,017,000","9,302,000","24,861,000","9,100,000","8,100,000","7,700,000","23,609,000","8,300,000","8,100,000","7,600,000","26,084,000","7,600,000","9,300,000","15,200,000","15,238,000","15,700,000","16,400,000","17,400,000","18,506,000","15,400,000","9,700,000","9,200,000","9,215,000","8,000,000","7,400,000","7,500,000","6,700,000","6,800,000","7,200,000","7,600,000","8,100,000","8,200,000","9,100,000","9,400,000",,,,
	OtherTaxes,,,,,,,,,,,,,,,,,,,,,,,,,,,,,,,,,,,,,,,,,,,,,,"11,421,000",,,,,,,,,,,,,"-11,634,000","-12,328,000","-11,975,000","-11,745,000",,,"-11,848,000","-11,366,000","-11,824,000","-11,275,000","-10,873,000","-10,562,000","-10,892,000","-10,909,000","-10,459,000","-10,277,000","-10,094,000","-9,840,000","-10,045,000","-9,683,000",,,"-9,990,000","-9,863,000","-9,791,000","-10,555,000","-11,090,000","-11,245,000","-11,015,000","-11,034,000","-11,252,000",,,,,,,,,,,,,,,,,,,,,,,,,,,,,,,,,,,,,
	OtherOperatingExpenses,"-77,500,000","-21,222,000","-167,414,000","36,811,000","27,466,000","-22,074,000","35,771,000","33,372,000","29,887,000","30,820,000","29,529,000","32,959,000","30,987,000","32,682,000","32,886,000","31,449,000","30,408,000","29,255,000","32,768,000","31,815,000","35,187,000","28,954,000","25,969,000","34,255,000","29,373,000","28,792,000","33,001,000","31,614,000","28,777,000","28,980,000",,,,,,,,,,"1,793,000","58,605,000","-3,260,000",,"43,762,000","40,387,000","1,496,000","1,481,690,000","48,127,000","42,444,000","38,163,000","102,779,000","39,799,000","31,775,000","30,283,000","17,311,000","35,449,000","35,686,000","31,359,000","165,609,000","441,277,000","417,597,000","139,509,000","1,459,394,000","-16,569,000","350,558,000","426,628,000","439,071,000","431,702,000","414,313,000","389,817,000","395,790,000","414,449,000","389,314,000","361,253,000","488,610,000","320,625,000","372,184,000","342,986,000","364,200,000","360,392,000","324,444,000","307,568,000","308,015,000","352,277,000","378,595,000","372,082,000","377,377,000","420,859,000","414,703,000","407,432,000","351,318,000","410,900,000","385,500,000","369,000,000","328,434,000","403,800,000","390,100,000","369,100,000","315,286,000","396,000,000","407,900,000","383,800,000","354,774,000","416,500,000","404,000,000","392,800,000","394,032,000","397,300,000","295,200,000","288,700,000","301,691,000","266,800,000","204,900,000","244,900,000",,,,,,,,,,,,
OperatingIncome,"334,124,000","92,233,000","71,336,000","87,561,000","74,299,000","23,496,000","30,252,000","39,782,000","20,425,000","7,819,000","15,285,000","31,208,000","35,200,000","8,591,000","38,051,000","56,105,000","41,418,000","13,101,000","16,912,000","25,086,000","25,097,000","-10,622,000","11,524,000","20,370,000","16,654,000","-9,265,000","7,313,000","33,438,000","33,466,000","1,280,000","18,049,000","32,941,000","26,952,000","-8,702,000","13,502,000","20,502,000","8,417,000","-23,350,000","-11,015,000","12,233,000","7,201,000","-22,987,000","1,635,000","21,118,000","8,998,000","-21,992,000","-1,437,402,000","7,964,000","1,048,000","-27,200,000","-90,741,000","-233,000","-14,463,000","-21,595,000","-4,860,000","36,796,000","36,512,000","22,818,000","29,076,000","-194,225,000","-166,946,000","-181,994,000","-1,637,633,000","507,307,000","-99,935,000","-193,946,000","-208,324,000","-192,357,000","-166,127,000","-178,065,000","-182,578,000","-192,369,000","-165,624,000","-169,236,000","-98,978,000","-98,503,000","-165,678,000","-145,671,000","592,721,000","-336,445,000","-124,499,000","-124,945,000","-126,389,000","-142,341,000","-166,107,000","-161,766,000","-174,501,000","-198,827,000","-200,330,000","-381,151,000","607,107,000","-378,000,000","-360,200,000","-351,300,000","563,710,000","-384,300,000","-371,500,000","-357,800,000","575,280,000","-374,200,000","-389,400,000","-376,100,000","560,672,000","-420,100,000","-410,000,000","-401,700,000","423,341,000","-411,300,000","-288,000,000","-275,400,000","-284,285,000","-247,400,000","-206,400,000","-232,300,000","13,800,000","19,400,000","10,400,000","7,800,000","11,300,000","16,000,000","14,000,000","16,000,000","-615,800,000","231,900,000","219,900,000","207,100,000"
NetNonOperatingInterestIncomeExpense,"-7,426,000","-1,833,000","-1,892,000","-1,749,000","-1,952,000","-2,036,000","-2,018,000","-2,104,000","-2,387,000","-1,572,000","-1,283,000","-1,132,000","-1,195,000","-1,404,000","-1,372,000","-1,350,000","-1,299,000","-1,533,000","-1,544,000","-1,360,000","-1,104,000","-1,041,000","-1,031,000","-906,000","-844,000","-846,000","-815,000","-779,000","-754,000","-768,000","-572,000","-619,000","-531,000","-618,000","-722,000","-826,000","-918,000","-1,036,000","-1,225,000","-1,454,000","-897,000","-198,000","-775,000","-700,000","-659,000","-751,000","-725,000","-540,000","-160,000","-231,000","-894,000","309,000","459,000","589,000","878,000","1,286,000","1,112,000","1,480,000",,,,,,"-292,000",,,,,,,,,,,,,,,,,,,,,,,,,,,,,,,,,,,,,,,,,,,,,,,,,,,,,,,,,,,,,,
	InterestIncomeNonOperating,"989,000","106,000","238,000","323,000","322,000","392,000","494,000","756,000","991,000","1,375,000","1,591,000","1,768,000","1,616,000","1,478,000","1,554,000","1,120,000","714,000","526,000","388,000","346,000","285,000","274,000","345,000","390,000","387,000","401,000","402,000","378,000","271,000","234,000","251,000","215,000","194,000","190,000","182,000","167,000","161,000","171,000","185,000","155,000","215,000","1,142,000","279,000","273,000","273,000","243,000","274,000","313,000","274,000","334,000","454,000","666,000","803,000","930,000","1,178,000","1,492,000","1,448,000","1,819,000",,,,,,,,,,,,,,,,,,,,,,,,,,,,,,,,,,,,,,,,,,,,,,,,,,,,,,,,,,,,,,,,,,,,
	InterestExpenseNonOperating,"8,415,000","1,939,000","2,130,000","2,072,000","2,274,000","2,428,000","2,512,000","2,860,000","3,378,000","2,947,000","2,874,000","2,900,000","2,811,000","2,882,000","2,926,000","2,470,000","2,013,000","2,059,000","1,932,000","1,706,000","1,389,000","1,315,000","1,376,000","1,296,000","1,231,000","1,247,000","1,217,000","1,157,000","1,025,000","1,002,000","823,000","834,000","725,000","808,000","904,000","993,000","1,079,000","1,207,000","1,410,000","1,609,000","1,112,000","1,340,000","1,054,000","973,000","932,000","994,000","999,000","853,000","434,000","565,000","1,348,000","357,000","344,000","341,000","300,000","206,000","336,000","339,000",,,,,,"292,000",,,,,,,,,,,,,,,,,,,,,,,,,,,,,,,,,,,,,,,,,,,,,,,,,,,,,,,,,,,,,,
OtherIncomeExpense,"11,378,000","1,869,000","16,755,000","338,000","1,111,000","9,887,000","1,965,000","1,500,000","2,696,000","-3,862,000","-26,029,000","-6,734,000","-445,000","-591,000","-16,009,000","-764,000","-39,385,000","-2,577,000","652,000","342,000","142,000","-984,000","-9,397,000","1,091,000","571,000","366,000","369,000","-613,000","197,000","400,000","2,163,000","234,000","950,000","365,000","1,115,000","1,328,000","366,000","1,083,000","-76,000","997,000","-220,000","-253,000","1,074,000","-1,345,000","281,000","2,610,000","848,000","1,346,000","-457,000","966,000","-836,000","2,289,000","1,313,000","-1,082,000","-2,196,000","-681,000","18,000","-511,000","1,538,000","2,078,000","2,147,000","315,000","-8,681,000","2,164,000","261,000","-6,741,000","1,527,000","16,734,000","189,000","-101,000","1,091,000","1,293,000","549,000","-747,000","-9,773,000","690,000","22,689,000","-9,148,000","-3,978,000","18,216,000","-207,000","-303,000","4,872,000","3,744,000","345,000","-899,000","11,015,000","-784,000","-357,000","795,000","-1,275,000","-500,000","-1,400,000","-500,000","14,508,000","-800,000","-1,200,000","-900,000","10,828,000","4,500,000","-2,400,000","-2,500,000","-1,741,000","-900,000","-1,000,000","1,100,000","-5,082,000","-600,000","200,000","-900,000","26,071,000","-100,000","200,000","-500,000",,"200,000","400,000","-500,000","-500,000",,"200,000","-1,000,000",,,,
	SpecialIncomeCharges,"9,599,000","2,695,000",,,,"8,695,000",,,,,"-26,514,000","0","0","0","-889,000","-50,000","-38,262,000","-376,000","-232,000","-737,000","-363,000","-1,631,000",,,,,,,,,,,,,,,,,,"997,000","-220,000","-253,000","1,074,000","-1,345,000","281,000","2,610,000","848,000","1,346,000","-457,000","966,000","-836,000","2,289,000","1,313,000","-1,082,000","-2,196,000","-681,000","18,000","-511,000","1,538,000","2,078,000","2,147,000","315,000","-8,681,000","2,164,000","261,000","-6,741,000","1,527,000","16,734,000","189,000","-101,000","1,091,000","1,293,000","549,000","-747,000","-9,773,000","690,000","22,689,000","-9,148,000","-3,978,000","18,216,000","-207,000","-303,000","4,872,000","3,744,000","345,000","-899,000","11,015,000","-784,000","-357,000","795,000","-1,275,000","-500,000","-1,400,000","-500,000","14,508,000","-800,000","-1,200,000","-900,000","10,828,000","4,500,000","-2,400,000","-2,500,000","-1,741,000","-900,000","-1,000,000","1,100,000","-5,082,000","-600,000","200,000","-900,000","26,071,000","-100,000","200,000","-500,000",,"200,000","400,000","-500,000","-500,000",,"200,000","-1,000,000",,,,
		RestructuringAndMergernAcquisition,,,,,,,,,,,"0","0","0","0","889,000","50,000","340,000",,"232,000","737,000","363,000","1,631,000",,,,,,,,,,,,,,,,,,,,,,,,,,,,,,,,,,,,,,,,,,,,,,,,,,,,,,,,,,,,,,,,,,,,,,,,,,,,,,,,,,,,,,,,,,,,,,,,,,,,,,,,
		OtherSpecialCharges,,,,,,,,,,,,,,,"0",,"37,922,000","376,000",,,,,,,,,,,,,,,,,,,,,,,,,,,,,,,,,,,,,,,,,,,,,,,,,,,,,"-1,056,000","-1,045,000","-308,000","691,000","10,627,000","-907,000","-22,683,000",,"3,781,000","-14,495,000","207,000","303,000","-4,582,000","898,000","283,000","899,000",,"1,221,000","609,000","522,000",,,,,,,,,,,,,,,,,,,,,,,,,,,,,,,,,,,,
		GainOnSaleOfBusiness,,,,,,,,,,,,"0",,,,,,,,,,,,,,,,,,,,,,,,,,,,,,,,,,,,,,,,,,,,,,,,,,,,,,,,,,,,,,,,,,,"0","0",,,"0","4,642,000",,,,,,,,,,,,,,,,,,,,,,,,,,,,,,,,,,,,,,,,,,
		GainOnSaleOfPPE,"2,676,000","2,695,000",,,,"8,695,000",,,,,,"82,000","1,587,000","34,000",,,,,,,,,,,,,,,,,,,,,,,,,,,,,,,,,,,,,,,,,,,,,,,,,,,,,,,,,"35,000","248,000","241,000","-56,000","854,000","-217,000","6,000",,"-197,000","3,721,000","0","0","290,000","0","628,000","0",,"437,000","252,000","1,317,000",,,,,,,,,,,,,,,,,,,,,,,,,,,,,,,,,,,,
	OtherNonOperatingIncomeExpenses,"1,779,000","-826,000","1,156,000","338,000","1,111,000","1,192,000","1,965,000","1,500,000","2,696,000","-3,862,000","485,000","-6,734,000","-445,000","-591,000","-15,120,000","-714,000","-1,123,000","-2,201,000","884,000","1,079,000","505,000","647,000","916,000","1,091,000","571,000","366,000","369,000","-613,000","197,000","400,000","2,163,000","234,000","950,000","365,000","1,115,000","1,328,000","366,000","1,083,000","-76,000",,,,,,,,,,,,,,,,,,,,,,,,,,,,,,,,,,,,,,,,,,,,,,,,,,,,,,,,,,,,,,,,,,,,,,,,,,,,,,,,,,,,,,,
PretaxIncome,"338,076,000","92,269,000","86,199,000","86,150,000","73,458,000","31,347,000","30,199,000","39,178,000","20,734,000","2,385,000","-12,027,000","23,342,000","33,560,000","6,596,000","20,670,000","53,991,000","734,000","8,991,000","16,020,000","24,068,000","24,135,000","-12,647,000","1,096,000","20,555,000","16,381,000","-9,745,000","6,867,000","32,046,000","32,909,000","912,000","19,640,000","32,556,000","27,371,000","-8,955,000","13,895,000","21,004,000","7,865,000","-23,303,000","-12,316,000","11,776,000","6,084,000","-22,536,000","1,934,000","19,073,000","8,620,000","-20,133,000","-6,571,000","-970,000","-11,427,000","-34,829,000","-101,085,000","-9,893,000","-25,525,000","-29,094,000","-17,120,000","26,097,000","26,812,000","14,121,000","20,798,000","29,974,000","32,154,000","7,866,000","22,929,000","51,660,000","47,361,000","10,053,000","49,281,000","66,520,000","38,384,000","17,324,000","40,760,000","45,416,000","32,324,000","7,472,000","24,029,000","28,556,000","23,603,000","-1,234,000","23,953,000","31,168,000","11,044,000","2,466,000","12,427,000","22,019,000","16,772,000","15,500,000","36,709,000","39,467,000","30,392,000","22,555,000","28,137,000","27,400,000","19,100,000","12,900,000","18,180,000","13,700,000","12,400,000","6,200,000","8,058,000","20,700,000","9,200,000","-1,000,000","-15,238,000","-12,600,000","-14,200,000","-14,900,000","-40,287,000","-20,700,000","4,300,000","9,700,000","13,739,000","16,700,000","-4,000,000","10,300,000","10,700,000","16,900,000","8,300,000","4,500,000","7,500,000","12,700,000","8,200,000","7,300,000",,,,
TaxProvision,"78,347,000","22,700,000","20,711,000","22,459,000","12,477,000","7,986,000","6,285,000","9,774,000","4,854,000","483,000","-6,478,000","7,072,000","9,184,000","1,708,000","5,371,000","13,215,000","-499,000","-963,000","-20,548,000","9,280,000","8,358,000","-5,240,000","-488,000","7,615,000","6,150,000","-3,642,000","1,879,000","12,892,000","12,942,000","167,000","5,096,000","12,938,000","10,163,000","-3,762,000","3,549,000","7,022,000","2,987,000","-9,908,000","-4,387,000","5,258,000","-5,757,000","-4,374,000","530,000","6,808,000","3,169,000","-7,346,000","-3,455,000","-385,000","-4,079,000","-13,458,000","-12,412,000","-4,565,000","-10,082,000","-10,937,000","-6,146,000","10,655,000","10,657,000","5,577,000","7,309,000","11,058,000","12,532,000","3,067,000","8,762,000","20,114,000","18,399,000","3,931,000","19,092,000","25,953,000","14,977,000","6,860,000","16,359,000","18,047,000","13,026,000","3,011,000","9,351,000","11,580,000","8,413,000","-500,000","9,488,000","12,821,000","4,550,000","1,016,000","2,955,000","8,999,000","6,939,000","6,421,000","14,800,000","16,142,000","12,643,000","9,383,000","11,655,000","11,300,000","8,000,000","5,400,000","8,605,000","5,600,000","5,000,000","2,600,000","3,189,000","11,400,000","4,200,000","-700,000","-5,435,000","-4,100,000","-5,400,000","-5,300,000","-13,795,000","-7,600,000","2,600,000","4,600,000","6,432,000","7,500,000","-600,000","4,700,000","5,000,000","8,100,000","3,900,000","2,300,000","3,800,000","5,700,000","3,900,000","3,500,000",,,,
NetIncomeCommonStockholders,"259,729,000","69,569,000","65,488,000","63,691,000","60,981,000","23,361,000","23,936,000","29,400,000","15,863,000","1,901,000","-5,543,000","16,268,000","24,365,000","4,879,000","15,277,000","40,678,000","1,229,000","9,924,000","36,436,000","14,744,000","15,712,000","-7,424,000","1,578,000","12,851,000","10,150,000","-6,121,000","4,956,000","18,979,000","19,760,000","726,000","13,835,000","18,637,000","16,360,000","-5,232,000","9,869,000","13,397,000","4,663,000","-13,433,000","-8,078,000","6,518,000","11,841,000","-18,162,000","1,404,000","12,265,000","5,298,000","-12,808,000","-3,108,000","-749,000","-7,444,000","-21,391,000","-88,716,000","-5,573,000","-15,443,000","-18,157,000","-10,974,000","15,442,000","16,155,000","8,544,000","13,489,000","18,916,000","19,622,000","4,799,000","14,167,000","31,546,000","32,259,000","6,122,000","30,189,000","40,567,000","23,407,000","10,464,000","24,401,000","27,369,000","19,298,000","4,461,000","14,678,000","16,976,000","15,190,000","-734,000","14,465,000","18,347,000","6,494,000","-22,485,000","9,472,000","12,531,000","8,834,000","8,080,000","20,910,000","22,326,000","16,675,000","12,098,000","15,298,000","15,000,000","10,000,000","5,700,000","8,477,000","7,000,000","6,300,000","2,500,000","549,000","5,800,000","5,000,000","-300,000","-9,803,000","-8,500,000","-8,800,000","-9,600,000","-26,492,000","-13,100,000","1,700,000","5,100,000","7,307,000","9,200,000","-3,400,000","5,600,000","5,300,000","8,800,000","4,200,000","2,000,000","3,600,000","7,000,000","-11,600,000","400,000","-900,000","10,300,000","1,600,000","-3,700,000"
	NetIncome,"259,729,000","69,569,000","65,488,000","63,691,000","60,981,000","23,361,000","23,914,000","29,404,000","15,880,000","1,902,000","-5,549,000","16,270,000","24,376,000","4,888,000","15,299,000","40,776,000","1,233,000","9,954,000","36,568,000","14,788,000","15,777,000","-7,407,000","1,584,000","12,940,000","10,231,000","-6,103,000","4,988,000","19,154,000","19,967,000","745,000","14,544,000","19,618,000","17,208,000","-5,193,000","10,346,000","13,982,000","4,878,000","-13,395,000","-7,929,000","6,518,000","11,841,000","-18,162,000","1,404,000","12,265,000","5,298,000","-12,808,000","-3,108,000","-749,000","-7,444,000","-21,391,000","-88,716,000","-5,573,000","-15,443,000","-18,157,000","-10,974,000","15,442,000","16,155,000","8,544,000","13,489,000","18,916,000","19,622,000","4,799,000","14,167,000","31,546,000","32,259,000","6,122,000","30,189,000","40,567,000","23,407,000","10,464,000","24,401,000","27,369,000","19,298,000","4,461,000","14,678,000","16,976,000","15,190,000","-734,000","14,465,000","18,347,000","6,494,000","-22,485,000","9,472,000","13,020,000","9,833,000","9,079,000","21,909,000","23,325,000","17,749,000","13,172,000","16,396,000","16,100,000","11,100,000","6,800,000","9,575,000","8,100,000","7,400,000","3,600,000","4,847,000","5,800,000","5,000,000","-300,000","-9,803,000","-8,500,000","-8,800,000","-9,600,000","-26,492,000","-13,100,000","1,700,000","5,100,000","7,307,000","9,200,000","-3,400,000","5,600,000","5,300,000","8,800,000","4,200,000","2,000,000","3,600,000","7,000,000","-11,600,000","400,000","-900,000","10,300,000","1,600,000","-3,700,000"
		NetIncomeIncludingNoncontrollingInterests,"259,729,000","69,569,000","65,488,000","63,691,000","60,981,000","23,361,000","23,914,000","29,404,000","15,880,000","1,902,000","-5,549,000","16,270,000","24,376,000","4,888,000","15,299,000","40,776,000","1,233,000","9,954,000","36,568,000","14,788,000","15,777,000","-7,407,000","1,584,000","12,940,000","10,231,000","-6,103,000","4,988,000","19,154,000","19,967,000","745,000","14,544,000","19,618,000","17,208,000","-5,193,000","10,346,000","13,982,000","4,878,000","-13,395,000","-7,929,000","6,518,000","11,841,000","-18,162,000","1,404,000","12,265,000","5,451,000","-12,787,000","-3,116,000","-585,000","-7,348,000","-21,371,000","-88,673,000","-5,328,000","-15,443,000","-18,157,000","-10,974,000","15,442,000","16,155,000","8,544,000","13,489,000","18,916,000","19,622,000","4,799,000","14,167,000","31,546,000","32,259,000","6,122,000","30,189,000","40,567,000","23,407,000","10,464,000","24,401,000","27,369,000","19,298,000","4,461,000","14,678,000","16,976,000","15,190,000","-734,000","14,465,000","18,347,000","6,494,000","-22,485,000","9,472,000","13,020,000","9,833,000","9,079,000","21,909,000","23,325,000","17,749,000","13,172,000","16,396,000","16,100,000","11,100,000","7,000,000","13,332,000","7,800,000","6,900,000","3,900,000","2,688,000","5,600,000","5,000,000","700,000","-12,571,000","-8,600,000","-8,300,000","-9,000,000","-23,695,000","-13,500,000","1,100,000","4,600,000","6,284,000","8,100,000","-4,300,000","5,100,000","4,300,000","7,900,000","3,500,000","1,500,000","2,800,000","6,200,000","-12,300,000","-100,000","-1,600,000","10,300,000","1,600,000","-3,700,000"
			NetIncomeContinuousOperations,"259,729,000","69,569,000","65,488,000","63,691,000","60,981,000","23,361,000","23,914,000","29,404,000","15,880,000","1,902,000","-5,549,000","16,270,000","24,376,000","4,888,000","15,299,000","40,776,000","1,233,000","9,954,000","36,568,000","14,788,000","15,777,000","-7,407,000","1,584,000","12,940,000","10,231,000","-6,103,000","4,988,000","19,154,000","19,967,000","745,000","14,544,000","19,618,000","17,208,000","-5,193,000","10,346,000","13,982,000","4,878,000","-13,395,000","-7,929,000","6,518,000","11,841,000","-18,162,000","1,404,000","12,265,000","5,451,000","-12,787,000","-3,116,000","-585,000","-7,348,000","-21,371,000","-88,673,000","-5,328,000","-15,443,000","-18,157,000","-10,974,000","15,442,000","16,155,000","8,544,000","13,489,000","18,916,000","19,622,000","4,799,000","14,167,000","31,546,000","28,962,000","6,122,000","30,189,000","40,567,000","23,407,000","10,464,000","24,401,000","27,369,000","19,298,000","4,461,000","14,678,000","16,976,000","15,190,000","-734,000","14,465,000","18,347,000","6,494,000","1,450,000","11,959,000","12,531,000","8,834,000","8,080,000","21,909,000","23,325,000","17,749,000","13,172,000","16,482,000","16,100,000","11,100,000","7,500,000","9,575,000","8,100,000","7,400,000","3,600,000","4,869,000","9,300,000","5,000,000","-300,000","-9,803,000","-8,500,000","-8,800,000","-9,600,000","-26,492,000","-13,100,000","1,700,000","5,100,000","7,307,000","9,200,000","-3,400,000","5,600,000","5,700,000","8,800,000","4,400,000","2,200,000","3,700,000","7,000,000","4,300,000","3,800,000","-900,000","10,800,000","1,600,000","-3,700,000"
			NetIncomeDiscontinuousOperations,,,,,,,,,,,,,,,,,,,,,,,,,,,,,,,,,,,,,,,,,,,,,,,,,,,,,,,,,,,"0","0","0","0",,,"3,297,000",,,,,,,,,,,,,,,,,,,,,,"0","0","0","0","-86,000",,,"-700,000",,,,,"-22,000","-3,500,000",,,,,,,,,,,,,,,,,,,,,,,,,,
			NetIncomeExtraordinary,,,,,,,,,,,,,,,,,,,,,,,,,,,,,,,,,,,,,,,,,,,,,,,,,,,,,,,,,,,,,,,,,,,,,,,,,,,"0","0","0","0","0","0","0","-23,935,000",,,,,,,,,,,,,,,,,,,,,,,,,,,,,,,,,,,,,"0",,,"-3,400,000",,,,
			NetIncomeFromTaxLossCarryforward,,,,,,,,,,,,,,,,,,,,,,,,,,,,,,,,,,,,,,,,,,,,,,,,,,,,,,,,,,,,,,,,,,,,,,,,,,,,,,,,,,,,,,,,,,,,,,,,,,,,,,,,,,,,,,,,,,,"-400,000",,"-200,000","-200,000","-100,000",,"-15,900,000",,"0","-500,000",,
		MinorityInterests,,,,,,,,,,,,,,,,,,,,,,,,,,,,,,,,,,,,,,,,"0","0","0","0","0","-153,000","-21,000","8,000","-164,000","-96,000","-20,000","-43,000","-245,000",,,,,,,,,,,,,,,,,,,,,,,,,,,,,,,,,,,,"0","0","0","0",,,"-200,000","-3,757,000","300,000","500,000","-300,000","2,159,000","200,000",,"-1,000,000","2,768,000","100,000","-500,000","-600,000","-2,797,000","400,000","600,000","500,000","1,023,000","1,100,000","900,000","500,000","1,000,000","900,000","700,000","500,000","800,000","800,000","700,000","500,000",,,,
	PreferredStockDividends,,,,,,,,,,,,,,,,,,,,,,,,,,,,,,,,,,,,,,,,,,,,,,,,,,,,,,,,,,,,,,,,,,,,,,,,,,,,,,,,,,,"0","489,000","999,000","999,000","999,000","999,000","1,074,000","1,074,000","1,098,000","1,100,000","1,100,000","1,100,000","1,098,000","1,100,000","1,100,000","1,100,000",,,,,,,,,,,,,,,,,,,,,,,,,,,,
	OtherunderPreferredStockDividend,,,,"0","0",,"-22,000","4,000","17,000","1,000","-6,000","2,000","11,000","9,000","22,000","98,000","4,000","30,000","132,000","44,000","65,000","17,000","6,000","89,000","81,000","18,000","32,000","175,000","207,000","19,000","709,000","981,000","848,000","39,000","477,000","585,000","215,000","38,000","38,000",,,,,,,,,,,,,,,,,,,,,,,,,,,,,,,,,,,,,,,,,,,,,,,,,,,,,,,,,,,,,,,,,,,,,,,,,,,,,,,,,,,,,,,
AverageDilutionEarnings,,,,,,,,,,,,,,,"1,000","4,000","0","1,000","3,000","1,000","1,000","0","0","2,000","1,000","0","-1,000","3,000","4,000","0","0","0","0","0","0","0","0","0",,,,,,,,,,,,,,,,,,,,,,,,,,,,,,,,,,,,,,,,,,,,,,,,,,,,,,,,,,,,,,,,,,,,,,,,,,,,,,,,,,,,,,,,
DilutedNIAvailtoComStockholders,"259,729,000","69,569,000","65,488,000","63,691,000","60,981,000","23,361,000","23,936,000","29,400,000","15,863,000","1,901,000","-5,542,000","16,268,000","24,365,000","4,879,000","15,278,000","40,682,000","1,229,000","9,925,000","36,439,000","14,745,000","15,713,000","-7,424,000","1,578,000","12,853,000","10,151,000","-6,121,000","4,955,000","18,982,000","19,764,000","726,000","13,835,000","18,637,000","16,360,000","-5,232,000","9,869,000","13,397,000","4,663,000","-13,433,000","-8,078,000","6,518,000","11,841,000","-18,162,000","1,404,000","12,265,000","5,298,000","-12,808,000","-3,108,000","-749,000","-7,444,000","-21,391,000","-88,716,000","-5,573,000","-15,443,000","-18,157,000","-10,974,000","15,442,000","16,155,000","8,544,000","13,489,000","18,916,000","19,622,000","4,799,000","14,167,000","31,546,000","32,259,000","6,122,000","30,189,000","40,567,000","23,407,000","10,464,000","24,401,000","27,369,000","19,298,000","4,461,000","14,678,000","16,976,000","15,190,000","-734,000","14,465,000","18,347,000","6,494,000","-22,485,000","9,472,000","12,531,000","8,834,000","8,080,000","20,910,000","22,326,000","16,675,000","12,098,000","15,298,000","15,000,000","10,000,000","5,700,000","8,477,000","7,000,000","6,300,000","2,500,000","549,000","5,800,000","5,000,000","-300,000","-9,803,000","-8,500,000","-8,800,000","-9,600,000","-26,492,000","-13,100,000","1,700,000","5,100,000","7,307,000","9,200,000","-3,400,000","5,600,000","5,300,000","8,800,000","4,200,000","2,000,000","3,600,000","7,000,000","-11,600,000","400,000","-900,000","10,300,000","1,600,000","-3,700,000"
BasicEPS,,"2.82","2.6","2.48","2.38","0.92","0.94","1.15","0.62","0.07","-0.22","0.64","0.95","0.19","0.59","1.58","0.05","0.39","1.42","0.57","0.61","-0.29","0.06","0.5","0.39","-0.24","0.19","0.73","0.76","0.03","0.53","0.72","0.63","-0.2","0.38","0.52","0.18","-0.52","-0.31","0.24","0.44","-0.71",,"0.46","0.2","-0.51",,"-0.03","-0.3","-0.85",,"-0.23","-0.62","-0.73",,"0.62","0.65","0.34",,"0.76","0.79","0.19",,"1.26","1.28","0.24",,"1.61","0.93","0.41",,"1.09","0.77","0.18",,"0.68","0.61","-0.03",,"0.74","0.26","-0.91",,"0.57","0.43","0.4",,"1.12","0.84","0.61",,"0.76","0.51","0.29",,"0.36","0.32","0.13",,"0.24","0.2","-0.07",,"-0.49","-0.51","-0.54",,"-0.73","0.03","0.21",,"0.42","-0.23","0.23",,"0.4","0.17","0.07",,"0.3","-0.62","0.04",,"0.77","0.12","-0.29"
DilutedEPS,,"2.68","2.47","2.38","2.27","0.87","0.89","1.11","0.61","0.07","-0.22","0.62","0.92","0.18","0.57","1.52","0.05","0.37","1.37","0.56","0.6","-0.29","0.06","0.49","0.39","-0.24","0.19","0.72","0.74","0.03","0.53","0.72","0.63","-0.2","0.38","0.52","0.18","-0.52","-0.31","0.24","0.44","-0.71",,"0.46","0.2","-0.51",,"-0.03","-0.3","-0.85",,"-0.23","-0.62","-0.73",,"0.61","0.64","0.34",,"0.75","0.78","0.19",,"1.24","1.26","0.24",,"1.59","0.91","0.41",,"1.07","0.76","0.18",,"0.67","0.6","-0.03",,"0.73","0.26","-0.91",,"0.52","0.4","0.37",,"0.97","0.74","0.55",,"0.67","0.47","0.29",,"0.34","0.31","0.13",,"0.24","0.2","-0.07",,"-0.49","-0.51","-0.54",,"-0.73","0.03","0.21",,"0.4","-0.23","0.23",,"0.38","0.17","0.07",,"0.3","-0.62","0.04",,"0.77","0.12","-0.29"
BasicAverageShares,,"24,710,685","25,211,666","25,632,805","25,586,353","25,454,921","25,427,449","25,470,094","25,463,559","25,390,377","25,490,393","25,527,982","25,554,286","25,570,415","25,707,335","25,697,509","25,670,325","25,642,871","25,637,568","25,671,535","25,767,791","25,684,475","25,669,280","25,724,550","25,791,026","25,822,522","25,936,709","26,009,344","26,021,874","26,051,038","26,073,256","26,054,678","26,005,105","25,876,928","25,785,485","25,736,810","25,694,327","25,638,333","25,629,309","25,613,315","25,544,455","25,455,607",,"25,421,887","25,411,339","25,296,854",,"25,199,123","25,182,579","25,088,473",,"25,047,975","25,043,815","25,038,626",,"25,013,314","24,968,217","24,873,651",,"24,820,079","24,769,569","24,828,355",,"25,036,508","25,224,486","25,240,479",,"25,174,584","25,296,462","25,317,178",,"25,067,784","24,951,173","24,984,285",,"24,787,831","24,796,726","24,892,430",,"24,783,674","24,760,978","24,584,022",,"21,947,611","20,454,699","20,349,674",,"19,882,056","19,785,000","19,763,133",,"19,736,842","19,607,843","19,655,172",,"19,444,444","19,687,500","19,230,769",,"24,166,667","25,000,000","19,504,000",,"17,346,939","17,254,902","17,777,778",,"17,945,205","24,285,714","24,285,714",,"21,904,762","14,782,609","24,347,826",,"22,000,000","24,705,882","19,058,000",,"23,333,333","18,709,677","10,000,000",,"13,376,623","13,333,333","12,758,621"
DilutedAverageShares,,"25,911,200","26,467,420","26,770,146","26,910,796","26,930,402","26,734,287","26,592,457","26,217,957","26,246,800","25,490,393","26,416,595","26,431,592","26,512,349","26,682,262","26,795,659","26,699,549","26,596,376","26,540,716","26,393,359","26,291,641","25,684,475","26,272,487","26,211,524","26,246,868","25,822,522","26,415,839","26,508,482","26,593,451","26,588,518","26,073,256","26,054,678","26,005,105","25,876,928","25,793,366","25,736,810","25,694,327","25,638,333","25,629,309","25,613,315","25,544,455","25,455,607",,"25,421,887","25,411,942","25,296,854",,"25,199,123","25,182,579","25,088,473",,"25,047,975","25,043,815","25,038,626",,"25,382,786","25,325,978","25,093,540",,"25,137,398","25,114,597","25,163,851",,"25,440,323","25,599,728","25,635,491",,"25,531,101","25,613,400","25,806,761",,"25,546,370","25,321,028","25,389,786",,"25,287,271","25,262,013","24,892,430",,"25,296,694","25,311,665","25,334,995",,"25,141,502","24,834,232","24,693,788",,"24,081,674","24,081,375","24,088,802",,"22,388,060","21,276,596","19,655,172",,"20,588,235","20,322,581","19,230,769",,"24,166,667","25,000,000","19,504,000",,"17,346,939","17,254,902","17,777,778",,"17,945,205","24,285,714","24,285,714",,"23,000,000","14,782,609","24,347,826",,"23,157,895","24,705,882","19,058,000",,"23,333,333","18,709,677","10,000,000",,"13,376,623","13,333,333","12,758,621"
TotalOperatingIncomeAsReported,"343,723,000","94,928,000","86,935,000","87,561,000","74,299,000","32,191,000","30,252,000","39,782,000","20,425,000","7,819,000","-11,229,000","31,208,000","35,200,000","8,591,000","37,162,000","56,055,000","3,156,000","12,725,000","16,680,000","24,349,000","24,734,000","-12,253,000","1,211,000","20,370,000","16,654,000","-9,265,000","7,313,000","33,438,000","33,466,000","1,280,000","18,049,000","32,941,000","26,952,000","-8,702,000","13,502,000","20,502,000","8,417,000","-23,350,000","-11,015,000","12,233,000","7,201,000","-22,987,000","1,635,000","21,118,000","8,998,000","-21,992,000","-6,694,000","-1,776,000","-10,810,000","-35,266,000","-100,570,000","-12,237,000","-27,297,000","-28,601,000","-15,802,000","25,492,000","25,682,000","13,152,000","19,564,000","28,186,000","30,315,000","6,778,000","-1,286,844,000","507,307,000","46,455,000","8,356,000","47,936,000","50,083,000","38,741,000","17,425,000","39,790,000","44,225,000","31,990,000","8,290,000","21,141,000","28,645,000","13,540,000","9,854,000","26,199,000","23,947,000","13,257,000","4,818,000","14,766,000","21,207,000","19,897,000","20,064,000","34,385,000","44,395,000","35,091,000","26,281,000",,,,,,,,,,,,,,,,,,,,,,,,,,,,,,,,,,,,
RentExpenseSupplemental,"1,786,459,000","611,365,000","421,820,000","382,759,000","347,760,000","286,583,000","302,455,000","267,438,000","187,914,000","217,028,000","228,758,000","249,110,000","236,053,000","221,025,000","246,668,000","265,042,000","253,540,000","223,756,000","218,453,000","235,346,000","216,237,000","199,871,000","222,338,000","218,906,000","199,352,000","183,088,000","192,099,000","209,744,000","200,619,000","177,966,000",,,,,,,,,,,,,,,,"42,473,000",,,,,,,,,,,,,"-58,407,000","-37,821,000","-32,431,000","-31,402,000",,,"-39,824,000","-34,390,000","-42,946,000","-40,653,000","-33,396,000","-31,485,000","-43,475,000","-43,657,000","-36,387,000","-29,525,000",,"-25,215,000","-22,681,000","-21,147,000",,,"-18,437,000","-17,728,000","-18,664,000","-24,148,000","-30,179,000","-29,911,000","-33,208,000","-36,892,000","-36,632,000",,,,,,,,,,,,,,,,,,,,,,,,,,,,,,,,,,,,,
TotalExpenses,"4,151,804,000","1,242,841,000","1,113,888,000","929,096,000","874,674,000","805,717,000","786,162,000","755,198,000","606,945,000","693,580,000","702,133,000","756,355,000","736,290,000","703,248,000","736,228,000","770,053,000","751,932,000","686,900,000","693,809,000","719,194,000","695,271,000","661,710,000","676,690,000","693,553,000","659,973,000","630,720,000","640,821,000","675,942,000","662,649,000","611,996,000","646,799,000","678,354,000","631,694,000","586,606,000","565,048,000","602,912,000","568,482,000","544,037,000","548,058,000","565,313,000","503,342,000","463,854,000","461,605,000","489,769,000","489,552,000","456,923,000","1,878,498,000","437,567,000","410,299,000","387,089,000","462,373,000","399,190,000","377,098,000","361,272,000","396,072,000","459,019,000","462,002,000","424,693,000","447,159,000","674,040,000","625,155,000","604,613,000","2,086,587,000","0","579,189,000","644,503,000","704,770,000","682,242,000","622,787,000","595,343,000","637,117,000","654,257,000","590,112,000","544,080,000","486,121,000","501,381,000","543,553,000","505,248,000","-211,156,000","711,842,000","469,636,000","445,143,000","463,888,000","523,895,000","572,684,000","562,342,000","610,598,000","687,295,000","672,317,000","824,166,000","-151,621,000","830,900,000","779,100,000","745,700,000","-148,557,000","815,900,000","788,300,000","745,800,000","-175,202,000","799,600,000","825,100,000","782,800,000","-145,788,000","848,700,000","824,400,000","803,000,000","-7,862,000","810,000,000","600,100,000","586,600,000","612,606,000","541,600,000","417,200,000","497,300,000","255,200,000","247,700,000","234,200,000","221,400,000","229,200,000","232,600,000","227,700,000","213,100,000",,,,
NetIncomeFromContinuingAndDiscontinuedOperation,"259,729,000","69,569,000","65,488,000","63,691,000","60,981,000","23,361,000","23,914,000","29,404,000","15,880,000","1,902,000","-5,549,000","16,270,000","24,376,000","4,888,000","15,299,000","40,776,000","1,233,000","9,954,000","36,568,000","14,788,000","15,777,000","-7,407,000","1,584,000","12,940,000","10,231,000","-6,103,000","4,988,000","19,154,000","19,967,000","745,000","14,544,000","19,618,000","17,208,000","-5,193,000","10,346,000","13,982,000","4,878,000","-13,395,000","-7,929,000","6,518,000","11,841,000","-18,162,000","1,404,000","12,265,000","5,298,000","-12,808,000","-3,108,000","-749,000","-7,444,000","-21,391,000","-88,716,000","-5,573,000","-15,443,000","-18,157,000","-10,974,000","15,442,000","16,155,000","8,544,000","13,489,000","18,916,000","19,622,000","4,799,000","14,167,000","31,546,000","32,259,000","6,122,000","30,189,000","40,567,000","23,407,000","10,464,000","24,401,000","27,369,000","19,298,000","4,461,000","14,678,000","16,976,000","15,190,000","-734,000","14,465,000","18,347,000","6,494,000","1,450,000","9,472,000","13,020,000","9,833,000","9,079,000","21,909,000","23,325,000","17,749,000","13,172,000","16,396,000","16,100,000","11,100,000","6,800,000","9,575,000","8,100,000","7,400,000","3,600,000","4,847,000","5,800,000","5,000,000","-300,000","-9,803,000","-8,500,000","-8,800,000","-9,600,000","-26,492,000","-13,100,000","1,700,000","5,100,000","7,307,000","9,200,000","-3,400,000","5,600,000","5,700,000","8,800,000","4,400,000","2,200,000","3,700,000","7,000,000","4,300,000","3,800,000","-900,000","10,800,000","1,600,000","-3,700,000"
NormalizedIncome,"252,354,508.256","67,536,970","65,488,000","63,691,000","60,981,000","16,883,225","23,914,000","29,404,000","15,880,000","1,902,000","13,806,220","16,270,000","24,376,000","4,888,000","15,956,997.629","40,813,750","29,164,260","10,228,480","36,707,200","15,240,518","16,014,402","-6,428,400","1,584,000","12,940,000","10,231,000","-6,103,000","4,988,000","19,154,000","19,967,000","745,000","14,544,000","19,618,000","17,208,000","-5,193,000","10,346,000","13,982,000","4,878,000","-13,395,000","-7,929,000","5,869,950","11,984,000","-17,958,104.633","624,322.647","13,129,909.82","5,120,304.988","-14,465,679.928","-3,659,200","-1,560,762.887","-7,150,131.443","-21,983,735.536","-87,982,650.561","-7,060,850","-16,237,384.29","-17,481,744.827","-9,566,353.738","15,884,650","16,144,154.483","8,853,183.769","12,491,496.298","17,604,615.2","18,311,791.814","4,606,820.366","15,937,676","30,224,560.898","28,802,394.375","10,227,083.259","29,253,576.551","30,361,825.947","23,291,745.649","10,525,005.772","23,746,400","26,589,800.665","18,968,600","4,909,200","20,647,790.42","16,562,000","588,215.905","4,754,800","16,867,278.211","7,417,400","6,618,200","1,631,800","5,758,506.478","10,773,600","9,626,000","9,618,400","15,300,000","23,795,400","17,963,200","12,695,000","17,247,000","16,400,000","11,940,000","7,800,000","870,200","8,580,000","8,120,000","4,140,000","-1,673,756.515","6,600,000","6,440,000","1,200,000","-8,682,969.615","-7,892,857.143","-8,180,281.69","-10,308,724.832","-23,150,169.037","-12,720,289.855","1,580,000","5,640,000","-8,335,600","9,260,000","-3,570,000","5,900,000","5,700,000","8,680,000","4,160,000","2,500,000","4,000,000","7,000,000","4,180,000","4,400,000","-900,000","10,800,000","1,600,000","-3,700,000"
InterestIncome,"989,000","106,000","238,000","323,000","322,000","392,000","494,000","756,000","991,000","1,375,000","1,591,000","1,768,000","1,616,000","1,478,000","1,554,000","1,120,000","714,000","526,000","388,000","346,000","285,000","274,000","345,000","390,000","387,000","401,000","402,000","378,000","271,000","234,000","251,000","215,000","194,000","190,000","182,000","167,000","161,000","171,000","185,000","155,000","215,000","1,142,000","279,000","273,000","273,000","243,000","274,000","313,000","274,000","334,000","454,000","666,000","803,000","930,000","1,178,000","1,492,000","1,448,000","1,819,000",,,,,,,,,,,,,,,,,,,,,,,,,,,,,,,,,,,,,,,,,,,,,,,,,,,,,,,,,,,,,,,,,,,,
InterestExpense,"8,415,000","1,939,000","2,130,000","2,072,000","2,274,000","2,428,000","2,512,000","2,860,000","3,378,000","2,947,000","2,874,000","2,900,000","2,811,000","2,882,000","2,926,000","2,470,000","2,013,000","2,059,000","1,932,000","1,706,000","1,389,000","1,315,000","1,376,000","1,296,000","1,231,000","1,247,000","1,217,000","1,157,000","1,025,000","1,002,000","823,000","834,000","725,000","808,000","904,000","993,000","1,079,000","1,207,000","1,410,000","1,609,000","1,112,000","1,340,000","1,054,000","973,000","932,000","994,000","999,000","853,000","434,000","565,000","1,348,000","357,000","344,000","341,000","300,000","206,000","336,000","339,000",,,,,,"292,000",,,,,,,,,,,,,,,,,,,,,,,,,,,,,,,,,,,,,,,,,,,,,,,,,,,,,,,,,,,,,,
NetInterestIncome,"-7,426,000","-1,833,000","-1,892,000","-1,749,000","-1,952,000","-2,036,000","-2,018,000","-2,104,000","-2,387,000","-1,572,000","-1,283,000","-1,132,000","-1,195,000","-1,404,000","-1,372,000","-1,350,000","-1,299,000","-1,533,000","-1,544,000","-1,360,000","-1,104,000","-1,041,000","-1,031,000","-906,000","-844,000","-846,000","-815,000","-779,000","-754,000","-768,000","-572,000","-619,000","-531,000","-618,000","-722,000","-826,000","-918,000","-1,036,000","-1,225,000","-1,454,000","-897,000","-198,000","-775,000","-700,000","-659,000","-751,000","-725,000","-540,000","-160,000","-231,000","-894,000","309,000","459,000","589,000","878,000","1,286,000","1,112,000","1,480,000",,,,,,"-292,000",,,,,,,,,,,,,,,,,,,,,,,,,,,,,,,,,,,,,,,,,,,,,,,,,,,,,,,,,,,,,,
EBIT,"346,491,000","94,208,000","88,329,000","88,222,000","75,732,000","33,775,000","32,711,000","42,038,000","24,112,000","5,332,000","-9,153,000","26,242,000","36,371,000","9,478,000","23,596,000","56,461,000","2,747,000","11,050,000","17,952,000","25,774,000","25,524,000","-11,332,000","2,472,000","21,851,000","17,612,000","-8,498,000","8,084,000","33,203,000","33,934,000","1,914,000","20,463,000","33,390,000","28,096,000","-8,147,000","14,799,000","21,997,000","8,944,000","-22,096,000","-10,906,000","13,385,000","7,196,000","-21,196,000","2,988,000","20,046,000","9,552,000","-19,139,000","-5,572,000","-117,000","-10,993,000","-34,264,000","-99,737,000","-9,536,000","-25,181,000","-28,753,000","-16,820,000","26,303,000","27,148,000","14,460,000","29,076,000","-194,225,000","-166,946,000","-181,994,000","-335,533,000","51,952,000","-99,935,000","-193,946,000","-208,324,000","-192,357,000","-166,127,000","-178,065,000","-182,578,000","-192,369,000","-165,624,000","-169,236,000","-98,978,000","-98,503,000","-165,678,000","-145,671,000","592,721,000","-336,445,000","-124,499,000","-124,945,000","-126,389,000","-142,341,000","-166,107,000","-161,766,000","-174,501,000","-198,827,000","-200,330,000","-381,151,000","607,107,000","-378,000,000","-360,200,000","-351,300,000","563,710,000","-384,300,000","-371,500,000","-357,800,000","575,280,000","-374,200,000","-389,400,000","-376,100,000","560,672,000","-420,100,000","-410,000,000","-401,700,000","423,341,000","-411,300,000","-288,000,000","-275,400,000","-284,285,000","-247,400,000","-206,400,000","-232,300,000","13,800,000","19,400,000","10,400,000","7,800,000","11,300,000","16,000,000","14,000,000","16,000,000","-615,800,000","231,900,000","219,900,000","207,100,000"
EBITDA,"475,181,000"
ReconciledCostOfRevenue,"3,740,444,000","1,131,598,000","829,060,000","892,285,000","847,208,000","731,944,000","750,391,000","721,826,000","577,058,000","662,760,000","672,604,000","723,396,000","705,303,000","670,566,000","703,342,000","738,604,000","721,524,000","657,645,000","661,041,000","687,379,000","660,084,000","632,756,000","650,721,000","659,298,000","630,600,000","601,928,000","607,820,000","644,328,000","633,872,000","583,016,000",,,,,,,,,,"224,982,000","362,361,000","356,287,000","998,941,000","150,546,000","151,287,000","168,463,000","1,116,540,000","103,385,000","95,258,000","85,892,000","1,058,764,000","83,209,000","316,686,000","304,109,000","1,141,364,000","127,700,000","127,864,000","107,405,000","-67,919,000","183,838,000","164,094,000","158,430,000",,,"105,832,000","176,350,000","211,357,000","200,288,000","169,168,000","164,005,000","178,384,000","191,097,000","159,385,000","148,001,000","202,738,000","99,588,000","142,484,000","134,378,000","-562,801,000","351,450,000","139,933,000","132,913,000","52,207,000","160,792,000","178,120,000","173,873,000","110,939,000","227,418,000","218,824,000","426,036,000","-573,200,000","429,100,000","401,700,000","384,400,000","-555,800,000","420,400,000","406,300,000","384,300,000","-572,372,000","411,200,000","421,400,000","414,200,000","-564,400,000","447,900,000","436,800,000","427,600,000","-453,200,000","428,100,000","314,600,000","307,100,000","255,900,000","282,800,000","219,700,000","259,900,000","261,900,000","254,500,000","241,400,000","227,600,000","240,900,000","239,500,000","235,300,000","221,400,000",,,,
ReconciledDepreciation,"128,690,000","34,823,000","33,226,000","30,359,000","30,282,000","30,354,000","30,260,000","30,032,000","29,086,000","29,013,000","29,134,000","29,361,000","27,434,000","26,537,000","26,936,000","28,026,000","27,187,000","26,486,000","26,247,000","26,218,000","25,209,000","25,394,000","26,361,000","25,793,000","25,748,000","25,151,000","24,821,000","23,373,000","22,616,000","22,232,000","22,367,000","22,178,000","21,224,000","20,453,000","20,820,000","21,568,000","22,808,000","23,193,000","23,764,000","23,820,000","20,793,000","19,377,000","19,597,000","18,284,000","18,103,000","17,991,000","17,861,000","17,742,000","17,683,000","18,546,000","19,936,000","18,505,000","18,657,000","19,406,000","19,476,000","19,080,000","19,245,000","19,364,000","19,549,000","19,496,000","19,305,000","18,968,000","17,780,000","17,036,000","16,661,000","16,250,000","17,407,000","15,232,000","14,808,000","14,649,000","14,300,000","13,978,000","13,384,000","13,390,000","14,183,000","13,116,000","12,208,000","12,418,000","12,058,000","57,907,000","-10,307,000","-10,439,000","87,369,000","-10,696,000","-11,148,000","-10,977,000","86,318,000","-10,544,000","-10,018,000","-9,302,000","74,661,000","-9,100,000","-8,100,000","-7,700,000","71,609,000","-8,300,000","-8,100,000","-7,600,000","80,084,000","-7,600,000","-4,200,000","-15,200,000","114,238,000","-15,700,000","-16,400,000","-17,400,000","87,106,000","-15,400,000","-9,700,000","-9,200,000","55,015,000","-8,000,000","-7,400,000","-7,500,000","-6,700,000","-6,800,000","-7,200,000","-7,600,000","-8,100,000","-8,200,000","-8,800,000","-9,400,000",,,,
NetIncomeFromContinuingOperationNetMinorityInterest,"259,729,000","69,569,000","65,488,000","63,691,000","60,981,000","23,361,000","23,914,000","29,404,000","15,880,000","1,902,000","-5,549,000","16,270,000","24,376,000","4,888,000","15,299,000","40,776,000","1,233,000","9,954,000","36,568,000","14,788,000","15,777,000","-7,407,000","1,584,000","12,940,000","10,231,000","-6,103,000","4,988,000","19,154,000","19,967,000","745,000","14,544,000","19,618,000","17,208,000","-5,193,000","10,346,000","13,982,000","4,878,000","-13,395,000","-7,929,000","6,518,000","11,841,000","-18,162,000","1,404,000","12,265,000","5,298,000","-12,808,000","-3,108,000","-749,000","-7,444,000","-21,391,000","-88,716,000","-5,573,000","-15,443,000","-18,157,000","-10,974,000","15,442,000","16,155,000","8,544,000","13,489,000","18,916,000","19,622,000","4,799,000","10,574,000","31,546,000","28,962,000","6,122,000","30,189,000","40,567,000","23,407,000","10,464,000","24,401,000","27,369,000","19,298,000","4,461,000","14,678,000","16,976,000","15,190,000","-734,000","14,465,000","18,347,000","6,494,000","1,450,000","9,472,000","13,020,000","9,833,000","9,079,000","21,909,000","23,325,000","17,749,000","13,172,000","16,482,000","16,100,000","11,100,000","7,500,000","9,575,000","8,100,000","7,400,000","3,600,000","4,869,000","9,300,000","5,000,000","-300,000","-9,803,000","-8,500,000","-8,800,000","-9,600,000","-26,492,000","-13,100,000","1,700,000","5,100,000","7,307,000","9,200,000","-3,400,000","5,600,000","5,700,000","8,800,000","4,400,000","2,200,000","3,700,000","7,000,000","4,300,000","3,800,000","-900,000","10,800,000","1,600,000","-3,700,000"
TotalUnusualItemsExcludingGoodwill,"9,599,000","2,695,000",,,,"8,695,000",,,,,"-26,514,000","0","0","0","-889,000","-50,000","-38,262,000","-376,000","-232,000","-737,000","-363,000","-1,631,000",,,,,,,,,,,,,,,,,,"997,000","-220,000","-253,000","1,074,000","-1,345,000","281,000","2,610,000","848,000","1,346,000","-457,000","966,000","-836,000","2,289,000","1,313,000","-1,082,000","-2,196,000","-681,000","18,000","-511,000","1,538,000","2,078,000","2,147,000","315,000","-8,681,000","2,164,000","261,000","-6,741,000","1,527,000","16,734,000","189,000","-101,000","1,091,000","1,293,000","549,000","-747,000","-9,773,000","690,000","22,689,000","-9,148,000","-3,978,000","18,216,000","-207,000","-303,000","4,872,000","3,744,000","345,000","-899,000","11,015,000","-784,000","-357,000","795,000","-1,275,000","-500,000","-1,400,000","-500,000","14,508,000","-800,000","-1,200,000","-900,000","10,828,000","4,500,000","-2,400,000","-2,500,000","-1,741,000","-900,000","-1,000,000","1,100,000","-5,082,000","-600,000","200,000","-900,000","26,071,000","-100,000","200,000","-500,000",,"200,000","400,000","-500,000","-500,000",,"200,000","-1,000,000",,,,
TotalUnusualItems,"9,599,000","2,695,000",,,,"8,695,000",,,,,"-26,514,000","0","0","0","-889,000","-50,000","-38,262,000","-376,000","-232,000","-737,000","-363,000","-1,631,000",,,,,,,,,,,,,,,,,,"997,000","-220,000","-253,000","1,074,000","-1,345,000","281,000","2,610,000","848,000","1,346,000","-457,000","966,000","-836,000","2,289,000","1,313,000","-1,082,000","-2,196,000","-681,000","18,000","-511,000","1,538,000","2,078,000","2,147,000","315,000","-8,681,000","2,164,000","261,000","-6,741,000","1,527,000","16,734,000","189,000","-101,000","1,091,000","1,293,000","549,000","-747,000","-9,773,000","690,000","22,689,000","-9,148,000","-3,978,000","18,216,000","-207,000","-303,000","4,872,000","3,744,000","345,000","-899,000","11,015,000","-784,000","-357,000","795,000","-1,275,000","-500,000","-1,400,000","-500,000","14,508,000","-800,000","-1,200,000","-900,000","10,828,000","4,500,000","-2,400,000","-2,500,000","-1,741,000","-900,000","-1,000,000","1,100,000","-5,082,000","-600,000","200,000","-900,000","26,071,000","-100,000","200,000","-500,000",,"200,000","400,000","-500,000","-500,000",,"200,000","-1,000,000",,,,
NormalizedEBITDA,"465,582,000","126,336,000","121,555,000","118,581,000","106,014,000","55,434,000","62,971,000","72,070,000","53,198,000","34,345,000","46,495,000","55,603,000","63,805,000","36,015,000","51,421,000","84,537,000","68,196,000","37,912,000","44,431,000","52,729,000","51,096,000","15,693,000","28,833,000","47,644,000","43,360,000","16,653,000","32,905,000","56,576,000","56,550,000","24,146,000","42,830,000","55,568,000","49,320,000","12,306,000","35,619,000","43,565,000","31,752,000","1,097,000","12,858,000","36,208,000","28,209,000","-1,566,000","21,511,000","39,675,000","27,374,000","-3,758,000","11,441,000","16,279,000","7,147,000","-16,684,000","-78,965,000","6,680,000","-7,837,000","-8,265,000","4,852,000","46,064,000","46,375,000","34,335,000","47,087,000","-176,807,000","-149,788,000","-163,341,000","-305,727,000","66,824,000","-83,535,000","-170,955,000","-192,444,000","-193,859,000","-151,508,000","-163,315,000","-169,369,000","-179,684,000","-152,789,000","-155,099,000","-75,022,000","-86,077,000","-176,159,000","-124,105,000","608,757,000","-296,754,000","-113,985,000","-114,203,000","-43,892,000","-135,389,000","-155,305,000","-149,890,000","-99,198,000","-187,499,000","-189,956,000","-372,644,000","683,043,000","-368,400,000","-350,700,000","-343,100,000","620,811,000","-375,200,000","-362,200,000","-349,300,000","644,536,000","-371,100,000","-377,700,000","-358,400,000","676,651,000","-403,500,000","-392,600,000","-385,400,000","515,529,000","-395,300,000","-278,500,000","-265,300,000","-255,341,000","-239,300,000","-199,200,000","-224,300,000","20,500,000","26,000,000","17,200,000","15,900,000","19,900,000","24,200,000","22,900,000","26,400,000","-615,800,000","231,900,000","219,900,000","207,100,000"
TaxRateForCalcs,"0.232","0.246","0.24","0.261","0.17","0.255","0.208","0.249","0.234","0.203","0.27","0.303","0.274","0.259","0.26","0.245","0.27","0.27","0.4","0.386","0.346","0.4","0.4","0.37","0.375","0.374","0.274","0.4","0.393","0.183","0.259","0.397","0.371","0.35","0.255","0.334","0.38","0.35","0.356","0.35","0.35","0.194","0.274","0.357","0.368","0.365","0.35","0.397","0.357","0.386","0.123","0.35","0.395","0.376","0.359","0.35","0.397","0.395","0.351","0.369","0.39","0.39","0.382","0.389","0.388","0.391","0.387","0.39","0.39","0.396","0.4","0.397","0.4","0.4","0.389","0.4","0.356","0.4","0.396","0.4","0.4","0.4","0.238","0.4","0.4","0.4","0.4","0.4","0.4","0.4","0.4","0.4","0.4","0.4","0.4","0.4","0.4","0.4","0.396","0.4","0.4","0.4","0.357","0.325","0.38","0.356","0.342","0.367","0.4","0.4","0.4","0.4","0.15","0.4","0.4","0.4","0.4","0.4","0.4","0.4","0.4","0.4","0.4","0.4","0.4","0.4"
TaxEffectOfUnusualItems,"2,224,508.256","662,970","0","0","0","2,217,225","0","0","0","0","-7,158,780","0","0","0","-231,002.371","-12,250","-10,330,740","-101,520","-92,800","-284,482","-125,598","-652,400","0","0","0","0","0","0","0","0","0","0","0","0","0","0","0","0","0","348,950","-77,000","-49,104.633","294,322.647","-480,090.18","103,304.988","952,320.072","296,800","534,237.113","-163,131.443","373,264.464","-102,650.561","801,150","518,615.71","-406,744.827","-788,353.738","-238,350","7,154.483","-201,816.231","540,496.298","766,615.2","836,791.814","122,820.366","-3,317,324","842,560.898","101,394.375","-2,635,916.741","591,576.551","6,528,825.947","73,745.649","-39,994.228","436,400","513,800.665","219,600","-298,800","-3,803,209.58","276,000","8,087,215.905","-3,659,200","-1,575,721.789","7,286,400","-82,800","-121,200","1,158,506.478","1,497,600","138,000","-359,600","4,406,000","-313,600","-142,800","318,000","-510,000","-200,000","-560,000","-200,000","5,803,200","-320,000","-480,000","-360,000","4,285,243.485","1,800,000","-960,000","-1,000,000","-620,969.615","-292,857.143","-380,281.69","391,275.168","-1,740,169.037","-220,289.855","80,000","-360,000","10,428,400","-40,000","30,000","-200,000","0","80,000","160,000","-200,000","-200,000","0","80,000","-400,000","0","0","0","0"