name,ttm,03/31/2022,12/31/2021,09/30/2021,06/30/2021,03/31/2021,12/31/2020,09/30/2020,06/30/2020,03/31/2020,12/31/2019,09/30/2019,06/30/2019,03/31/2019,12/31/2018,09/30/2018,06/30/2018,03/31/2018,12/31/2017,09/30/2017,06/30/2017,03/31/2017,12/31/2016,09/30/2016,06/30/2016,03/31/2016,12/31/2015,09/30/2015,06/30/2015,03/31/2015,12/31/2014,09/30/2014,06/30/2014,03/31/2014,12/31/2013,09/30/2013,06/30/2013,03/31/2013,12/31/2012,09/30/2012,06/30/2012,03/31/2012,12/31/2011,09/30/2011,06/30/2011,03/31/2011,12/31/2010,09/30/2010,06/30/2010,03/31/2010,12/31/2009,09/30/2009,06/30/2009,03/31/2009,12/31/2008,09/30/2008,06/30/2008,03/31/2008,12/31/2007,09/30/2007,06/30/2007,03/31/2007,12/31/2006,09/30/2006,06/30/2006,03/31/2006,12/31/2005,09/30/2005,06/30/2005,03/31/2005,12/31/2004,09/30/2004,06/30/2004,03/31/2004,12/31/2003,09/30/2003,06/30/2003,03/31/2003,12/31/2002,09/30/2002,06/30/2002,03/31/2002,12/31/2001,09/30/2001,06/30/2001,03/31/2001,12/31/2000,09/30/2000,06/30/2000,03/31/2000,12/31/1999,09/30/1999,06/30/1999,03/31/1999,12/31/1998,09/30/1998,06/30/1998,03/31/1998,12/31/1997,09/30/1997,06/30/1997,03/31/1997,12/31/1996,09/30/1996,06/30/1996,03/31/1996,12/31/1995,09/30/1995,06/30/1995,03/31/1995,12/31/1994,09/30/1994,06/30/1994,03/31/1994,12/31/1993,09/30/1993,06/30/1993,03/31/1993,12/31/1992,09/30/1992,06/30/1992,03/31/1992,12/31/1991,09/30/1991,06/30/1991,03/31/1991,12/31/1990,09/30/1990,06/30/1990,03/31/1990,12/31/1989,09/30/1989,06/30/1989,03/31/1989,12/31/1988,09/30/1988,06/30/1988,03/31/1988,12/31/1987,09/30/1987,06/30/1987,03/31/1987
TotalRevenue,"2,718,435,000","867,936,000","805,697,000","594,412,000","450,389,000","357,543,000","360,578,000","382,261,000","319,521,000","405,232,000","549,480,000","619,467,000","570,222,000","555,183,000","650,963,000","633,180,000","592,349,000","575,295,000","560,244,000","613,538,000","549,866,000","600,975,000","575,688,000","550,305,000","420,298,000","428,106,000","563,249,000","688,544,000","644,462,000","677,005,000","745,192,000","742,180,000","713,776,000","735,971,000","719,386,000","791,269,000","766,332,000","825,502,000","968,231,000","1,087,618,000","1,063,538,000","1,039,651,000","1,228,756,000","1,198,673,000","985,087,000","872,938,000","835,394,000","874,705,000","764,295,000","711,874,000","725,472,000","614,957,000","554,612,000","681,040,000","729,881,000","769,458,000","785,117,000","699,350,000","644,399,000","599,151,000","598,745,000","571,349,000","618,357,000","610,045,000","637,476,000","634,553,000","619,795,000","654,716,000","633,797,000","600,464,000","553,125,000","527,776,000","422,778,000","403,490,000","341,502,000","364,619,000","403,078,000","338,479,000","392,734,000","399,533,000","374,674,000","367,199,000","373,539,000","349,239,000","364,333,000","375,368,000","343,385,000","355,837,000","338,392,000","354,170,000","369,200,000","378,300,000","391,700,000","417,100,000","413,800,000","421,400,000","350,800,000","312,600,000","312,100,000","329,100,000","196,200,000","166,600,000","152,100,000","143,000,000","138,800,000","143,300,000","169,200,000","158,600,000","151,600,000","156,600,000","160,500,000","157,400,000","154,700,000","137,500,000","111,400,000","113,800,000","135,000,000","138,200,000","163,600,000","160,700,000","144,600,000","110,800,000","111,800,000","112,100,000","107,200,000","113,000,000","106,500,000","98,600,000","112,000,000","90,200,000","86,000,000","73,500,000","80,200,000","76,600,000","60,000,000","63,100,000","64,400,000","66,300,000","58,500,000","58,900,000","52,500,000","50,000,000"
	OperatingRevenue,"2,718,435,000","867,936,000","805,697,000","594,412,000","450,389,000","357,543,000","360,578,000","382,261,000","319,521,000","405,232,000","549,480,000","619,467,000","570,222,000","555,183,000","650,963,000","633,180,000","592,349,000","575,295,000","560,244,000","613,538,000","549,866,000","600,975,000","575,688,000","550,305,000","420,298,000","428,106,000","563,249,000","688,544,000","644,462,000","677,005,000","745,192,000","742,180,000","713,776,000","735,971,000","719,386,000","791,269,000","766,332,000","825,502,000","968,231,000","1,087,618,000","1,063,538,000","1,039,651,000","1,228,756,000","1,198,673,000","985,087,000","872,938,000","835,394,000","874,705,000","764,295,000","711,874,000","725,472,000","614,957,000","554,612,000","681,040,000","729,881,000","769,458,000","785,117,000","699,350,000","644,399,000","599,151,000","598,745,000","571,349,000","618,357,000","610,045,000","637,476,000","634,553,000","619,795,000","654,716,000","633,797,000","600,464,000","553,125,000","527,776,000","422,778,000","403,490,000","341,502,000","364,619,000","390,887,000","338,479,000","382,642,000","399,533,000","374,674,000","367,199,000","373,539,000","349,239,000","364,333,000","375,368,000","343,385,000","355,837,000","338,392,000","354,170,000","369,200,000","378,300,000","391,700,000","417,100,000","413,800,000","421,400,000","350,800,000","312,600,000","312,100,000","329,100,000","196,200,000","166,600,000","152,100,000","143,000,000","138,800,000","143,300,000","169,200,000","158,600,000","151,600,000","156,600,000","160,500,000","157,400,000","154,700,000","137,500,000","111,400,000","113,800,000","135,000,000","138,200,000","163,600,000","160,700,000","144,600,000","110,800,000","111,800,000","112,100,000","107,200,000","113,000,000","106,500,000","98,600,000","112,000,000","90,200,000","86,000,000","73,500,000","80,200,000","76,600,000","60,000,000","63,100,000","64,400,000","66,300,000","58,500,000","58,900,000","52,500,000","50,000,000"
CostOfRevenue,"1,778,155,000","508,225,000","490,775,000","423,826,000","355,329,000","309,906,000","341,593,000","345,539,000","316,348,000","374,999,000","492,454,000","491,004,000","451,088,000","438,471,000","514,005,000","482,029,000","474,388,000","454,780,000","451,221,000","495,424,000","435,038,000","461,410,000","470,644,000","450,427,000","419,042,000","419,316,000","537,667,000","540,192,000","566,252,000","562,322,000","610,646,000","647,096,000","622,137,000","686,314,000","668,483,000","688,712,000","656,198,000","710,573,000","809,074,000","896,809,000","881,259,000","850,871,000","945,786,000","952,850,000","709,953,000","653,684,000","622,348,000","651,853,000","570,861,000","550,750,000","566,778,000","489,290,000","467,521,000","547,126,000","533,663,000","567,372,000","568,483,000","514,404,000","480,097,000","476,434,000","482,424,000","449,330,000","480,518,000","474,458,000","471,896,000","482,950,000","565,568,000","546,725,000","542,073,000","519,641,000","364,720,000","491,672,000","398,701,000","383,191,000","366,257,000","346,142,000","372,323,000","333,639,000","356,347,000","368,054,000","340,928,000","347,211,000","344,491,000","330,196,000","332,577,000","329,525,000","251,548,000","280,454,000","255,355,000","288,312,000","306,700,000","294,000,000","297,900,000","332,300,000","317,700,000","321,400,000","265,900,000","243,800,000","253,900,000","263,900,000","133,000,000","121,100,000","115,000,000","114,900,000","107,600,000","110,800,000","125,100,000","118,900,000","108,100,000","117,600,000","115,400,000","115,400,000","110,300,000","108,800,000","85,600,000","95,600,000","100,500,000","104,500,000","117,300,000","119,500,000","103,500,000","82,500,000","79,500,000","82,900,000","77,100,000","87,500,000","84,100,000","76,300,000","86,700,000","69,200,000","71,100,000","54,400,000","62,300,000",,,,,,,,,
GrossProfit,"940,280,000","359,711,000","314,922,000","170,586,000","95,060,000","47,637,000","18,985,000","36,722,000","3,173,000","30,233,000","57,026,000","128,463,000","119,134,000","116,712,000","136,958,000","151,151,000","117,961,000","120,515,000","109,023,000","118,114,000","114,828,000","139,565,000","105,044,000","99,878,000","1,256,000","8,790,000","25,582,000","148,352,000","78,210,000","114,683,000","134,546,000","95,084,000","91,639,000","49,657,000","50,903,000","102,557,000","110,134,000","114,929,000","159,157,000","190,809,000","182,279,000","188,780,000","282,970,000","245,823,000","275,134,000","219,254,000","213,046,000","222,852,000","193,434,000","161,124,000","158,694,000","125,667,000","87,091,000","133,914,000","196,218,000","202,086,000","216,634,000","184,946,000","164,302,000","122,717,000","116,321,000","122,019,000","137,839,000","135,587,000","165,580,000","151,603,000","54,227,000","107,991,000","91,724,000","80,823,000","188,405,000","36,104,000","24,077,000","20,299,000","-24,755,000","18,477,000","30,755,000","4,840,000","36,387,000","31,479,000","33,746,000","19,988,000","29,048,000","19,043,000","31,756,000","45,843,000","91,837,000","75,383,000","83,037,000","65,858,000","62,500,000","84,300,000","93,800,000","84,800,000","96,100,000","100,000,000","84,900,000","68,800,000","58,200,000","65,200,000","63,200,000","45,500,000","37,100,000","28,100,000","31,200,000","32,500,000","44,100,000","39,700,000","43,500,000","39,000,000","45,100,000","42,000,000","44,400,000","28,700,000","25,800,000","18,200,000","34,500,000","33,700,000","46,300,000","41,200,000","41,100,000","28,300,000","32,300,000","29,200,000","30,100,000","25,500,000","22,400,000","22,300,000","25,300,000","21,000,000","14,900,000","19,100,000","17,900,000",,,,,,,,,
OperatingExpense,"251,646,000","59,849,000","83,156,000","55,547,000","53,093,000","47,446,000","45,290,000","54,224,000","49,187,000","52,889,000","46,684,000","55,698,000","53,642,000","52,914,000","63,492,000","57,847,000","58,228,000","58,762,000","53,318,000","66,171,000","71,273,000","72,447,000","58,530,000","87,549,000","66,918,000","80,472,000","109,176,000","119,077,000","127,399,000","133,175,000","120,184,000","129,057,000","128,924,000","121,865,000","152,900,000","127,160,000","134,939,000","146,050,000","-260,448,000","49,009,000","161,764,000","152,329,000","159,761,000","148,863,000","172,317,000","117,016,000","126,108,000","124,505,000","86,935,000","123,047,000","122,639,000","76,538,000","76,757,000","91,992,000","108,980,000","114,335,000","47,684,000","68,496,000","89,222,000","72,893,000","62,471,000","71,156,000","77,358,000","53,386,000","65,732,000","57,466,000","57,993,000","73,814,000","70,231,000","54,871,000","168,472,000","9,769,000","-793,000","-86,610,000","-12,755,000","11,951,000","21,388,000","11,105,000","28,209,000","21,381,000","21,424,000","21,308,000","9,018,000","14,999,000","19,567,000","19,650,000","60,561,000","62,984,000","64,832,000","66,591,000","75,800,000","75,600,000","72,700,000","74,800,000","83,700,000","78,800,000","59,900,000","46,400,000","1,300,000","85,700,000","46,900,000","26,800,000","25,400,000","21,800,000","23,600,000","26,300,000","25,600,000","24,000,000","25,300,000","23,900,000","25,800,000","26,700,000","26,900,000","26,200,000","26,200,000","25,200,000","27,500,000","28,100,000","29,200,000","26,300,000","26,600,000","16,900,000","16,500,000","15,400,000","14,800,000","14,000,000","12,900,000","12,800,000","12,800,000","11,600,000","3,800,000","12,600,000","12,400,000",,,,,,,,,
	SellingGeneralAndAdministration,"97,510,000","26,648,000","25,663,000","21,081,000","24,119,000","21,480,000","18,373,000","21,541,000","19,738,000","22,745,000","21,917,000","24,566,000","25,209,000","24,089,000","26,687,000","22,909,000","24,756,000","25,948,000","23,100,000","21,052,000","22,146,000","20,523,000","22,836,000","20,498,000","19,019,000","19,826,000","26,179,000","25,731,000","24,268,000","22,605,000","27,020,000","28,136,000","29,931,000","29,136,000","37,137,000","28,800,000","34,302,000","33,209,000","34,994,000","33,266,000","35,178,000","30,861,000","17,058,000","41,636,000","29,039,000","30,435,000","28,668,000","28,831,000","35,344,000","27,166,000","27,017,000","24,029,000","21,627,000","25,114,000","26,184,000","22,235,000","33,022,000","25,680,000","24,561,000","18,868,000","22,030,000","18,987,000","23,198,000","13,667,000","20,642,000","17,881,000","71,316,000","35,435,000","17,979,000","35,322,000","26,094,000","27,198,000","19,404,000","21,399,000","34,490,000","14,718,000","16,862,000","11,873,000","19,606,000","17,218,000","15,852,000","17,462,000","14,814,000","12,848,000","16,239,000","18,123,000","12,335,000","12,851,000","13,448,000","14,822,000","20,000,000","16,600,000","14,100,000","12,500,000","21,600,000","22,200,000","13,200,000","7,500,000","-41,300,000","54,400,000","8,500,000","7,300,000","6,900,000","5,600,000","6,400,000","8,000,000","6,900,000","6,700,000","7,100,000","7,200,000","7,800,000","8,900,000","8,600,000","8,500,000","9,700,000","8,300,000","8,700,000","9,100,000","9,100,000","8,400,000","8,700,000","5,800,000","6,600,000","5,900,000","5,600,000","5,300,000","5,100,000","5,300,000","5,300,000","5,000,000","-2,300,000","6,600,000","6,700,000",,,,,,,,,
	DepreciationAmortizationDepletionIncomeStatement,"126,740,000","32,210,000","35,886,000","30,760,000","27,884,000","25,797,000","27,447,000","32,630,000","30,167,000","31,308,000","29,856,000","30,402,000","26,524,000","25,273,000","27,536,000","31,775,000","30,549,000","29,703,000","27,928,000","31,914,000","30,701,000","31,921,000","32,604,000","69,423,000","58,459,000","63,699,000","73,134,000","103,965,000","97,372,000","104,874,000","106,706,000","105,155,000","102,464,000","104,423,000","98,841,000","106,323,000","111,085,000","118,868,000","125,836,000","126,838,000","132,868,000","139,966,000","164,841,000","123,026,000","96,672,000","89,481,000","69,926,000","92,857,000","92,973,000","99,272,000","88,622,000","71,468,000","68,477,000","73,041,000","75,668,000","72,185,000","71,953,000","73,042,000","67,824,000","58,628,000","57,990,000","57,620,000","57,179,000","53,641,000","51,713,000","45,821,000","51,414,000","57,842,000","52,142,000","50,903,000","165,350,000","-266,000","628,000","610,000","3,413,000","2,890,000","4,526,000","5,793,000","6,312,000","5,385,000","5,374,000","5,114,000","6,082,000","6,217,000","7,575,000","7,586,000","48,226,000","50,133,000","51,384,000","51,769,000","55,800,000","59,000,000","58,600,000","62,300,000","62,100,000","56,600,000","46,700,000","38,900,000","42,600,000","31,300,000","38,400,000","19,500,000","18,500,000","16,200,000","17,200,000","18,300,000","18,700,000","17,300,000","18,200,000","16,700,000","18,000,000","17,800,000","18,300,000","17,700,000","16,500,000","16,900,000","18,800,000","19,000,000","20,100,000","17,900,000","17,900,000","11,100,000","9,900,000","9,500,000","9,200,000","8,700,000","7,800,000","7,500,000","7,500,000","6,600,000","6,100,000","6,000,000","5,700,000",,,,,,,,,
		DepreciationAndAmortizationInIncomeStatement,,,,,,,,,,,,,,,,,,,,,,,,,,,,,,,,,,,,,,,,,,,,,"96,672,000","89,481,000",,"102,895,000","92,973,000","99,272,000",,,,,,"72,185,000","71,953,000","73,042,000","67,824,000","58,628,000","57,990,000","57,620,000","57,179,000","53,641,000","51,713,000","45,821,000","51,414,000","57,842,000","52,142,000","50,903,000","165,350,000","-266,000","628,000","610,000","3,413,000","2,890,000","4,526,000","5,793,000","6,312,000","5,385,000","5,374,000","5,114,000","6,082,000","6,217,000","7,575,000","7,586,000","48,226,000","50,133,000","51,384,000","51,769,000","55,800,000","59,000,000","58,600,000","62,300,000","62,100,000","56,600,000","46,700,000","38,900,000","42,600,000","31,300,000","38,400,000","19,500,000","18,500,000","16,200,000","17,200,000","18,300,000","18,700,000","17,300,000","18,200,000","16,700,000","18,000,000","17,800,000","18,300,000","17,700,000","16,500,000","16,900,000","18,800,000","19,000,000","20,100,000","17,900,000","17,900,000","11,100,000","9,900,000","9,500,000","9,200,000","8,700,000","7,800,000","7,500,000","7,500,000","6,600,000","6,100,000","6,000,000","5,700,000",,,,,,,,,
			DepreciationIncomeStatement,,,,,,,,,,,,,,,,,,,,,,,,,,,,,,,,,,,,,,,,,,,,,"95,183,000","83,537,000",,"92,857,000","87,759,000","88,519,000",,,,,,,,,,,,,,,,,,,,,,,,,,,,,,,,,,,,,,,,,,,,,,,,,,,,,,,,,,,,,,,,,,,,,,,,,,,,,,,,,,,,,,,,,,,,
			Amortization,,,,,,,,,,,,,,,,,,,,,,,,,,,,,,,,,,,,,,,,,,,,,"1,489,000","5,944,000",,"10,038,000","5,214,000","10,753,000",,,,,,,,,,,,,,,,,,,,,,"-266,000","628,000","610,000","3,413,000","2,890,000","4,526,000","5,793,000","6,312,000","5,385,000","5,374,000","5,114,000","6,082,000","6,217,000","7,575,000","7,586,000",,,,,,,,,,,,,,,,,,,,,,,,,,,,,,,,,,,,,,,,,,,,,,,,,,,,,,,,
				AmortizationOfIntangiblesIncomeStatement,,,,,,,,,,,,,,,,,,,,,,,,,,,,,,,,,,,,,,,,,,,,,"1,489,000","5,944,000",,"10,038,000","5,214,000","10,753,000",,,,,,,,,,,,,,,,,,,,,,"-266,000","628,000","610,000","3,413,000","2,890,000","4,526,000","5,793,000","6,312,000","5,385,000","5,374,000","5,114,000","6,082,000","6,217,000","7,575,000","7,586,000",,,,,,,,,,,,,,,,,,,,,,,,,,,,,,,,,,,,,,,,,,,,,,,,,,,,,,,,
	OtherOperatingExpenses,"27,396,000","991,000","21,607,000","3,706,000","1,090,000","169,000","-530,000","53,000","-718,000","-1,164,000","-5,089,000","730,000","1,909,000","3,552,000","9,269,000","3,163,000","2,923,000","3,111,000","2,290,000","13,205,000","18,426,000","20,003,000","3,090,000","-2,372,000","-10,560,000","-3,053,000","9,863,000","-10,619,000","5,759,000","5,696,000","-13,542,000","-4,234,000","-3,471,000","-11,694,000","16,922,000","-7,963,000","-10,448,000","-6,027,000","-421,278,000","-111,095,000","-6,282,000","-18,498,000","-22,138,000","-15,799,000","46,606,000","-2,900,000","27,514,000","2,817,000","-41,382,000","-3,391,000","7,000,000","-18,959,000","-13,347,000","-6,163,000","7,128,000","19,915,000","-57,291,000","-30,226,000","-3,163,000","-4,603,000","-17,549,000","-5,451,000","-3,019,000","-13,922,000","-6,623,000","-6,236,000","-64,737,000","-19,463,000","110,000","-31,354,000","-22,972,000","-17,163,000","-20,825,000","-108,619,000","-50,658,000","-5,657,000",,"-6,561,000",,"-1,222,000","198,000","-1,268,000","-11,878,000","-4,066,000","-4,247,000","-6,059,000",,,,,,,,,,,,,,,,,,,,,,,,,,,,,,,,,,,,,,,,,,,,,,,,,,,,,,,,
OperatingIncome,"688,634,000","299,862,000","231,766,000","115,039,000","41,967,000","191,000","-26,305,000","-17,502,000","-46,014,000","-22,656,000","10,342,000","72,765,000","65,492,000","63,798,000","73,466,000","93,304,000","59,733,000","61,753,000","55,705,000","51,943,000","43,555,000","67,118,000","46,514,000","12,329,000","-65,662,000","-71,682,000","-83,594,000","29,275,000","-49,189,000","-18,492,000","14,362,000","-33,973,000","-37,285,000","-72,208,000","-101,997,000","-24,603,000","-24,805,000","-31,121,000","419,605,000","141,800,000","20,515,000","36,451,000","123,209,000","96,960,000","102,817,000","102,238,000","86,938,000","98,347,000","106,499,000","38,077,000","36,055,000","49,129,000","10,334,000","41,922,000","87,238,000","87,751,000","168,950,000","116,450,000","75,080,000","49,824,000","53,850,000","50,863,000","60,481,000","82,201,000","99,848,000","94,137,000","-3,766,000","34,177,000","21,493,000","25,952,000","19,933,000","26,335,000","24,870,000","106,909,000","-12,000,000","6,526,000","9,367,000","-6,265,000","8,178,000","10,098,000","12,322,000","-1,320,000","20,030,000","4,044,000","12,189,000","26,193,000","31,276,000","12,399,000","18,205,000","-733,000","-13,300,000","8,700,000","21,100,000","10,000,000","12,400,000","21,200,000","25,000,000","22,400,000","56,900,000","-20,500,000","16,300,000","18,700,000","11,700,000","6,300,000","7,600,000","6,200,000","18,500,000","15,700,000","18,200,000","15,100,000","19,300,000","15,300,000","17,500,000","2,500,000","-400,000","-7,000,000","7,000,000","5,600,000","17,100,000","14,900,000","14,500,000","11,400,000","15,800,000","13,800,000","15,300,000","11,500,000","9,500,000","9,500,000","12,500,000","9,400,000","11,100,000","6,500,000","5,500,000","76,600,000","-154,600,000","63,100,000","64,400,000","66,300,000","-138,200,000","58,900,000","52,500,000","50,000,000"
NetNonOperatingInterestIncomeExpense,"-26,567,000","-7,023,000","-10,598,000","-6,151,000","-2,794,000","-3,800,000","-4,235,000","-2,530,000","-1,730,000","-2,129,000","-1,878,000","-340,000","-2,287,000","-2,289,000","-2,691,000","-3,378,000","-3,498,000","-4,122,000","-4,945,000","-5,252,000","-5,161,000","-8,898,000","-10,754,000","-45,582,000","-44,340,000","-43,313,000","-98,971,000","-99,087,000","-98,612,000","-96,879,000","-96,368,000","-96,268,000","-95,924,000","-94,628,000","-93,959,000","-94,927,000","-93,540,000","-92,251,000","-86,506,000","-74,251,000","-77,640,000","-73,751,000","-124,185,000","-76,854,000","-41,494,000","-33,834,000","-34,082,000","-36,771,000","-34,502,000","-34,745,000","-35,128,000","-29,392,000","-20,240,000","-13,550,000",,,,,,,,,,,,,,,,,,,,,,,,,,,,,,,,,,,,,,,,,,,,,,,,,,,,,,,,,,,,,,,,,,,,,,,,,,,,,,,,,,,,,,,,
	InterestIncomeNonOperating,"324,000","24,000","154,000","0","147,000","328,000","297,000","459,000","1,793,000","1,259,000","1,751,000","3,709,000","2,088,000","2,143,000","2,156,000","1,801,000","1,552,000","1,273,000","560,000","720,000","842,000","527,000","487,000","582,000","933,000","1,138,000","423,000","672,000","962,000","2,373,000","1,930,000","1,949,000","2,036,000","1,843,000","1,854,000","697,000","1,216,000","2,836,000","1,910,000","1,459,000","1,088,000","1,021,000","968,000","840,000","755,000","746,000","561,000","927,000","623,000","338,000","338,000","399,000","417,000","6,468,000",,,,,,,,,,,,,,,,,,,,,,,,,,,,,,,,,,,,,,,,,,,,,,,,,,,,,,,,,,,,,,,,,,,,,,,,,,,,,,,,,,,,,,,,
	InterestExpenseNonOperating,"26,891,000","7,047,000","10,752,000","6,151,000","2,941,000","4,128,000","4,532,000","2,989,000","3,523,000","3,388,000","3,629,000","4,049,000","4,375,000","4,432,000","4,847,000","5,179,000","5,050,000","5,395,000","5,505,000","5,972,000","6,003,000","9,425,000","11,241,000","46,164,000","45,273,000","44,451,000","99,394,000","99,759,000","99,574,000","99,252,000","98,298,000","98,217,000","97,960,000","96,471,000","95,813,000","95,624,000","94,756,000","95,087,000","88,416,000","75,710,000","78,728,000","74,772,000","125,153,000","77,694,000","42,249,000","34,580,000","34,643,000","37,698,000","35,125,000","35,083,000","35,466,000","29,791,000","20,657,000","20,018,000",,,,,,,,,,,,,,,,,,,,,,,,,,,,,,,,,,,,,,,,,,,,,,,,,,,,,,,,,,,,,,,,,,,,,,,,,,,,,,,,,,,,,,,,
OtherIncomeExpense,"-44,629,000","-20,512,000","6,011,000","-20,827,000","-9,301,000","-2,055,000","-47,786,000","-171,056,000","-374,000","-2,305,000","-17,275,000","34,691,000","-274,000","11,302,000","11,968,000","-11,949,000","-16,295,000","1,810,000","-4,260,000","20,017,000","-915,000","-5,712,000","-1,155,000","-21,438,000","-66,130,000","-92,818,000","-471,851,000","-2,273,529,000","-24,373,000","-1,220,000","-19,666,000","-1,327,000","1,480,000","-914,000","-281,602,000","-210,150,000","-11,474,000","-1,308,000","-706,876,000","-5,840,000","-628,541,000","17,630,000","48,174,000","-6,402,000","-49,740,000",,"0","-6,776,000","-4,587,000","-5,877,000","-6,560,000","-791,000","-3,025,000","-3,350,000",,"-19,915,000","57,291,000","30,226,000","3,016,000","3,797,000","17,131,000","4,549,000","2,345,000","10,350,000","4,815,000","4,843,000","61,052,000","15,947,000","-1,721,000","28,903,000","20,370,000","15,558,000","18,961,000","106,724,000","93,232,000","14,032,000","8,241,000","6,561,000","7,801,000","1,222,000","-198,000","1,268,000","11,878,000","4,066,000","4,247,000","6,059,000","3,993,000","3,452,000","1,761,000","3,631,000","-361,000,000","4,000,000","100,000","4,400,000","2,100,000","2,800,000","2,500,000","100,000","-27,200,000","300,000","300,000","100,000","200,000",,"200,000",,"0",,,,"100,000","200,000","100,000",,"300,000","300,000","100,000","300,000","500,000","300,000","300,000","100,000","300,000","300,000","200,000","100,000","0",,"100,000","200,000","300,000","600,000","700,000",,,,,,,,,
	GainOnSaleOfSecurity,"-12,599,000","-15,519,000","31,323,000","-19,641,000","-8,762,000","-528,000","-1,956,000","-2,649,000","129,000","-743,000","-1,250,000","-1,530,000","8,400,000","12,981,000","13,024,000","-10,418,000","-15,138,000","3,414,000","-4,477,000","-1,028,000","-863,000","-854,000","-396,000","-488,000","-1,158,000","-1,210,000","455,000","3,559,000","-1,211,000","-1,220,000","-2,125,000","3,733,000","2,992,000","-914,000","26,742,000","-9,753,000","9,008,000","-1,308,000","-13,237,000",,,,,,,,,,,,,,,,,,,,,,,,,,,,,,,,,,,,,,,,,,,,,,,,,,,,,,,,,,,,,,,,,,,,,,,,,,,,,,,,,,,,,,,,,,,,,,,,,,,,,,,
	EarningsFromEquityInterest,,,,,,,,,,,,,,,,,,,,,,,,,,,,,,,,,,,,,,,,,,,,,,,,,,,,,,,,,,,,,,,,,,,,,,,"0","1,143,000","5,995,000","3,690,000","5,432,000","5,657,000","12,191,000","11,110,000",,"1,222,000","-198,000","1,268,000",,,,,,,,,,,,,,,,,,,,,,,,,,,,,,,,,,,,,,,,,,,,,,,,,,,,,,,,,,,,
	SpecialIncomeCharges,"-28,345,000","-4,120,000","-24,225,000","0","0","0","-44,873,000","-163,106,000","8,450,000","3,198,000","-9,055,000","39,000,000","-4,320,000","87,000","-60,000","-560,000","-1,225,000","-301,000","217,000","21,045,000","-52,000","-4,858,000","-759,000","-20,950,000","-64,972,000","-91,608,000","-472,306,000","-2,277,088,000","-23,162,000",,"-17,541,000","-5,060,000","-1,512,000",,"-308,344,000","-200,397,000","-20,482,000",,"-767,456,000","-5,840,000","-628,541,000","17,630,000","48,174,000","-6,402,000","-49,740,000",,"0","-6,776,000","0","-5,877,000","-6,560,000","-791,000","-3,025,000","-3,350,000","-67,602,000","-19,915,000","57,291,000","30,226,000","3,016,000","3,797,000","17,131,000","4,549,000","2,345,000","10,350,000","4,815,000","4,843,000","61,052,000","15,947,000","-1,721,000","28,903,000","20,370,000","14,415,000","12,966,000","103,034,000","87,800,000","8,375,000","-3,950,000","-4,549,000",,,,,"11,878,000","4,066,000","4,247,000","6,059,000","3,993,000","3,452,000","1,761,000","3,631,000","-361,000,000","4,000,000","100,000","4,400,000","2,100,000","2,800,000","2,500,000","100,000","-27,200,000","300,000","300,000","100,000","200,000",,"200,000",,"0",,,,"100,000","200,000","100,000",,"300,000","300,000","100,000","300,000","500,000","300,000","300,000","100,000","300,000","300,000","200,000","100,000","0",,"100,000","200,000","300,000","600,000","700,000",,,,,,,,,
		RestructuringAndMergernAcquisition,,,"0","0","0","0","-13,283,000","18,000","7,437,000","5,802,000","47,000","0","16,000","-87,000","60,000","560,000","740,000","301,000","-494,000","43,000","21,000","2,828,000","759,000","20,904,000","21,271,000","3,875,000",,,,,,,,,,,,,"0","0","0",,"1,316,000","4,694,000",,,,"0","0","0","6,560,000","791,000","3,025,000","3,350,000",,,,,,,,,,,,,,,,,,,,,,,,,,,,,,,,,,,,,,,,,,,,,,,,,,,,,,,,,,,,,,,,,,,,,,,,,,,,,,,,,,,,,,,,
		ImpairmentOfCapitalAssets,,,,,,,,"76,394,000",,,,,,,,,,,,,,,,,,,,,,,"0",,,,"265,423,000","0","0",,"230,632,000","0","641,553,000",,,,,,,,,,,,,,,,,,,,,,,,,,,,,,,,,,,,,,,,,,,,,,,,,,,,,,,,,,,,,,,,,,,,,,,,,,,,,,,,,,,,,,,,,,,,,,,,,,,,,
		WriteOff,,,"0","0","0","0","134,686,000","86,694,000",,,,,,,,,,,"0",,"0","0","0","46,000","43,701,000","85,520,000","488,865,000","2,120,292,000","19,146,000",,"17,541,000","5,060,000","1,512,000",,"0","200,397,000","20,482,000",,"0",,,,,,,,,,,,,,,,,,,,,,,,,,,,,,,,,,,,,,,,,,,,,,,,,,,,,,,,,,,,,,,,,,,,,,,,,,,,,,,,,,,,,,,,,,,,,,,,,,,,,,,
		OtherSpecialCharges,,"4,120,000",,,,,"0","4,423,000","-14,518,000","-9,000,000","0","-39,000,000","3,018,000",,"0",,"485,000",,"0","486,000","31,000","2,030,000",,,,"2,213,000","-16,559,000","156,796,000","4,016,000",,,,,,"42,921,000",,,,"13,256,000","5,840,000","-13,012,000",,"-49,490,000","1,708,000",,,,"6,776,000","4,587,000","5,877,000",,,,,,,,,,,,,,,,,,,,,,,,,,,,,,,,,,,,,,,,,,,,,,,,,,,,,,,,,,,,,,,,,,,,,,,,,,,,,,,,,,,,,,,,,,,,
		GainOnSaleOfBusiness,,,"-24,225,000","0","0",,"136,000","0","1,369,000",,"-9,008,000","0","-4,304,000",,"0","0",,,"-277,000","21,574,000",,,,,,,,,,,,,,,,,,,,,,,,,,,,,,,,,,,,,,,,,,,,,,,,,,,,,,,,,,,,,,,,,,,,,,,,,,,,,,,,,,,,,,,,,,,,,,,,,,,,,,,,,,,,,,,,,,,,,,,,,,
	OtherNonOperatingIncomeExpenses,"-3,685,000","-873,000","-1,087,000","-1,186,000","-539,000","-1,527,000","-957,000","-5,301,000","-8,953,000","-4,760,000","-6,970,000","-2,779,000","-4,354,000","-1,766,000","-996,000","-971,000","68,000","-1,303,000",,,,,,,,,,,,,,,,,,,,,,,,,,,,,,,,,,,,,,,,,,,,,,,,,,,,,,,,,,,,,,,,,,,,,,,,,,,,,,,,,,,,,,,,,,,,,,,,,,,,,,,,,,,,,,,,,,,,,,,,,,,,
PretaxIncome,"617,438,000","272,327,000","227,179,000","88,061,000","29,872,000","-5,664,000","-78,326,000","-191,088,000","-48,118,000","-27,090,000","-8,811,000","107,116,000","62,931,000","72,811,000","82,743,000","77,977,000","39,940,000","59,441,000","46,500,000","66,708,000","37,479,000","52,508,000","34,605,000","-54,691,000","-176,132,000","-207,813,000","-654,416,000","-2,343,341,000","-172,174,000","-116,591,000","-101,672,000","-131,568,000","-131,729,000","-167,750,000","-477,558,000","-329,680,000","-129,819,000","-124,680,000","-373,777,000","61,709,000","-685,666,000","-19,670,000","47,198,000","13,704,000","11,583,000","68,404,000","52,856,000","54,800,000","71,997,000","-2,545,000","-5,633,000","18,946,000","-12,931,000","25,022,000","78,053,000","70,967,000","150,697,000","96,387,000","54,173,000","32,380,000","35,152,000","33,374,000","44,250,000","63,027,000","82,717,000","78,587,000","-20,752,000","14,776,000","2,174,000","7,275,000","3,166,000","9,620,000","9,808,000","90,983,000","18,233,000","2,139,000","-5,757,000","-17,485,000","-3,677,000","-3,110,000","-1,720,000","-13,054,000","7,410,000","-10,840,000","849,000","5,090,000","12,714,000","-6,898,000","-2,825,000","-19,727,000","-395,700,000","-8,800,000","-1,600,000","-9,700,000","-8,900,000","-600,000","17,200,000","18,600,000","24,700,000","-26,300,000","13,300,000","14,800,000","7,600,000","2,200,000","3,000,000","1,400,000","13,400,000","10,500,000","13,000,000","10,000,000","14,100,000","10,000,000","11,800,000",,"-6,400,000","-13,400,000","1,200,000","-600,000","11,000,000","9,300,000","8,700,000","8,500,000","13,600,000","11,500,000","13,000,000","9,200,000","6,700,000","7,000,000","9,700,000","7,600,000","10,700,000","6,400,000","5,200,000",,,,,,,,,
TaxProvision,"1,951,000","455,000","573,000","-1,082,000","2,006,000","378,000","199,000","379,000","1,206,000","-1,791,000","-260,000","347,000","91,000","70,000","-3,351,000","-45,215,000","-3,366,000","-544,000","-34,771,000","-1,643,000","319,000","840,000","1,156,000","-3,270,000","-245,000","-1,111,000","-22,048,000","-343,865,000","-4,071,000","-3,396,000","138,464,000","-34,350,000","-34,869,000","-43,611,000","-104,764,000","-121,913,000","-49,468,000","-54,631,000","-78,354,000","15,958,000","-250,242,000","-21,079,000","-12,692,000","-5,583,000","186,000","12,530,000","4,825,000","7,941,000","5,723,000","-775,000","-7,185,000","-6,270,000","2,230,000","-5,550,000","15,715,000","-26,881,000","37,700,000","15,240,000","-27,200,000","5,100,000","-2,400,000","4,650,000","-35,350,000","12,100,000","13,000,000","17,900,000","-29,900,000","-4,150,000","-1,300,000","700,000","-18,675,000","-1,155,000","-1,300,000","21,000,000","-5,700,000","-8,910,000","-4,300,000","-4,300,000","-4,750,000","-4,750,000","-3,800,000","-5,700,000","-1,000,000","-2,700,000",,"-1,000,000","3,100,000","-1,700,000","-700,000","-4,700,000","-47,300,000","-7,000,000","-4,100,000","-7,300,000","-9,000,000","-1,100,000","2,200,000","2,800,000","3,600,000","-13,300,000","1,600,000","2,500,000","-1,800,000","-300,000","-100,000","-100,000","1,800,000","1,300,000","1,400,000","1,000,000","500,000","-200,000","300,000",,"-4,800,000","-57,100,000","-500,000","-2,100,000","-1,400,000","1,300,000","600,000","1,200,000","2,100,000","2,100,000","2,700,000","1,800,000","1,500,000","500,000","1,900,000","800,000","2,400,000","1,600,000","400,000",,,,,,,,,
NetIncomeCommonStockholders,"615,487,000","271,872,000","226,606,000","89,143,000","27,866,000","-6,042,000","-78,525,000","-191,467,000","-49,324,000","-25,299,000","-8,551,000","106,769,000","62,840,000","72,741,000","86,094,000","123,192,000","43,306,000","59,985,000","81,271,000","68,351,000","37,160,000","51,668,000","33,449,000","-51,421,000","-175,887,000","-206,702,000","-632,368,000","-1,999,476,000","-168,103,000","-113,195,000","-240,136,000","-97,218,000","-96,860,000","-124,139,000","-371,214,000","-128,363,000","-72,206,000","-70,049,000","-295,423,000","45,751,000","-435,489,000","1,206,000","59,555,000","19,056,000","11,079,000","55,601,000","47,819,000","46,678,000","66,156,000","-1,796,000","1,531,000","25,185,000","-15,126,000","30,579,000","62,338,000","97,848,000","112,997,000","81,147,000","81,320,000","27,227,000","37,483,000","28,680,000","79,511,000","50,825,000","69,593,000","60,624,000","-1,040,000","17,129,000","1,677,000","4,778,000","20,045,000","8,978,000","9,311,000","68,186,000","22,136,000","9,252,000","-3,254,000","-18,037,000","1,073,000","1,640,000","2,080,000","-7,354,000","8,410,000","-8,140,000","849,000","6,090,000","9,614,000","-5,198,000","-2,125,000","-15,027,000","-348,400,000","-1,800,000","2,500,000","1,400,000","100,000","500,000","13,500,000","15,800,000","21,100,000","-13,000,000","11,700,000","12,300,000","8,700,000","1,800,000","2,400,000","800,000","10,900,000","8,500,000","10,900,000","8,300,000","12,900,000","9,600,000","10,900,000","-3,600,000","-2,500,000","43,100,000","1,100,000","-17,900,000","11,800,000","6,200,000","7,500,000","6,700,000","10,900,000","8,800,000","9,700,000","6,800,000","4,600,000","5,900,000","7,300,000","6,300,000","7,300,000","4,500,000","4,500,000",,,,,,,,,
	NetIncome,"615,487,000","271,872,000","226,606,000","89,143,000","27,866,000","-6,042,000","-78,525,000","-191,467,000","-49,324,000","-25,299,000","-8,551,000","106,769,000","62,840,000","72,741,000","86,094,000","123,192,000","43,306,000","59,985,000","81,271,000","68,351,000","37,160,000","51,668,000","33,449,000","-51,421,000","-175,887,000","-206,702,000","-632,368,000","-1,999,476,000","-168,103,000","-113,195,000","-240,136,000","-97,218,000","-96,860,000","-124,139,000","-371,214,000","-128,363,000","-72,206,000","-70,049,000","-295,423,000","45,751,000","-435,489,000","1,206,000","59,555,000","19,056,000","11,079,000","55,601,000","47,819,000","46,678,000","66,156,000","-1,796,000","1,531,000","25,185,000","-15,126,000","30,579,000","62,338,000","97,848,000","112,997,000","81,147,000","81,373,000","27,280,000","37,552,000","28,724,000","79,600,000","50,927,000","69,717,000","60,687,000","9,148,000","18,926,000","3,474,000","6,575,000","21,841,000","10,775,000","11,108,000","69,983,000","23,933,000","11,049,000","-1,457,000","-16,839,000","1,073,000","1,640,000","2,080,000","-7,354,000","8,410,000","-8,140,000","849,000","6,090,000","9,614,000","-5,198,000","-2,125,000","-15,027,000","-348,400,000","-1,800,000","2,500,000","1,400,000","100,000","500,000","13,500,000","15,800,000","21,100,000","-13,000,000","11,700,000","12,300,000","9,400,000","2,500,000","3,100,000","1,500,000","11,600,000","9,200,000","11,600,000","9,000,000","13,600,000","10,200,000","11,500,000","-3,100,000","-1,600,000","43,700,000","1,700,000","-17,300,000","12,400,000","8,000,000","8,100,000","7,300,000","11,500,000","9,400,000","10,300,000","7,400,000","5,200,000","6,500,000","7,800,000","6,800,000","8,300,000","4,800,000","4,800,000",,,,,,,,,
		NetIncomeIncludingNoncontrollingInterests,"615,487,000","271,872,000","226,606,000","89,143,000","27,866,000","-6,042,000","-78,525,000","-191,467,000","-49,324,000","-25,299,000","-8,551,000","106,769,000","62,840,000","72,741,000","86,094,000","123,192,000","43,306,000","59,985,000","81,271,000","68,351,000","37,160,000","51,668,000","33,449,000","-51,421,000","-175,887,000","-206,702,000","-632,368,000","-1,999,476,000","-168,103,000","-113,195,000","-240,136,000","-97,218,000","-96,860,000","-124,139,000","-371,214,000","-128,363,000","-72,206,000","-70,049,000","-295,423,000","45,751,000","-435,424,000","1,409,000","59,890,000","19,287,000","11,397,000","55,874,000","48,031,000","46,859,000","66,274,000","-1,770,000","1,552,000","25,216,000","-15,161,000","30,572,000","62,338,000","97,848,000","112,997,000","81,147,000","81,373,000","27,280,000","37,552,000","28,724,000","79,600,000","50,927,000","69,717,000","60,687,000","9,148,000","18,926,000","3,474,000","6,575,000","21,841,000","10,775,000","11,108,000","69,983,000","23,933,000","11,049,000","-1,457,000","-16,839,000","1,073,000","1,640,000","2,080,000","-7,354,000","8,410,000","-8,140,000","849,000","6,090,000","9,614,000","-5,198,000","-2,125,000","-15,027,000","-348,400,000","-1,800,000","2,500,000","1,400,000","100,000","500,000","13,500,000","15,800,000","21,100,000","-13,000,000","11,700,000","12,300,000","9,400,000","2,500,000","3,100,000","1,500,000","11,600,000","9,200,000","11,600,000","9,000,000","13,600,000","10,200,000","11,500,000","-3,100,000","-1,600,000","43,700,000","1,700,000","-17,300,000","12,400,000","8,000,000","8,100,000","7,300,000","11,500,000","9,400,000","10,300,000","7,400,000","5,200,000","6,500,000","7,800,000","6,800,000","8,300,000","4,800,000","4,800,000","6,300,000","6,900,000","7,300,000","7,300,000","9,500,000","6,400,000","5,000,000","3,900,000","3,200,000"
			NetIncomeContinuousOperations,"615,487,000","271,872,000","226,606,000","89,143,000","27,866,000","-6,042,000","-78,525,000","-191,467,000","-49,324,000","-25,299,000","-8,551,000","106,769,000","62,840,000","72,741,000","86,094,000","123,192,000","43,306,000","59,985,000","81,271,000","68,351,000","37,160,000","51,668,000","33,449,000","-51,421,000","-175,887,000","-206,702,000","-632,368,000","-1,999,476,000","-168,103,000","-113,195,000","-240,136,000","-97,218,000","-96,860,000","-124,139,000","-372,794,000","-207,767,000","-80,351,000","-70,049,000","-295,423,000","45,751,000","-435,424,000","1,409,000","59,890,000","19,287,000","11,397,000","55,874,000","48,031,000","46,859,000","66,274,000","-1,770,000","1,552,000","25,216,000","-15,161,000","30,572,000","62,338,000","97,848,000","112,997,000","81,147,000","81,373,000","27,280,000","37,552,000","28,724,000","79,600,000","50,927,000","69,717,000","60,687,000","9,148,000","18,926,000","3,474,000","6,575,000","21,841,000","10,775,000","11,108,000","69,983,000","23,933,000","11,049,000","-1,457,000","-13,185,000","1,073,000","1,640,000","2,080,000","-7,354,000","8,410,000","-8,140,000","849,000","6,090,000","9,614,000","-5,198,000","-2,125,000","-15,027,000","-348,400,000","-1,800,000","2,500,000","-2,400,000","100,000","500,000","15,000,000","15,800,000","21,100,000","-13,000,000","11,700,000","12,300,000","9,400,000","2,500,000","3,100,000","1,500,000","11,600,000","9,200,000","11,600,000","9,000,000","13,600,000","10,200,000","11,500,000","-3,100,000","-1,600,000","43,700,000","1,700,000","1,500,000","12,400,000","8,000,000","8,100,000","7,300,000","11,500,000","9,400,000","10,300,000","7,400,000","5,200,000","6,500,000","7,800,000","6,800,000","8,300,000","4,800,000","4,800,000","6,300,000","6,900,000","7,300,000","7,300,000","9,500,000","6,400,000","5,000,000","3,900,000","3,200,000"
			NetIncomeDiscontinuousOperations,,,,,,,,,,,,,,,,,,,,,,,,,,,,,,,"0","0","0","0","1,580,000","79,404,000","8,145,000",,,,,,,,,,,,,,,,,,,,,,,,,,,,,,,,,,,,,,,,,,,,,,,,,,,,,,,,,,,,,,,,,,,,,,,,,,,,,,,,,,,,,,,,,,,,,,,,,,,,,,,,,
			NetIncomeExtraordinary,,,,,,,,,,,,,,,,,,,,,,,,,,,,,,,,,,,,,,,,,,,,,,,,,,,,,,,,,,,,,,,,,,,,,,,,,,,"0",,,"-3,654,000",,,,,,,,,,,,,"0",,,"3,800,000",,,,,,,,,,,,,,,,,,,,,"0",,,"-18,800,000",,,,,,,,,,,,,,,,,,,,,,,,
			NetIncomeFromTaxLossCarryforward,,,,,,,,,,,,,,,,,,,,,,,,,,,,,,,,,,,,,,,,,,,,,,,,,,,,,,,,,,,,,,,,,,,,,,,,,,,,,,,,,,,,,,,,,,,,,,,"0",,"-1,500,000",,,,,,,,,,,,,,,,,,,,,,,,,,,,,,,,,,,,,,,,,,,,,
		MinorityInterests,,,,,,,,,,,,,,,,,,,,,,,,,,,,,,,,,,,"0","0","0","0","0","0","-65,000","-203,000","-335,000","-231,000","-318,000","-273,000","-212,000","-181,000","-118,000","-26,000","-21,000","-31,000","35,000","7,000",,,,,,,,,,,,,,,,,,,,,,,,,,,,,,,,,,,,,,,,,,,,,,,,,,,,,,,,,,,,,,,,,,,,,,,,,,,,,,,,,,,,,,,,
	PreferredStockDividends,,,,,,,,,,,,,,,,,,,,,,,,,,,,,,,,,,,,,,,,,,,,,,,,,,,,,,,,,,,"53,000","53,000","69,000","44,000","89,000","102,000","124,000","63,000","10,188,000","1,797,000","1,797,000","1,797,000","1,796,000","1,797,000","1,797,000","1,797,000","1,797,000","1,797,000","1,797,000","1,198,000",,,,,,,,,,,,,,,,,,,,,,,,,"700,000","700,000","700,000","700,000","700,000","700,000","700,000","700,000","700,000","600,000","600,000","500,000","900,000","600,000","600,000","600,000","600,000","1,800,000","600,000","600,000","600,000","600,000","600,000","600,000","600,000","600,000","500,000","500,000","1,000,000","300,000","300,000",,,,,,,,,
	OtherunderPreferredStockDividend,,,,,,,,,,,,,,,,,,,,,,,,,,,,,,,,,,,,,,,,,,,,,,,,,,,,,"-35,000",,,,,,,,,,,,,,,,,,,,,,,,,,,,,,,,,,,,,,,,,,,,,,,,,,,,,,,,,,,,,,,,,,,,,,,,,,,,,,,,,,,,,,,,,
AverageDilutionEarnings,,"2,309,000",,,,,,,,,,,,,,,,,,,,,,,,,,,,,,,,,,,,,,,,,,,,,,,,,,,,,,,,,,,,,,,,,,,,,,,,,,,,,,,,,,,,,,,,,,,,,,,,,,,,,,,,,,,,,,,,,,,,,,,,,,,,,,,,,,,,,,,,,,,,
DilutedNIAvailtoComStockholders,"617,796,000","274,181,000","226,606,000","89,143,000","27,866,000","-6,042,000","-78,525,000","-191,467,000","-49,324,000","-25,299,000","-8,551,000","106,769,000","62,840,000","72,741,000","86,094,000","123,192,000","43,306,000","59,985,000","81,271,000","68,351,000","37,160,000","51,668,000","33,449,000","-51,421,000","-175,887,000","-206,702,000","-632,368,000","-1,999,476,000","-168,103,000","-113,195,000","-240,136,000","-97,218,000","-96,860,000","-124,139,000","-371,214,000","-128,363,000","-72,206,000","-70,049,000","-295,423,000","45,751,000","-435,489,000","1,206,000","59,555,000","19,056,000","11,079,000","55,601,000","47,819,000","46,678,000","66,156,000","-1,796,000","1,531,000","25,185,000","-15,126,000","30,579,000","62,338,000","97,848,000","112,997,000","81,147,000","81,320,000","27,227,000","37,483,000","28,680,000","79,511,000","50,825,000","69,593,000","60,624,000","-1,040,000","17,129,000","1,677,000","4,778,000","20,045,000","8,978,000","9,311,000","68,186,000","22,136,000","9,252,000","-3,254,000","-18,037,000","1,073,000","1,640,000","2,080,000","-7,354,000","8,410,000","-8,140,000","849,000","6,090,000","9,614,000","-5,198,000","-2,125,000","-15,027,000","-348,400,000","-1,800,000","2,500,000","1,400,000","100,000","500,000","13,500,000","15,800,000","21,100,000","-13,000,000","11,700,000","12,300,000","8,700,000","1,800,000","2,400,000","800,000","10,900,000","8,500,000","10,900,000","8,300,000","12,900,000","9,600,000","10,900,000","-3,600,000","-2,500,000","43,100,000","1,100,000","-17,900,000","11,800,000","6,200,000","7,500,000","6,700,000","10,900,000","8,800,000","9,700,000","6,800,000","4,600,000","5,900,000","7,300,000","6,300,000","7,300,000","4,500,000","4,500,000",,,,,,,,,
BasicEPS,,"17.6","14.72","5.83","1.82","-0.4","-5.17","-12.64","-3.26","-1.67","-0.57","6.79","3.8","4.16","4.69","6.4","2.15","2.87","3.75","2.9","1.51","2.07","1.34","-2.41","-8.26","-9.71",,"-93.91","-7.9","-5.3","-11.3","-4.6","-4.6","-5.9","-17.5","-6.1","-3.378","-3.3","-13.9","2.2","-20.5","0.1",,"0.9","0.6","3.4",,"2.9","4.1","-0.1",,"1.6","-1.1","2.1",,"6.8","7.8","5.7",,"1.9","2.6","2",,"3.5","4.9","8.5",,"2.7","0.3","0.8",,"1.6","1.7","12.7",,"1.8","-0.6","-3.4",,"0.3","0.4","-1.4",,"-1.5","0.2","1.5",,"-1.4","-0.6","-3.9",,"-0.25","0.3","0.2",,"0.05","1.9","2",,"-1.65","2.8","2.5",,"2.6","1.25","1.8",,"2.45","3.1","2.45",,"2.7","3.1","-0.9",,"12.25","0.35","-5.25",,"2.15","2.2","2.2",,"2.9","3.2","2.25",,"2","2.4","2.1",,"1.4","1.45","1.9",,"2.35","2.65","3.4",,"1.8","1.4","1.15"
DilutedEPS,,"12.89","11.92","4.92","1.66","-0.4","-5.17","-12.64","-3.26","-1.67","-0.57","6.34","3.53","3.91","4.44","6.1","2.06","2.74","3.64","2.83","1.48","2.03","1.31","-2.41","-8.26","-9.71",,"-93.91","-7.9","-5.3","-11.3","-4.6","-4.6","-5.9","-17.5","-6.1","-3.4","-3.3","-13.9","2.2","-20.5","0.1",,"0.9","0.6","3.4",,"2.9","4.1","-0.1",,"1.6","-1.1","2.1",,"6.8","7.8","5.6",,"1.9","2.6","2",,"3.5","4.8","8.4",,"2.6","0.3","0.7",,"1.6","1.7","11.4",,"1.8","-0.6","-3.4",,"0.3","0.4","-1.4",,"-1.5","0.2","1.5",,"-1.4","-0.6","-3.9",,"-0.25","0.3","0.2",,"0.05","1.7","2",,"-1.65","2.8","2.5",,"2.6","1.25","1.8",,"2.4","3","2.4",,"2.65","3","-0.9",,"11.55","0.35","-5.25",,"2.05","2.05","2.05",,"2.7","2.95","2.1",,"1.85","2.25","1.95",,"1.3","1.35","1.75",,"2.05","2.2","2.85",,"1.55","1.25","1"
BasicAverageShares,,"15,448,000","15,392,000","15,302,000","15,294,000","15,283,000","15,181,000","15,147,000","15,145,000","15,139,000","15,097,000","15,736,000","16,543,000","17,494,000","18,344,000","19,250,000","20,156,000","20,901,000","21,653,000","23,580,000","24,659,000","25,008,000","25,002,000","21,293,000","21,293,000","21,293,000",,"21,292,000","21,291,400","21,266,000","21,224,900","21,223,800","21,222,500","21,217,100","21,213,600","21,211,100","21,375,300","21,206,200","21,204,800","21,205,300","21,204,800","21,168,700",,"21,133,700","17,424,400","16,257,600",,"16,239,100","16,238,800","16,237,200",,"15,562,200","14,281,500","14,278,900",,"14,403,500","14,412,000","14,349,700",,"14,262,700","14,236,900","14,217,600",,"14,342,200","14,304,300","7,132,900",,"6,385,800","6,349,400","6,278,200",,"5,487,400","5,458,200","5,382,500",,"5,140,000","5,423,333","5,238,400",,"5,466,667","5,200,000","5,235,600",,"5,268,100","4,245,000","4,041,100",,"3,816,400","3,816,400","3,816,400",,"3,818,700","3,818,600","3,805,400",,"3,945,500","3,970,000","3,966,400",,"7,878,788","7,926,200","2,704,200",,"2,703,600","1,920,000","2,704,200",,"3,469,388","3,516,129","3,387,755",,"3,555,556","3,516,129","2,738,800",,"3,518,367","3,142,857","3,409,524",,"2,883,721","3,409,091","2,319,400",,"3,000,000","2,310,400","2,309,800",,"2,950,000","3,000,000","3,000,000",,"2,307,800","2,307,800","2,307,800",,"2,307,800","1,153,900","1,153,900",,"1,153,900","1,153,900","1,153,900"
DilutedAverageShares,,"21,271,000","19,015,000","18,105,000","16,756,000","15,283,000","15,181,000","15,147,000","15,145,000","15,139,000","15,097,000","16,852,000","17,781,000","18,599,000","19,396,000","20,208,000","21,036,000","21,875,000","22,333,000","24,135,000","25,082,000","25,408,000","25,469,000","21,293,000","21,293,000","21,293,000",,"21,292,000","21,291,400","21,266,000","21,224,900","21,223,800","21,222,500","21,217,100","21,213,600","21,211,100","21,375,300","21,206,200","21,204,800","21,207,600","21,204,800","21,190,800",,"21,197,400","17,527,200","16,377,300",,"16,317,400","16,313,000","16,237,200",,"15,600,500","14,281,500","14,284,800",,"14,489,800","14,504,900","14,459,600",,"14,415,100","14,381,900","14,378,600",,"14,535,600","14,516,400","7,243,800",,"6,479,100","6,452,000","6,379,200",,"5,583,800","5,555,000","6,159,200",,"5,140,000","5,423,333","5,238,400",,"5,466,667","5,200,000","5,235,600",,"5,268,100","4,245,000","4,041,100",,"3,816,400","3,816,400","3,816,400",,"3,818,700","3,818,600","3,805,400",,"3,945,500","3,970,000","3,966,400",,"7,878,788","7,926,200","2,704,200",,"2,703,600","1,920,000","2,704,200",,"3,541,667","3,516,129","3,458,333",,"3,555,556","3,516,129","2,738,800",,"3,518,367","3,142,857","3,409,524",,"3,024,390","3,409,091","2,319,400",,"3,000,000","2,310,400","2,309,800",,"2,950,000","3,000,000","3,000,000",,"2,307,800","2,307,800","2,307,800",,"2,307,800","1,153,900","1,153,900",,"1,153,900","1,153,900","1,153,900"
TotalOperatingIncomeAsReported,"651,810,000","284,343,000","238,864,000","95,398,000","33,205,000","-337,000","-73,283,000","-187,680,000","-45,286,000","-23,891,000","-6,960,000","106,481,000","66,570,000","76,779,000","86,490,000","82,886,000","44,595,000","65,167,000","50,951,000","72,489,000","42,692,000","66,264,000","46,118,000","11,795,000","-110,521,000","-158,412,000","-539,033,000","-2,236,772,000","-69,546,000","-19,712,000","-5,304,000","-35,300,000","-35,805,000","-73,122,000","-340,678,000","-234,753,000","-36,279,000","-32,429,000","-282,645,000","135,960,000","-588,984,000","54,081,000",,"92,266,000","102,817,000","102,238,000",,"98,347,000","106,499,000","32,200,000",,"48,338,000","7,309,000",,,,,,,,,,,,,,,,,,,,,,,,,,,,,,,,,,,,,,,,,,,,,,,,,,,,,,,,,,,,,,,,,,,,,,,,,,,,,,,,,,,,,,,,,
TotalExpenses,"2,029,801,000","568,074,000","573,931,000","479,373,000","408,422,000","357,352,000","386,883,000","399,763,000","365,535,000","427,888,000","539,138,000","546,702,000","504,730,000","491,385,000","577,497,000","539,876,000","532,616,000","513,542,000","504,539,000","561,595,000","506,311,000","533,857,000","529,174,000","537,976,000","485,960,000","499,788,000","646,843,000","659,269,000","693,651,000","695,497,000","730,830,000","776,153,000","751,061,000","808,179,000","821,383,000","815,872,000","791,137,000","856,623,000","548,626,000","945,818,000","1,043,023,000","1,003,200,000","1,105,547,000","1,101,713,000","882,270,000","770,700,000","748,456,000","776,358,000","657,796,000","673,797,000","689,417,000","565,828,000","544,278,000","639,118,000","642,643,000","681,707,000","616,167,000","582,900,000","569,319,000","549,327,000","544,895,000","520,486,000","557,876,000","527,844,000","537,628,000","540,416,000","623,561,000","620,539,000","612,304,000","574,512,000","533,192,000","501,441,000","397,908,000","296,581,000","353,502,000","358,093,000","393,711,000","344,744,000","384,556,000","389,435,000","362,352,000","368,519,000","353,509,000","345,195,000","352,144,000","349,175,000","312,109,000","343,438,000","320,187,000","354,903,000","382,500,000","369,600,000","370,600,000","407,100,000","401,400,000","400,200,000","325,800,000","290,200,000","255,200,000","349,600,000","179,900,000","147,900,000","140,400,000","136,700,000","131,200,000","137,100,000","150,700,000","142,900,000","133,400,000","141,500,000","141,200,000","142,100,000","137,200,000","135,000,000","111,800,000","120,800,000","128,000,000","132,600,000","146,500,000","145,800,000","130,100,000","99,400,000","96,000,000","98,300,000","91,900,000","101,500,000","97,000,000","89,100,000","99,500,000","80,800,000","74,900,000","67,000,000","74,700,000",,,,,,,,,
NetIncomeFromContinuingAndDiscontinuedOperation,"615,487,000","271,872,000","226,606,000","89,143,000","27,866,000","-6,042,000","-78,525,000","-191,467,000","-49,324,000","-25,299,000","-8,551,000","106,769,000","62,840,000","72,741,000","86,094,000","123,192,000","43,306,000","59,985,000","81,271,000","68,351,000","37,160,000","51,668,000","33,449,000","-51,421,000","-175,887,000","-206,702,000","-632,368,000","-1,999,476,000","-168,103,000","-113,195,000","-240,136,000","-97,218,000","-96,860,000","-124,139,000","-371,214,000","-128,363,000","-72,206,000","-70,049,000","-295,423,000","45,751,000","-435,489,000","1,206,000","59,555,000","19,056,000","11,079,000","55,601,000","47,819,000","46,678,000","66,156,000","-1,796,000","1,531,000","25,185,000","-15,126,000","30,579,000","62,338,000","97,848,000","112,997,000","81,147,000","81,373,000","27,280,000","37,552,000","28,724,000","79,600,000","50,927,000","69,717,000","60,687,000","9,148,000","18,926,000","3,474,000","6,575,000","21,841,000","10,775,000","11,108,000","69,983,000","23,933,000","11,049,000","-1,457,000","-13,185,000","1,073,000","1,640,000","2,080,000","-7,354,000","8,410,000","-8,140,000","849,000","6,090,000","9,614,000","-5,198,000","-2,125,000","-15,027,000","-348,400,000","-1,800,000","2,500,000","-2,400,000","100,000","500,000","15,000,000","15,800,000","21,100,000","-13,000,000","11,700,000","12,300,000","9,400,000","2,500,000","3,100,000","1,500,000","11,600,000","9,200,000","11,600,000","9,000,000","13,600,000","10,200,000","11,500,000","-3,100,000","-1,600,000","43,700,000","1,700,000","1,500,000","12,400,000","8,000,000","8,100,000","7,300,000","11,500,000","9,400,000","10,300,000","7,400,000","5,200,000","6,500,000","7,800,000","6,800,000","8,300,000","4,800,000","4,800,000",,,,,,,,,
NormalizedIncome,"656,301,623.862","291,478,187.444","219,525,902.861","103,480,930","36,039,603.776","-5,656,560","-44,339,830","-70,465,850","-55,586,670","-27,591,692.691","1,449,914.198","69,420,383.267","58,765,899.795","59,685,563.486","76,630,280","131,205,940","55,250,990","57,712,510","83,827,000","56,340,800","38,067,212.039","57,288,621.924","34,565,416.558","-31,264,787.863","-109,848,986.976","-114,380,219.187","-176,414,182.905","-59,567,693.525","-144,306,291.908","-112,010,535.504","-227,353,100","-96,237,455.445","-97,948,240.251","-123,462,618.206","-152,968,269.957","-75,328,771.87","-73,249,209.245","-69,198,800","263,272,234.185","50,080,771.022","-36,341,548.64","-10,253,500","28,241,900","23,217,300","60,020,274.281","55,601,000","47,819,000","52,472,098.248","66,156,000","2,291,343.811","5,795,000","25,699,150","-13,159,750","32,756,500","116,329,178.763","110,792,750","70,038,539.467","55,700,111.706","79,412,600","24,081,045.09","26,416,850","24,808,812.249","78,193,000","42,564,005.569","65,658,736.826","56,947,104.839","-27,483,200","9,357,800","4,506,600","-19,546,955.326","9,619,000","2,126,000","3,328,400","-9,269,480.375","-28,747,000","6,024,000","913,000","-9,754,713.183","1,073,000","1,640,000","2,080,000","-7,354,000","1,283,200","-11,193,250.923","-1,699,200","2,454,600","6,594,596.036","-7,799,260.655","-3,449,646.018","-17,792,906.473","-30,552,135.456","-4,200,000","2,440,000","-5,040,000","-1,160,000","-1,180,000","12,819,767.442","15,715,053.763","44,335,627.53","-13,180,000","11,436,090.226","12,216,891.892","9,280,000","2,500,000","2,980,000","1,500,000","11,600,000","9,200,000","11,600,000","9,000,000","13,503,546.099","10,080,000","11,402,542.373","-3,100,000","-1,780,000","43,520,000","1,640,000","1,320,000","12,100,000","7,741,935.484","7,820,689.655","7,214,117.647","11,246,323.529","9,154,782.609","10,141,538.462","7,319,565.217","5,200,000","6,500,000","7,719,587.629","6,621,052.632","8,067,289.72","4,350,000","4,153,846.154",,,,,,,,,
InterestIncome,"324,000","24,000","154,000","0","147,000","328,000","297,000","459,000","1,793,000","1,259,000","1,751,000","3,709,000","2,088,000","2,143,000","2,156,000","1,801,000","1,552,000","1,273,000","560,000","720,000","842,000","527,000","487,000","582,000","933,000","1,138,000","423,000","672,000","962,000","2,373,000","1,930,000","1,949,000","2,036,000","1,843,000","1,854,000","697,000","1,216,000","2,836,000","1,910,000","1,459,000","1,088,000","1,021,000","968,000","840,000","755,000","746,000","561,000","927,000","623,000","338,000","338,000","399,000","417,000","6,468,000",,,,,,,,,,,,,,,,,,,,,,,,,,,,,,,,,,,,,,,,,,,,,,,,,,,,,,,,,,,,,,,,,,,,,,,,,,,,,,,,,,,,,,,,
InterestExpense,"26,891,000","7,047,000","10,752,000","6,151,000","2,941,000","4,128,000","4,532,000","2,989,000","3,523,000","3,388,000","3,629,000","4,049,000","4,375,000","4,432,000","4,847,000","5,179,000","5,050,000","5,395,000","5,505,000","5,972,000","6,003,000","9,425,000","11,241,000","46,164,000","45,273,000","44,451,000","99,394,000","99,759,000","99,574,000","99,252,000","98,298,000","98,217,000","97,960,000","96,471,000","95,813,000","95,624,000","94,756,000","95,087,000","88,416,000","75,710,000","78,728,000","74,772,000","125,153,000","77,694,000","42,249,000","34,580,000","34,643,000","37,698,000","35,125,000","35,083,000","35,466,000","29,791,000","20,657,000","20,018,000",,,,,,,,,,,,,,,,,,,,,,,,,,,,,,,,,,,,,,,,,,,,,,,,,,,,,,,,,,,,,,,,,,,,,,,,,,,,,,,,,,,,,,,,
NetInterestIncome,"-26,567,000","-7,023,000","-10,598,000","-6,151,000","-2,794,000","-3,800,000","-4,235,000","-2,530,000","-1,730,000","-2,129,000","-1,878,000","-340,000","-2,287,000","-2,289,000","-2,691,000","-3,378,000","-3,498,000","-4,122,000","-4,945,000","-5,252,000","-5,161,000","-8,898,000","-10,754,000","-45,582,000","-44,340,000","-43,313,000","-98,971,000","-99,087,000","-98,612,000","-96,879,000","-96,368,000","-96,268,000","-95,924,000","-94,628,000","-93,959,000","-94,927,000","-93,540,000","-92,251,000","-86,506,000","-74,251,000","-77,640,000","-73,751,000","-124,185,000","-76,854,000","-41,494,000","-33,834,000","-34,082,000","-36,771,000","-34,502,000","-34,745,000","-35,128,000","-29,392,000","-20,240,000","-13,550,000",,,,,,,,,,,,,,,,,,,,,,,,,,,,,,,,,,,,,,,,,,,,,,,,,,,,,,,,,,,,,,,,,,,,,,,,,,,,,,,,,,,,,,,,
EBIT,"644,329,000","279,374,000","237,931,000","94,212,000","32,813,000","-1,536,000","-73,794,000","-188,099,000","-44,595,000","-23,702,000","-5,182,000","111,165,000","67,306,000","77,243,000","87,590,000","83,156,000","44,990,000","64,836,000","52,005,000","72,680,000","43,482,000","61,933,000","45,846,000","-8,527,000","-130,859,000","-163,362,000","-555,022,000","-2,243,582,000","-72,600,000","-17,339,000","-3,374,000","-33,351,000","-33,769,000","-71,279,000","-381,745,000","-234,056,000","-35,063,000","-29,593,000","-285,361,000","137,419,000","-606,938,000","55,102,000","172,351,000","91,398,000","53,832,000","102,984,000","87,499,000","92,498,000","107,122,000","32,538,000","29,833,000","48,737,000","7,726,000","45,040,000","99,092,000","87,751,000","168,950,000","116,450,000","75,080,000","49,824,000","53,850,000","50,863,000","60,481,000","82,201,000","99,848,000","94,137,000","-3,766,000","34,177,000","21,493,000","25,952,000","19,933,000","26,335,000","24,870,000","106,909,000","-12,000,000","6,526,000","9,367,000","-6,265,000","8,178,000","10,098,000","12,322,000","-1,320,000","20,030,000","4,044,000","12,189,000","26,193,000","31,276,000","12,399,000","18,205,000","-733,000","-13,300,000","8,700,000","21,100,000","10,000,000","12,400,000","21,200,000","25,000,000","22,400,000","56,900,000","-20,500,000","16,300,000","18,700,000","11,700,000","6,300,000","7,600,000","6,200,000","18,500,000","15,700,000","18,200,000","15,100,000","19,300,000","15,300,000","17,500,000","2,500,000","-400,000","-7,000,000","7,000,000","5,600,000","17,100,000","14,900,000","14,500,000","11,400,000","15,800,000","13,800,000","15,300,000","11,500,000","9,500,000","9,500,000","12,500,000","9,400,000","11,100,000","6,500,000","5,500,000","76,600,000","-154,600,000","63,100,000","64,400,000","66,300,000","-138,200,000","58,900,000","52,500,000","50,000,000"
EBITDA,"771,069,000"
ReconciledCostOfRevenue,"1,778,155,000","508,225,000","490,775,000","423,826,000","355,329,000","309,906,000","341,593,000","345,539,000","316,348,000","374,999,000","492,454,000","491,004,000","451,088,000","438,471,000","514,005,000","482,029,000","474,388,000","454,780,000","451,221,000","495,424,000","435,038,000","461,410,000","470,644,000","450,427,000","419,042,000","419,316,000","537,667,000","540,192,000","566,252,000","562,322,000","610,646,000","647,096,000","622,137,000","686,314,000","668,483,000","683,840,000","648,483,000","710,573,000","809,074,000","896,809,000","875,828,000","856,302,000","933,071,000","957,647,000","699,378,000","644,768,000","613,933,000","599,658,000","576,075,000","561,503,000","537,032,000","489,290,000","467,521,000","547,126,000","533,663,000","567,372,000","568,483,000","514,404,000","480,097,000","476,434,000","482,424,000","449,330,000","480,518,000","474,458,000","471,896,000","482,950,000","565,568,000","546,725,000","542,073,000","519,641,000","479,425,000","447,914,000","363,249,000","347,696,000","329,348,000","309,987,000","337,263,000","299,921,000","318,742,000","329,193,000","302,454,000","309,584,000","305,367,000","293,224,000","295,283,000","292,871,000","251,548,000","280,454,000","255,355,000","288,312,000","306,700,000","294,000,000","297,900,000","332,300,000","317,700,000","321,400,000","265,900,000","243,800,000","253,900,000","252,100,000","133,000,000","121,100,000","115,000,000","114,900,000","107,600,000","110,800,000","125,100,000","118,900,000","108,100,000","117,600,000","115,400,000","115,400,000","110,300,000","108,800,000","85,600,000","95,600,000","100,500,000","104,500,000","117,300,000","119,500,000","103,500,000","82,500,000","79,500,000","83,000,000","77,100,000","87,500,000","84,100,000","76,200,000","86,800,000","69,200,000","71,100,000","54,400,000","62,300,000",,,,,,,,,
ReconciledDepreciation,"126,740,000","32,210,000","35,886,000","30,760,000","27,884,000","25,797,000","27,447,000","32,630,000","30,167,000","31,308,000","29,856,000","30,402,000","26,524,000","25,273,000","27,536,000","31,775,000","30,549,000","29,703,000","27,928,000","31,914,000","30,701,000","31,921,000","32,604,000","69,423,000","58,459,000","63,699,000","73,134,000","103,965,000","97,372,000","104,874,000","106,706,000","105,155,000","102,464,000","104,423,000","98,841,000","111,195,000","118,800,000","118,868,000","125,836,000","126,838,000","138,299,000","134,535,000","177,556,000","118,229,000","107,247,000","98,397,000","78,341,000","145,052,000","87,759,000","88,519,000","118,368,000","71,468,000","68,477,000","73,041,000","75,668,000","72,185,000","71,953,000","73,042,000","67,824,000","58,628,000","57,990,000","57,620,000","57,179,000","53,641,000","51,713,000","45,821,000","51,414,000","57,842,000","52,142,000","50,903,000","50,645,000","43,492,000","36,080,000","36,105,000","40,322,000","39,045,000","39,586,000","39,511,000","43,917,000","44,246,000","43,848,000","42,741,000","45,206,000","43,189,000","44,869,000","44,240,000","48,226,000","50,133,000","51,384,000","51,769,000","55,800,000","59,000,000","58,600,000","62,300,000","62,100,000","56,600,000","46,700,000","38,900,000","42,600,000","43,100,000","38,400,000","19,500,000","18,500,000","16,200,000","17,200,000","18,300,000","18,700,000","17,300,000","18,200,000","16,700,000","18,000,000","17,800,000","18,300,000","17,700,000","16,500,000","16,900,000","18,800,000","19,000,000","20,100,000","17,900,000","17,900,000","11,100,000","9,900,000","9,400,000","9,200,000","8,700,000","7,800,000","7,600,000","7,400,000","6,600,000","6,100,000","6,000,000","5,700,000",,,,,,,,,
NetIncomeFromContinuingOperationNetMinorityInterest,"615,487,000","271,872,000","226,606,000","89,143,000","27,866,000","-6,042,000","-78,525,000","-191,467,000","-49,324,000","-25,299,000","-8,551,000","106,769,000","62,840,000","72,741,000","86,094,000","123,192,000","43,306,000","59,985,000","81,271,000","68,351,000","37,160,000","51,668,000","33,449,000","-51,421,000","-175,887,000","-206,702,000","-632,368,000","-1,999,476,000","-168,103,000","-113,195,000","-240,136,000","-97,218,000","-96,860,000","-124,139,000","-372,794,000","-207,767,000","-80,351,000","-70,049,000","-295,423,000","45,751,000","-435,489,000","1,206,000","59,555,000","19,056,000","11,079,000","55,601,000","47,819,000","46,678,000","66,156,000","-1,796,000","1,531,000","25,185,000","-15,126,000","30,579,000","62,338,000","97,848,000","112,997,000","81,147,000","81,373,000","27,280,000","37,552,000","28,724,000","79,600,000","50,927,000","69,717,000","60,687,000","9,148,000","18,926,000","3,474,000","6,575,000","21,841,000","10,775,000","11,108,000","69,983,000","23,933,000","11,049,000","-1,457,000","-13,185,000","1,073,000","1,640,000","2,080,000","-7,354,000","8,410,000","-8,140,000","849,000","6,090,000","9,614,000","-5,198,000","-2,125,000","-15,027,000","-348,400,000","-1,800,000","2,500,000","-2,400,000","100,000","500,000","15,000,000","15,800,000","21,100,000","-13,000,000","11,700,000","12,300,000","9,400,000","2,500,000","3,100,000","1,500,000","11,600,000","9,200,000","11,600,000","9,000,000","13,600,000","10,200,000","11,500,000","-3,100,000","-1,600,000","43,700,000","1,700,000","1,500,000","12,400,000","8,000,000","8,100,000","7,300,000","11,500,000","9,400,000","10,300,000","7,400,000","5,200,000","6,500,000","7,800,000","6,800,000","8,300,000","4,800,000","4,800,000",,,,,,,,,
TotalUnusualItemsExcludingGoodwill,"-40,944,000","-19,639,000","7,098,000","-19,641,000","-8,762,000","-528,000","-46,829,000","-165,755,000","8,579,000","2,455,000","-10,305,000","37,470,000","4,080,000","13,068,000","12,964,000","-10,978,000","-16,363,000","3,113,000","-4,260,000","20,017,000","-915,000","-5,712,000","-1,155,000","-21,438,000","-66,130,000","-92,818,000","-471,851,000","-2,273,529,000","-24,373,000","-1,220,000","-19,666,000","-1,327,000","1,480,000","-914,000","-281,602,000","-210,150,000","-11,474,000","-1,308,000","-706,876,000","-5,840,000","-628,541,000","17,630,000","48,174,000","-6,402,000","-49,740,000",,"0","-6,776,000","0","-5,877,000","-6,560,000","-791,000","-3,025,000","-3,350,000","-67,602,000","-19,915,000","57,291,000","30,226,000","3,016,000","3,797,000","17,131,000","4,549,000","2,345,000","10,350,000","4,815,000","4,843,000","61,052,000","15,947,000","-1,721,000","28,903,000","20,370,000","14,415,000","12,966,000","103,034,000","87,800,000","8,375,000","-3,950,000","-4,549,000",,,,,"11,878,000","4,066,000","4,247,000","6,059,000","3,993,000","3,452,000","1,761,000","3,631,000","-361,000,000","4,000,000","100,000","4,400,000","2,100,000","2,800,000","2,500,000","100,000","-27,200,000","300,000","300,000","100,000","200,000",,"200,000",,"0",,,,"100,000","200,000","100,000",,"300,000","300,000","100,000","300,000","500,000","300,000","300,000","100,000","300,000","300,000","200,000","100,000","0",,"100,000","200,000","300,000","600,000","700,000",,,,,,,,,
TotalUnusualItems,"-40,944,000","-19,639,000","7,098,000","-19,641,000","-8,762,000","-528,000","-46,829,000","-165,755,000","8,579,000","2,455,000","-10,305,000","37,470,000","4,080,000","13,068,000","12,964,000","-10,978,000","-16,363,000","3,113,000","-4,260,000","20,017,000","-915,000","-5,712,000","-1,155,000","-21,438,000","-66,130,000","-92,818,000","-471,851,000","-2,273,529,000","-24,373,000","-1,220,000","-19,666,000","-1,327,000","1,480,000","-914,000","-281,602,000","-210,150,000","-11,474,000","-1,308,000","-706,876,000","-5,840,000","-628,541,000","17,630,000","48,174,000","-6,402,000","-49,740,000",,"0","-6,776,000","0","-5,877,000","-6,560,000","-791,000","-3,025,000","-3,350,000","-67,602,000","-19,915,000","57,291,000","30,226,000","3,016,000","3,797,000","17,131,000","4,549,000","2,345,000","10,350,000","4,815,000","4,843,000","61,052,000","15,947,000","-1,721,000","28,903,000","20,370,000","14,415,000","12,966,000","103,034,000","87,800,000","8,375,000","-3,950,000","-4,549,000",,,,,"11,878,000","4,066,000","4,247,000","6,059,000","3,993,000","3,452,000","1,761,000","3,631,000","-361,000,000","4,000,000","100,000","4,400,000","2,100,000","2,800,000","2,500,000","100,000","-27,200,000","300,000","300,000","100,000","200,000",,"200,000",,"0",,,,"100,000","200,000","100,000",,"300,000","300,000","100,000","300,000","500,000","300,000","300,000","100,000","300,000","300,000","200,000","100,000","0",,"100,000","200,000","300,000","600,000","700,000",,,,,,,,,
NormalizedEBITDA,"812,013,000","331,223,000","266,719,000","144,613,000","69,459,000","24,789,000","482,000","10,286,000","-23,007,000","5,151,000","34,979,000","104,097,000","89,750,000","89,448,000","102,162,000","125,909,000","91,902,000","91,426,000","84,193,000","84,577,000","75,098,000","99,566,000","79,605,000","82,334,000","-6,270,000","-6,845,000","-10,037,000","133,912,000","49,145,000","88,755,000","122,998,000","73,131,000","67,215,000","34,058,000","-1,302,000","87,289,000","95,211,000","90,583,000","547,351,000","270,097,000","159,902,000","177,438,000","301,733,000","220,826,000","210,819,000","201,381,000","165,840,000","244,326,000","200,095,000","137,687,000","154,761,000","120,996,000","79,228,000","121,431,000","242,362,000","179,851,000","183,612,000","159,266,000","139,888,000","104,655,000","94,709,000","103,934,000","115,315,000","125,492,000","146,746,000","135,115,000","-13,404,000","76,072,000","75,356,000","47,952,000","164,913,000","55,412,000","47,984,000","39,980,000","-59,478,000","37,196,000","52,903,000","37,795,000","52,095,000","54,344,000","56,170,000","41,421,000","53,358,000","43,167,000","52,811,000","64,374,000","75,509,000","59,080,000","67,828,000","47,405,000","403,500,000","63,700,000","79,600,000","67,900,000","72,400,000","75,000,000","69,200,000","61,200,000","126,700,000","22,300,000","54,400,000","38,100,000","30,000,000","22,500,000","24,600,000","24,500,000","37,200,000","33,000,000","36,400,000","31,800,000","37,200,000","32,900,000","35,700,000","20,200,000","15,800,000","9,600,000","25,700,000","24,300,000","36,700,000","32,500,000","32,100,000","22,400,000","25,400,000","23,000,000","24,300,000","20,100,000","17,300,000","17,100,000","19,900,000","15,800,000","16,900,000","11,900,000","10,500,000","76,600,000","-154,600,000","63,100,000","64,400,000","66,300,000","-138,200,000","58,900,000","52,500,000","50,000,000"
TaxRateForCalcs,"0.003","0.002","0.003","0.27","0.067","0.27","0.27","0.27","0.27","0.066","0.03","0.003","0.001","0.001","0.27","0.27","0.27","0.27","0.4","0.4","0.009","0.016","0.033","0.06","0.001","0.005","0.034","0.147","0.024","0.029","0.35","0.261","0.265","0.26","0.219","0.37","0.381","0.35","0.21","0.259","0.365","0.35","0.35","0.35","0.016","0.183","0.091","0.145","0.079","0.305","0.35","0.35","0.35","0.35","0.201","0.35","0.25","0.158","0.35","0.158","0.35","0.139","0.4","0.192","0.157","0.228","0.4","0.4","0.4","0.096","0.4","0.4","0.4","0.231","0.4","0.4","0.4","0.246","0.4","0.4","0.4","0.4","0.4","0.249","0.4","0.4","0.244","0.246","0.248","0.238","0.12","0.4","0.4","0.4","0.4","0.4","0.128","0.151","0.146","0.4","0.12","0.169","0.4","0.4","0.4","0.4","0.134","0.124","0.108","0.1","0.035","0.4","0.025","0.4","0.4","0.4","0.4","0.4","0.4","0.14","0.069","0.141","0.154","0.183","0.208","0.196","0.224","0.071","0.196","0.105","0.224","0.25","0.077",,,,,,,,,
TaxEffectOfUnusualItems,"-129,376.138","-32,812.556","17,902.861","-5,303,070","-588,396.224","-142,560","-12,643,830","-44,753,850","2,316,330","162,307.309","-304,085.802","121,383.267","5,899.795","12,563.486","3,500,280","-2,964,060","-4,418,010","840,510","-1,704,000","8,006,800","-7,787.961","-91,378.076","-38,583.442","-1,281,787.863","-91,986.976","-496,219.187","-15,897,182.905","-333,620,693.525","-576,291.908","-35,535.504","-6,883,100","-346,455.445","391,759.749","-237,618.206","-61,776,269.957","-77,711,771.87","-4,372,209.245","-457,800","-148,180,765.815","-1,510,228.978","-229,393,548.64","6,170,500","16,860,900","-2,240,700","-798,725.719","0","0","-981,901.752","0","-1,789,656.189","-2,296,000","-276,850","-1,058,750","-1,172,500","-13,610,821.237","-6,970,250","14,332,539.467","4,779,111.706","1,055,600","598,045.09","5,995,850","633,812.249","938,000","1,987,005.569","756,736.826","1,103,104.839","24,420,800","6,378,800","-688,400","2,781,044.674","8,148,000","5,766,000","5,186,400","23,781,519.625","35,120,000","3,350,000","-1,580,000","-1,118,713.183","0","0","0","0","4,751,200","1,012,749.077","1,698,800","2,423,600","973,596.036","850,739.345","436,353.982","865,093.527","-43,152,135.456","1,600,000","40,000","1,760,000","840,000","1,120,000","319,767.442","15,053.763","-3,964,372.47","120,000","36,090.226","16,891.892","80,000","0","80,000","0","0","0","0","0","3,546.099","80,000","2,542.373","0","120,000","120,000","40,000","120,000","200,000","41,935.484","20,689.655","14,117.647","46,323.529","54,782.609","41,538.462","19,565.217","0","0","19,587.629","21,052.632","67,289.72","150,000","53,846.154",,,,,,,,,