name,ttm,03/31/2022,12/31/2021,09/30/2021,06/30/2021,03/31/2021,12/31/2020,09/30/2020,06/30/2020,03/31/2020,12/31/2019,09/30/2019,06/30/2019,03/31/2019,12/31/2018,09/30/2018,06/30/2018,03/31/2018,12/31/2017,09/30/2017,06/30/2017,03/31/2017,12/31/2016,09/30/2016,06/30/2016,03/31/2016,12/31/2015,09/30/2015,06/30/2015,03/31/2015,12/31/2014,09/30/2014,06/30/2014,03/31/2014,12/31/2013,09/30/2013,06/30/2013,03/31/2013,12/31/2012,09/30/2012,06/30/2012,03/31/2012,12/31/2011,09/30/2011,06/30/2011,03/31/2011,12/31/2010,09/30/2010,06/30/2010,03/31/2010,12/31/2009,09/30/2009,06/30/2009,03/31/2009,12/31/2008,09/30/2008,06/30/2008,03/31/2008,12/31/2007,09/30/2007,06/30/2007,03/31/2007,12/31/2006,09/30/2006,06/30/2006,03/31/2006,12/31/2005,09/30/2005,06/30/2005,03/31/2005,12/31/2004,09/30/2004,06/30/2004,03/31/2004,12/31/2003,09/30/2003,06/30/2003,03/31/2003,12/31/2002,09/30/2002,06/30/2002,03/31/2002,12/31/2001,09/30/2001,06/30/2001,03/31/2001,12/31/2000,09/30/2000,06/30/2000,03/31/2000,12/31/1999,09/30/1999,06/30/1999,03/31/1999,12/31/1998,09/30/1998,06/30/1998,03/31/1998,12/31/1997,09/30/1997,06/30/1997,03/31/1997,12/31/1996,09/30/1996,06/30/1996,03/31/1996,12/31/1995,09/30/1995,06/30/1995,03/31/1995,12/31/1994,09/30/1994,06/30/1994,03/31/1994,12/31/1993,09/30/1993,06/30/1993,03/31/1993,12/31/1992,09/30/1992,06/30/1992,03/31/1992,12/31/1991,09/30/1991,06/30/1991,03/31/1991,12/31/1990,09/30/1990,06/30/1990,03/31/1990,12/31/1989,09/30/1989,06/30/1989,03/31/1989,12/31/1988,09/30/1988
TotalRevenue,"1,454,836,000","365,623,000","371,198,000","348,327,000","280,374,000","280,654,000","283,111,000","268,241,000","259,729,000","271,487,000","266,172,000","254,613,000","330,294,000","308,609,000","316,594,000","284,190,000","226,496,000","342,193,000","337,244,000","421,025,000","451,469,000","452,089,000","456,350,000","449,892,000","471,701,000","474,221,000","456,203,000","441,413,000","473,189,000","489,830,000","484,880,000","462,044,000","485,073,000","496,117,000","491,269,000","450,913,000","467,643,000","508,752,000","505,244,000","482,736,000","505,887,000","540,807,000","524,049,000","519,038,000","546,750,000","562,730,000","551,463,000","521,428,000","506,674,000","504,385,000","473,012,000","431,110,000","396,239,000","391,882,000","369,615,000","303,717,000","276,805,000","290,973,000","273,737,000","250,318,000","227,503,000","247,781,000","237,536,000","220,653,000","216,443,000","220,206,000","209,869,000","196,780,000","196,456,000","201,930,000","194,522,000","188,396,000","200,043,000","196,800,000","198,806,000","189,236,000","174,395,000","169,367,000","172,548,000","163,269,000","161,460,000","164,814,000","166,675,000","154,632,000","134,001,000","148,967,000","150,045,000","135,164,000","124,556,000","129,854,000","133,200,000","118,300,000","108,200,000","110,000,000","107,500,000","93,600,000","89,400,000","92,500,000","90,000,000","80,100,000","76,300,000","80,900,000","81,000,000","69,000,000","64,500,000","68,200,000","66,600,000","59,500,000","57,200,000","59,400,000","59,000,000","51,700,000","51,500,000","55,100,000","55,000,000","49,800,000","48,500,000","50,000,000","49,100,000","44,200,000","43,500,000","47,300,000","46,900,000","41,500,000","40,700,000","40,500,000","41,700,000","40,200,000","36,200,000","39,700,000","41,500,000","39,300,000","35,400,000","39,000,000","40,800,000","38,500,000"
	OperatingRevenue,"1,454,836,000","365,623,000","371,198,000","348,327,000","280,374,000","280,654,000","283,111,000","268,241,000","259,729,000","271,487,000","266,172,000","254,613,000","330,294,000","308,609,000","316,594,000","284,190,000","226,496,000","342,193,000","337,244,000","421,025,000","451,469,000","452,089,000","456,350,000","449,892,000","471,701,000","474,221,000","456,203,000","441,413,000","473,189,000","489,830,000","484,880,000","462,044,000","485,073,000","496,117,000","491,269,000","450,913,000","467,643,000","508,752,000","505,244,000","482,736,000","505,887,000","540,807,000","524,049,000","519,038,000","546,750,000","562,730,000","551,463,000","521,428,000","506,674,000","504,385,000","473,012,000","431,110,000","396,239,000","391,882,000","369,615,000","303,717,000","276,805,000","290,973,000","273,737,000","250,318,000","232,829,000","245,825,000","235,604,000","219,215,000","214,651,000","219,070,000","209,430,000","196,361,000","196,107,000","201,781,000","194,438,000","188,396,000","200,025,000","196,750,000","198,765,000","189,179,000","174,265,000","169,256,000","172,431,000","163,184,000","161,871,000","164,729,000","166,541,000","154,440,000","132,831,000","148,967,000","150,045,000","135,164,000","124,556,000","129,854,000","133,200,000","118,300,000","108,200,000","110,000,000","107,500,000","93,600,000","89,400,000","92,500,000","90,000,000","80,100,000","76,300,000","80,900,000","81,000,000","69,000,000","64,500,000","68,200,000","66,600,000","59,500,000","57,200,000","59,400,000","59,000,000","51,700,000","51,500,000","55,100,000","55,000,000","49,800,000","48,500,000","50,000,000","49,100,000","44,200,000","43,500,000","47,300,000","46,900,000","41,500,000","40,700,000","40,500,000","41,700,000","40,200,000","36,200,000","39,700,000","41,500,000","39,300,000","35,400,000","39,000,000","40,800,000","38,500,000"
CostOfRevenue,"646,233,000","166,027,000","180,420,000","163,110,000","125,635,000","123,077,000","126,823,000","113,698,000","116,050,000","118,712,000","127,258,000","128,034,000","160,316,000","156,339,000","158,232,000","148,653,000","90,957,000","179,736,000","178,970,000","248,116,000","232,490,000","239,244,000","239,787,000","250,673,000","247,813,000","252,867,000","241,021,000","245,077,000","249,729,000","253,186,000","250,809,000","246,331,000","256,073,000","242,631,000","242,997,000","241,737,000","235,257,000","241,020,000","243,401,000","242,545,000","251,987,000","244,195,000","241,212,000","238,248,000","234,592,000","232,914,000","229,917,000","228,081,000","215,341,000","214,300,000","199,965,000","196,483,000","184,752,000","178,201,000","167,107,000","139,613,000","127,372,000","130,846,000","123,887,000","121,028,000","120,022,000","125,815,000","120,580,000","120,304,000","114,406,000","115,483,000","111,017,000","111,709,000","109,019,000","110,605,000","108,236,000","109,485,000","105,909,000","105,114,000","104,635,000","104,450,000","92,112,000","88,312,000","93,480,000","92,171,000","86,897,000","87,827,000","90,135,000","83,127,000","87,058,000","72,724,000","73,479,000","71,271,000","62,575,000","66,044,000","66,300,000","65,700,000","52,200,000","59,200,000","54,200,000","52,800,000","44,600,000","47,300,000","46,600,000","45,800,000","38,300,000","43,800,000","44,200,000","40,500,000","34,800,000","39,300,000","38,800,000","34,700,000","31,200,000","34,800,000","33,500,000","31,200,000","27,600,000","32,500,000","31,300,000","29,300,000","26,500,000","29,100,000","28,700,000","26,800,000","22,900,000","29,300,000","26,200,000","23,800,000",,,,,,,,,,,,
GrossProfit,"808,603,000","199,596,000","190,778,000","185,217,000","154,739,000","157,577,000","156,288,000","154,543,000","143,679,000","152,775,000","138,914,000","126,579,000","169,978,000","152,270,000","158,362,000","135,537,000","135,539,000","162,457,000","158,274,000","172,909,000","218,979,000","212,845,000","216,563,000","199,219,000","223,888,000","221,354,000","215,182,000","196,336,000","223,460,000","236,644,000","234,071,000","215,713,000","229,000,000","253,486,000","248,272,000","209,176,000","232,386,000","267,732,000","261,843,000","240,191,000","253,900,000","296,612,000","282,837,000","280,790,000","312,158,000","329,816,000","321,546,000","293,347,000","291,333,000","290,085,000","273,047,000","234,627,000","211,487,000","213,681,000","202,508,000","164,104,000","149,433,000","160,127,000","149,850,000","129,290,000","107,481,000","121,966,000","116,956,000","100,349,000","102,037,000","104,723,000","98,852,000","85,071,000","87,437,000","91,325,000","86,286,000","78,911,000","94,134,000","91,686,000","94,171,000","84,786,000","82,283,000","81,055,000","79,068,000","71,098,000","74,563,000","76,987,000","76,540,000","71,505,000","46,943,000","76,243,000","76,566,000","63,893,000","61,981,000","63,810,000","66,900,000","52,600,000","56,000,000","50,800,000","53,300,000","40,800,000","44,800,000","45,200,000","43,400,000","34,300,000","38,000,000","37,100,000","36,800,000","28,500,000","29,700,000","28,900,000","27,800,000","24,800,000","26,000,000","24,600,000","25,500,000","20,500,000","23,900,000","22,600,000","23,700,000","20,500,000","22,000,000","20,900,000","20,400,000","17,400,000","20,600,000","18,000,000","20,700,000","17,700,000",,,,,,,,,,,,
OperatingExpense,"635,688,000","149,890,000","153,597,000","159,479,000","107,868,000","108,500,000","103,721,000","100,178,000","103,669,000","96,434,000","96,648,000","99,087,000","99,863,000","102,062,000","99,989,000","98,497,000","63,474,000","108,046,000","100,336,000","150,480,000","153,655,000","157,781,000","145,651,000","161,065,000","169,387,000","161,483,000","159,163,000","164,016,000","175,407,000","180,212,000","174,913,000","177,753,000","169,716,000","183,949,000","185,046,000","189,158,000","183,429,000","192,100,000","186,454,000","194,401,000","212,275,000","201,158,000","194,042,000","200,925,000","202,578,000","192,589,000","185,993,000","181,532,000","190,765,000","168,065,000","164,118,000","155,242,000","157,793,000","141,894,000","139,968,000","117,292,000","118,484,000","109,576,000","102,917,000","95,388,000","68,894,000","90,283,000","93,238,000","85,798,000","84,234,000","80,999,000","81,887,000","75,890,000","76,422,000","73,472,000","76,663,000","73,608,000","70,437,000","67,045,000","70,156,000","67,949,000","61,325,000","56,714,000","55,271,000","52,457,000","48,206,000","46,536,000","45,854,000","48,116,000","21,896,000","49,893,000","51,288,000","44,253,000","43,302,000","42,043,000","45,500,000","35,800,000","40,300,000","33,800,000","36,700,000","28,100,000","32,600,000","31,500,000","29,900,000","23,900,000","28,000,000","26,000,000","25,100,000","19,700,000","21,700,000","20,300,000","18,900,000","17,700,000","19,100,000","17,300,000","17,600,000","15,000,000","18,000,000","16,000,000","16,100,000","15,000,000","16,500,000","15,200,000","13,800,000","12,900,000","15,400,000","14,600,000","14,200,000","13,300,000",,,,,,,,,,,,
	SellingGeneralAndAdministration,"635,688,000","149,890,000","153,597,000","159,479,000","107,868,000","108,500,000","103,721,000","100,178,000","103,669,000","96,434,000","96,648,000","99,087,000","99,863,000","102,062,000","99,989,000","98,497,000","63,474,000","108,046,000","100,336,000","150,480,000","153,655,000","157,781,000","145,651,000","161,065,000","169,387,000","161,483,000","159,163,000","164,016,000","175,407,000","180,212,000","174,913,000","177,753,000","169,716,000","183,949,000","185,046,000","189,158,000","183,429,000","192,100,000","186,454,000","194,401,000","212,275,000","201,158,000","194,042,000","200,925,000","202,578,000","192,589,000","185,993,000","181,532,000","190,765,000","168,065,000","164,118,000","155,242,000","152,893,000","137,917,000","139,968,000","117,292,000","118,484,000","109,576,000","102,917,000","91,645,000","89,706,000","90,283,000","93,238,000","85,798,000","84,234,000","80,999,000","81,887,000","75,890,000","76,422,000","73,472,000","76,663,000","73,608,000","70,437,000","67,045,000","70,156,000","67,949,000","61,325,000","56,714,000","55,271,000","52,457,000","48,206,000","46,536,000","45,854,000","48,116,000","45,437,000","41,325,000","43,353,000","37,215,000","36,312,000","35,518,000","39,300,000","30,300,000","35,200,000","29,100,000","32,500,000","24,300,000","28,400,000","27,500,000","27,000,000","21,000,000","24,800,000","22,800,000","22,500,000","17,400,000","19,400,000","18,200,000","17,300,000","16,100,000","17,000,000","15,900,000","16,400,000","13,700,000","15,900,000","14,300,000","14,500,000","13,400,000","14,700,000","13,500,000","12,300,000","11,300,000","13,900,000","12,800,000","12,400,000","11,400,000",,,,,,,,,,,,
		GeneralAndAdministrativeExpense,,,,,,,,,,,,,,,"99,989,000",,,,,,,,,,,,,,,,,,,,,,,,,,,,,,,,,,,,,,,,,,,,,,,,,,,,,,,,,,,,,,,,,,,,,,,,,,,,,,,,,,,,,,,,,,,,,,,,,,,,,,,,,,,,,,,,,,,,,,,,,
			OtherGandA,,,,,,,,,,,,,,,"99,989,000",,,,,,,,,,,,,,,,,,,,,,,,,,,,,,,,,,,,,,,,,,,,,,,,,,,,,,,,,,,,,,,,,,,,,,,,,,,,,,,,,,,,,,,,,,,,,,,,,,,,,,,,,,,,,,,,,,,,,,,,,
	DepreciationAmortizationDepletionIncomeStatement,,,,,,,,,,,,,,,,,,,,,,,,,,,,,,,,,,,,,,,,,,,,,,,,,,,,,,,,,,,,,,,,,,,,,,,,,,,,,,,,,,,,,,"8,568,000","7,935,000","7,038,000","6,990,000","6,525,000","6,200,000","5,500,000","5,100,000","4,700,000","4,200,000","3,800,000","4,200,000","4,000,000","2,900,000","2,900,000","3,200,000","3,200,000","2,600,000","2,300,000","2,300,000","2,100,000","1,600,000","1,600,000","2,100,000","1,400,000","1,200,000","1,300,000","2,100,000","1,700,000","1,600,000","1,600,000","1,800,000","1,700,000","1,500,000","1,600,000","1,500,000","1,800,000","1,800,000","1,900,000",,,,,,,,,,,,
		DepreciationAndAmortizationInIncomeStatement,,,,,,,,,,,,,,,,,,,,,,,,,,,,,,,,,,,,,,,,,,,,,,,,,,,,,,,,,,,,,,,,,,,,,,,,,,,,,,,,,,,,,,"8,568,000","7,935,000","7,038,000","6,990,000","6,525,000","6,200,000","5,500,000","5,100,000","4,700,000","4,200,000","3,800,000","4,200,000","4,000,000","2,900,000","2,900,000","3,200,000","3,200,000","2,600,000","2,300,000","2,300,000","2,100,000","1,600,000","1,600,000","2,100,000","1,400,000","1,200,000","1,300,000","2,100,000","1,700,000","1,600,000","1,600,000","1,800,000","1,700,000","1,500,000","1,600,000","1,500,000","1,800,000","1,800,000","1,900,000",,,,,,,,,,,,
	OtherOperatingExpenses,,,,,,,,,,,,,,,,,,,,,,,,,,,,,,,,,,,,,,,,,,,,,,,,,,,,,"4,900,000","3,977,000",,,"0",,,"3,743,000",,,,,,,,,,,,,,,,,,,,,,,,,,,,,,,,,,,,,,,,,,,,,,,,,,,,,,,,,,,,,,,,,,,,,,,,,,,,
OperatingIncome,"172,915,000","49,706,000","37,181,000","25,738,000","46,871,000","49,077,000","52,567,000","54,365,000","40,010,000","56,341,000","42,266,000","27,492,000","70,115,000","50,208,000","58,373,000","37,040,000","72,065,000","54,411,000","57,938,000","22,429,000","65,324,000","55,064,000","70,912,000","38,154,000","54,501,000","59,871,000","56,019,000","32,320,000","48,053,000","56,432,000","59,158,000","37,960,000","59,284,000","69,537,000","63,226,000","20,018,000","48,957,000","75,632,000","75,389,000","45,790,000","41,625,000","95,454,000","88,795,000","79,865,000","109,580,000","137,227,000","135,553,000","111,815,000","100,568,000","122,020,000","108,929,000","79,385,000","53,694,000","71,787,000","62,540,000","46,812,000","30,949,000","50,551,000","46,933,000","33,902,000","38,587,000","31,683,000","23,718,000","14,551,000","17,803,000","23,724,000","16,965,000","9,181,000","11,015,000","17,853,000","9,623,000","5,303,000","23,697,000","24,641,000","24,015,000","16,837,000","20,958,000","24,341,000","23,797,000","18,641,000","26,357,000","30,451,000","30,686,000","23,389,000","25,047,000","26,350,000","25,278,000","19,640,000","18,679,000","21,767,000","21,400,000","16,800,000","15,700,000","17,000,000","16,600,000","12,700,000","12,200,000","13,700,000","13,500,000","10,400,000","10,000,000","11,100,000","11,700,000","8,800,000","8,000,000","8,600,000","8,900,000","7,100,000","6,900,000","7,300,000","7,900,000","5,500,000","5,900,000","6,600,000","7,600,000","5,500,000","5,500,000","5,700,000","6,600,000","4,500,000","5,200,000","3,400,000","6,500,000","4,400,000","-112,300,000","40,500,000","41,700,000","40,200,000","-111,000,000","39,700,000","41,500,000","39,300,000","-122,400,000","39,000,000","40,800,000","38,500,000"
NetNonOperatingInterestIncomeExpense,"-127,019,000","-35,540,000","-25,068,000","-41,990,000","-24,421,000","-7,645,000","-2,517,000","-2,688,000","-2,912,000","-4,409,000","-3,851,000","-4,650,000","-4,749,000","-3,266,000","-3,383,000","-4,257,000","-6,358,000","-1,521,000","-1,116,000","202,000","-1,550,000","-305,000","-1,307,000","-1,057,000","32,000","-1,381,000","-1,607,000","-2,199,000","-1,707,000","-1,495,000","-52,000","4,000","-274,000","-468,000","-742,000","-417,000","-159,000","-341,000","-529,000","-930,000","-661,000","-540,000","-255,000","-338,000","-141,000","87,000","142,000","169,000","198,000","140,000","79,000","78,000","-139,000","292,000",,,,,,,,,,,,,,,,,,,,,,,,,,,,,,,,,,,,,,,,,,,,,,,,,,,,,,,,,,,,,,,,,,,,,,,,,,,,,,,,,,
	InterestIncomeNonOperating,"3,745,000","1,045,000","861,000","878,000","961,000","910,000","1,219,000","1,004,000","1,013,000","782,000","1,215,000","678,000","1,855,000","2,003,000","2,173,000","1,945,000","1,015,000","1,329,000","1,365,000","2,118,000","1,184,000","1,690,000","993,000","1,058,000","385,000","27,000","240,000","127,000","48,000","1,318,000","300,000","397,000","233,000","605,000","310,000","583,000","446,000","415,000","230,000","561,000","298,000","110,000","226,000","184,000","300,000","435,000","381,000","423,000","530,000","476,000","574,000","500,000","623,000","776,000",,,,,,,,,,,,,,,,,,,,,,,,,,,,,,,,,,,,,,,,,,,,,,,,,,,,,,,,,,,,,,,,,,,,,,,,,,,,,,,,,,
	InterestExpenseNonOperating,"101,964,000","24,114,000","22,405,000","23,800,000","25,382,000","8,555,000","3,736,000","3,692,000","3,925,000","5,191,000","5,066,000","5,328,000","6,604,000","5,269,000","5,556,000","6,202,000","7,373,000","2,850,000","2,481,000","1,916,000","2,734,000","1,995,000","2,300,000","2,115,000","353,000","1,408,000","1,847,000","2,326,000","1,755,000","2,813,000","352,000","393,000","507,000","1,073,000","1,052,000","1,000,000","605,000","756,000","759,000","1,491,000","959,000","650,000","481,000","522,000","441,000","348,000","239,000","254,000","332,000","336,000","495,000","422,000","762,000","484,000",,,,,,,,,,,,,,,,,,,,,,,,,,,,,,,,,,,,,,,,,,,,,,,,,,,,,,,,,,,,,,,,,,,,,,,,,,,,,,,,,,
	TotalOtherFinanceCost,,"12,471,000","3,524,000","19,068,000",,,,,,,,,,,,,,,,,,,,,,,,,,,,,,,,,,,,,,,,,,,,,,,,,,,,,,,,,,,,,,,,,,,,,,,,,,,,,,,,,,,,,,,,,,,,,,,,,,,,,,,,,,,,,,,,,,,,,,,,,,,,,,,,,,,,
OtherIncomeExpense,"-70,362,000","-16,442,000","-12,447,000","-34,994,000","-5,995,000","-4,384,000","-11,239,000","-17,141,000","9,726,000","108,436,000","-29,542,000","-1,728,000","2,031,000","-3,187,000","10,804,000","-39,548,000","495,000","-621,000","-2,554,000","-7,993,000","-11,957,000","-7,771,000","-66,066,000","-5,047,000","-79,359,000","976,000","-112,396,000","-24,073,000","-14,206,000","-6,982,000","-10,188,000","-13,317,000","-16,386,000",,"-4,664,000","-9,747,000","-67,327,000","-2,029,000","-9,484,000",,"-26,463,000",,"-71,344,000",,,,,,"0","81,000","313,000","831,000","791,000","970,000","-1,718,000",,"0",,,"-3,743,000","-5,155,000","-140,000",,"19,855,000",,,,,,,,,,,,,,,,,,,,,,,,,,,,,,"200,000","300,000","200,000","400,000","400,000","300,000","300,000","400,000","200,000","200,000","200,000","300,000","200,000","300,000","300,000","400,000","300,000","300,000","200,000",,,,,,"100,000","100,000","100,000",,"200,000",,,,,,,,,,,,,,
	GainOnSaleOfSecurity,"-3,889,000",,,"-4,525,000","636,000","479,000","1,005,000","518,000","28,015,000","110,290,000","-27,587,000","23,000","254,000","715,000","-1,122,000",,,,,,,,,,,,,,,,,,,,,,,,,,,,,,,,,,,,,,"791,000","970,000",,,,,,,,,,,,,,,,,,,,,,,,,,,,,,,,,,,,,,,,,,,,,,,,,,,,,,,,,,,,,,,,,,,,,,,,,,,,,,,,,,
	SpecialIncomeCharges,"-66,473,000","-16,442,000","-12,447,000","-30,469,000","-6,631,000","-4,863,000","-12,244,000","-17,659,000","-18,289,000","-1,854,000","-1,955,000","-1,751,000","1,777,000","-3,902,000","11,926,000","-39,548,000","495,000","-621,000","-2,554,000","-7,993,000","-11,957,000","-7,771,000","-66,066,000","-5,047,000","-79,359,000","976,000","-112,396,000","-24,073,000","-14,206,000","-6,982,000","-10,188,000","-13,317,000","-16,386,000","0","-4,664,000","-9,747,000","-67,327,000","-2,029,000","-9,484,000",,"-26,463,000","0","-71,344,000",,,"0","0","0","0","81,000","313,000","831,000",,,"-1,718,000",,"0",,,"-3,743,000","-5,155,000","-140,000",,"19,855,000",,,,,,,,,,,,,,,,,,,,,,,,,,,,,,"200,000","300,000","200,000","400,000","400,000","300,000","300,000","400,000","200,000","200,000","200,000","300,000","200,000","300,000","300,000","400,000","300,000","300,000","200,000",,,,,,"100,000","100,000","100,000",,"200,000",,,,,,,,,,,,,,
		RestructuringAndMergernAcquisition,"66,473,000","16,442,000","12,447,000","30,469,000","6,631,000","4,863,000","12,244,000","17,659,000","18,289,000","1,854,000","1,955,000","6,530,000","8,830,000","3,902,000","3,645,000","39,548,000","-495,000","621,000","2,554,000","7,993,000","11,957,000","7,771,000","5,050,000","5,047,000","34,355,000","2,873,000","12,923,000","24,073,000","12,426,000","6,982,000","10,188,000","13,317,000","16,386,000","0","4,664,000","11,665,000","14,716,000","2,029,000","9,484,000",,"7,102,000",,,,,,,,,,,,,,,,,,,,"5,155,000","1,097,000",,,,,,,,,,,,,,,,,,,,,,,,,,,,,,,,,,,,,,,,,,,,,,,,,,,,,,,,,,,,,,,,,,,,,,,,,,
		ImpairmentOfCapitalAssets,,,,,,,,,,,,,,,,,,,,"0","0","0","0",,"48,187,000","0","99,473,000",,"1,780,000",,,,"0",,,,"56,992,000","0","0",,"19,361,000","0","75,039,000",,,,,,,,,,,,,,,,,,,,,,,,,,,,,,,,,,,,,,,,,,,,,,,,,,,,,,,,,,,,,,,,,,,,,,,,,,,,,,,,,,,,,,,,,,,,,
		OtherSpecialCharges,,,,,,,,,,,,,"-10,607,000",,"-15,571,000",,,,,,"0",,"61,016,000",,,,,,,,,,,,,,"-4,381,000",,,,"0",,"-3,695,000",,,,,,,,,,,,,,,,,,"0","-957,000",,,,,,,,,,,,,,,,,,,,,,,,,,,,,,,,,,,,,,,,,,,,,,,,,,,,,,,,,,,,,,,,,,,,,,,,,,
		GainOnSaleOfPPE,,,,,"0","0","0","0","0","0","0","4,779,000",,,,,,,,,"0","0",,,"3,183,000","3,849,000",,,"0","0","0","0","0","0","0","1,918,000","0","0","0",,,,,,,,,,,,,,,,,,,,,,,,,,,,,,,,,,,,,,,,,,,,,,,,,,,,,,,,,,,,,,,,,,,,,,,,,,,,,,,,,,,,,,,,,,,,,,,,,
PretaxIncome,"-24,466,000","-2,276,000","-334,000","-51,246,000","16,455,000","37,048,000","38,811,000","34,536,000","46,824,000","160,368,000","8,873,000","21,114,000","67,397,000","43,755,000","65,794,000","-6,765,000","66,202,000","52,269,000","54,268,000","14,638,000","51,817,000","46,988,000","3,539,000","32,050,000","-24,826,000","59,466,000","-57,984,000","6,048,000","32,140,000","47,955,000","48,918,000","24,647,000","42,624,000","69,069,000","57,820,000","9,854,000","-18,529,000","73,262,000","65,376,000","44,860,000","14,501,000","94,914,000","17,196,000","79,527,000","109,439,000","137,314,000","135,695,000","111,984,000","100,766,000","122,241,000","109,321,000","80,294,000","54,346,000","73,049,000","61,356,000","48,601,000","33,186,000","53,275,000","49,727,000","36,088,000","19,936,000","30,769,000","21,998,000","32,237,000","15,364,000","21,234,000","14,359,000","6,526,000","8,359,000","15,544,000","7,532,000","3,312,000","21,876,000","22,756,000","22,043,000","14,681,000","19,819,000","24,294,000","23,750,000","18,594,000","26,847,000","30,308,000","30,395,000","23,079,000","24,108,000","26,503,000","25,522,000","19,782,000","19,240,000","21,690,000","20,900,000","16,200,000","16,300,000","17,100,000","16,900,000","12,800,000","12,600,000","13,900,000","13,600,000","10,300,000","10,000,000","10,600,000","11,200,000","8,200,000","7,900,000","8,700,000","9,100,000","7,000,000","6,000,000","7,100,000","7,500,000","5,000,000","4,600,000","5,800,000","6,500,000","4,100,000","3,900,000","4,500,000","4,800,000","2,400,000","2,500,000","1,100,000","4,000,000","1,900,000",,,,,,,,,,,,
TaxProvision,"-26,012,000","-8,133,000","-39,368,000","-10,612,000","3,594,000","7,341,000","7,223,000","7,090,000","-24,571,000","6,937,000","7,570,000","3,706,000","15,337,000","7,542,000","13,165,000","-1,887,000","-36,786,000","7,656,000","109,636,000","1,678,000","7,769,000","6,966,000","-11,216,000","6,901,000","-15,225,000","7,536,000","-7,514,000","662,000","1,884,000","6,327,000","6,116,000","4,210,000","4,586,000","12,918,000","8,492,000","1,703,000","-4,065,000","16,102,000","14,152,000","13,038,000","6,016,000","27,610,000","7,916,000","22,215,000","33,751,000","44,405,000","46,823,000","38,623,000","28,864,000","41,321,000","36,731,000","25,723,000","17,275,000","22,163,000","18,491,000","13,771,000","8,620,000","14,957,000","13,914,000","9,253,000","3,989,000","7,845,000","5,601,000","11,317,000","3,553,000","5,552,000","3,531,000","1,794,000","1,918,000","3,597,000","1,676,000","822,000","6,180,000","6,461,000","6,465,000","4,189,000","7,670,000","9,402,000","799,000","7,438,000","10,656,000","11,941,000","11,976,000","9,001,000","10,257,000","10,466,000","9,800,000","7,616,000","7,454,000","8,393,000","8,100,000","6,300,000","6,200,000","6,500,000","6,600,000","5,000,000","5,000,000","5,500,000","5,300,000","4,000,000","4,000,000","4,100,000","4,400,000","3,200,000","3,200,000","3,600,000","3,700,000","3,000,000","2,500,000","3,000,000","3,200,000","2,100,000","1,900,000","2,500,000","2,700,000","1,700,000","1,600,000","1,800,000","1,900,000","900,000","900,000","500,000","-100,000","-100,000",,,,,,,,,,,,
EarningsFromEquityInterestNetOfTax,,,,,,,,,,,,,"0","0","0","0","0","-100,000","6,000","-44,000","-694,000",,,,,,,,,,,,,,,,,,,,,,,,,,,,,,,,,,,,,,,,,,,,,,,,,,,,,,,,,,,,,,,,,,,,,,,,,,,,,,,,,,,,,,,,,,,,,,,,,,,,,,,,,,,,,,,,,,,
NetIncomeCommonStockholders,"318,703,000","349,842,000","17,853,000","-58,004,000","9,012,000","24,652,000","23,315,000","19,930,000","-256,052,000","150,832,000","5,525,000","14,361,000","49,498,000","37,905,000","17,295,000","-9,530,000","62,806,000","39,334,000","-81,156,000","12,785,000","42,859,000","39,859,000","14,413,000","25,152,000","-9,969,000","51,925,000","-50,587,000","5,465,000","29,926,000","47,120,000","42,413,000","20,440,000","37,484,000","55,525,000","48,155,000","-7,132,000","-32,310,000","56,821,000","50,286,000","31,989,000","8,085,000","67,131,000","8,865,000","57,484,000","75,196,000","92,900,000","88,706,000","73,601,000","71,576,000","81,152,000","72,454,000","54,727,000","37,032,000","50,886,000","42,865,000","34,830,000","24,566,000","38,318,000","35,813,000","26,835,000","15,947,000","22,924,000","16,397,000","20,920,000","11,811,000","15,682,000","10,828,000","4,732,000","6,441,000","11,947,000","5,856,000","4,300,000","15,696,000","16,295,000","15,578,000","10,492,000","12,149,000","14,892,000","22,951,000","11,156,000","16,191,000","18,367,000","18,419,000","14,078,000","13,851,000","16,037,000","15,722,000","12,166,000","11,786,000","13,297,000","12,800,000","9,900,000","10,100,000","10,600,000","10,300,000","7,800,000","7,600,000","8,400,000","8,300,000","6,300,000","6,000,000","6,500,000","6,800,000","5,000,000","4,700,000","5,100,000","5,400,000","4,000,000","3,500,000","4,100,000","4,300,000","2,900,000","2,700,000","3,300,000","3,800,000","2,400,000","2,300,000","2,700,000","2,900,000","1,500,000","1,600,000","600,000","4,100,000","2,000,000",,,,,,,,,,,,
	NetIncome,"318,703,000","349,842,000","17,853,000","-58,004,000","9,012,000","24,652,000","23,315,000","19,930,000","-256,052,000","150,832,000","5,525,000","14,361,000","49,498,000","37,905,000","17,295,000","-9,530,000","62,806,000","39,334,000","-81,156,000","12,785,000","42,859,000","39,859,000","14,413,000","25,152,000","-9,969,000","51,925,000","-50,587,000","5,465,000","29,926,000","47,120,000","42,413,000","20,440,000","37,484,000","55,525,000","48,155,000","-7,132,000","-32,310,000","56,821,000","50,286,000","31,989,000","8,085,000","67,131,000","8,865,000","57,484,000","75,196,000","92,900,000","88,706,000","73,601,000","71,576,000","81,152,000","72,454,000","54,727,000","37,032,000","50,886,000","42,865,000","34,830,000","24,566,000","38,318,000","35,813,000","26,835,000","15,947,000","22,924,000","16,397,000","20,920,000","11,811,000","15,682,000","10,828,000","4,732,000","6,441,000","11,947,000","5,856,000","4,300,000","15,696,000","16,295,000","15,578,000","10,492,000","12,149,000","14,892,000","22,951,000","11,156,000","16,191,000","18,367,000","18,419,000","14,078,000","13,851,000","16,037,000","15,722,000","12,166,000","11,786,000","13,297,000","12,800,000","9,900,000","10,100,000","10,600,000","10,300,000","7,800,000","7,600,000","8,400,000","8,300,000","6,300,000","6,000,000","6,500,000","6,800,000","5,000,000","4,700,000","5,100,000","5,400,000","4,000,000","3,500,000","4,100,000","4,300,000","2,900,000","2,700,000","3,300,000","3,800,000","2,400,000","2,300,000","2,700,000","2,900,000","1,500,000","1,600,000","600,000","4,100,000","2,000,000",,,,,,,,,,,,
		NetIncomeIncludingNoncontrollingInterests,"318,628,000","349,842,000","17,853,000","-58,004,000","8,937,000","24,550,000","23,149,000","19,839,000","-256,162,000","150,712,000","5,420,000","14,252,000","49,794,000","37,866,000","17,506,000","-9,585,000","62,875,000","39,288,000","-80,782,000","12,916,000","43,354,000","40,022,000","14,755,000","25,149,000","-9,601,000","51,930,000","-50,470,000","5,386,000","30,256,000","47,204,000","42,802,000","20,437,000","37,936,000","55,544,000","48,408,000","-7,177,000","-31,366,000","57,160,000","51,224,000","31,822,000","8,485,000","67,304,000","9,280,000","57,312,000","75,688,000","92,909,000","88,872,000","73,361,000","71,902,000","80,920,000","72,590,000","54,571,000","37,071,000","50,886,000","42,865,000","34,830,000","24,566,000","38,318,000","35,813,000","26,835,000","15,947,000","22,924,000","16,397,000","20,920,000","11,811,000","15,682,000","10,828,000","4,732,000","6,441,000","11,947,000","5,856,000","4,300,000","15,696,000","16,295,000","15,578,000","10,492,000","12,149,000","14,892,000","22,951,000","11,156,000","16,191,000","18,367,000","18,419,000","14,078,000","13,851,000","16,037,000","15,722,000","12,166,000","11,786,000","13,297,000","12,800,000","9,900,000","10,100,000","10,600,000","10,300,000","7,800,000","7,600,000","8,400,000","8,300,000","6,300,000","6,000,000","6,500,000","6,800,000","5,000,000","4,700,000","5,100,000","5,400,000","4,000,000","3,500,000","4,100,000","4,300,000","2,900,000","2,700,000","3,300,000","3,800,000","2,400,000","2,300,000","2,700,000","2,900,000","1,500,000","1,600,000","600,000","4,100,000","2,000,000","600,000","-7,100,000","2,300,000","700,000","0","500,000","-1,600,000","-4,800,000","-4,800,000","-6,200,000","-4,300,000","-6,000,000"
			NetIncomeContinuousOperations,"1,546,000","5,857,000","39,034,000","-40,634,000","12,861,000","29,707,000","31,588,000","27,446,000","71,395,000","153,431,000","1,303,000","17,408,000","52,060,000","36,213,000","52,629,000","-4,878,000","102,988,000","44,513,000","-55,362,000","12,916,000","43,354,000","40,022,000","14,755,000","25,149,000","-9,601,000","51,930,000","-50,470,000","5,386,000","30,256,000","41,628,000","42,802,000","20,437,000","38,038,000","56,151,000","49,328,000","8,151,000","-14,464,000","57,160,000","51,224,000","31,822,000","8,485,000","67,304,000","9,280,000","57,312,000","75,688,000","92,909,000","88,872,000","73,361,000","71,902,000","80,920,000","72,590,000","54,571,000","37,071,000","50,886,000","42,865,000","34,830,000","24,566,000","38,318,000","35,813,000","26,835,000","15,947,000","22,924,000","16,397,000","20,920,000","11,811,000","15,682,000","10,828,000","4,732,000","6,441,000","11,947,000","5,856,000","2,490,000","15,696,000","16,295,000","15,578,000","10,492,000","12,149,000","14,892,000","22,951,000","11,156,000","16,191,000","18,367,000","18,419,000","14,078,000","13,851,000","16,037,000","15,722,000","12,166,000","11,786,000","13,297,000","12,800,000","9,900,000","10,100,000","10,600,000","10,300,000","7,800,000","7,600,000","8,400,000","8,300,000","6,300,000","6,000,000","6,500,000","6,800,000","5,000,000","4,700,000","5,100,000","5,400,000","4,000,000","3,500,000","4,100,000","4,300,000","2,900,000","2,700,000","3,300,000","3,800,000","2,400,000","2,300,000","2,700,000","2,900,000","1,500,000","1,600,000","600,000","4,100,000","2,000,000","600,000","-7,100,000","2,300,000","700,000","0","500,000","-1,600,000","-4,800,000","-4,800,000","-6,200,000","-4,300,000","-6,000,000"
			NetIncomeDiscontinuousOperations,"317,082,000","343,985,000","-21,181,000","-17,370,000","-3,924,000","-5,157,000","-8,439,000","-7,607,000","-327,557,000","-2,719,000","4,117,000","-3,156,000","-2,266,000","1,653,000","-35,123,000","-4,707,000","-40,113,000","-5,225,000","-25,420,000","-9,388,000",,,,,"0","0",,,"0","5,576,000","0","0","-102,000","-607,000","-920,000","-15,328,000","-12,357,000",,,,,,,,,,,,,,,,,,,,,,,,,,,,,,,,,,,,,,,,,,,,,,,,,,,,,,,,,,,,,,,,,,,,,,,,,,,,,,,,,,,,,,,,,,,,,,,,,,,
			NetIncomeExtraordinary,,,,,,,,,,,,,,,,,,,,,,,,,,,,,,,,,,,,,,,,,,,,,,,,,,,,,,,,,,,,,,,,,,,,,"0",,,"1,810,000",,,,,,,,,,,,,,,,,,,,,,,,,,,,,,,,,,,,,,,,,,,,,,,,,"0",,,,,,,,,,,,,,,
		MinorityInterests,"75,000","0","0","0","75,000","102,000","166,000","91,000","110,000","120,000","105,000","109,000","-296,000","39,000","-211,000","55,000","-69,000","46,000","-374,000","-131,000","-495,000","-163,000","-342,000","3,000","-368,000","-5,000","-117,000","79,000","-330,000","-84,000","-389,000","3,000","-452,000","-19,000","-253,000","45,000","-944,000","-339,000","-938,000","167,000","-400,000","-173,000","-415,000","172,000","-492,000","-9,000","-166,000","240,000","-326,000","232,000","-136,000","156,000",,,,,,,,,,,,,,,,,,,,,,,,,,,,,,,,,,,,,,,,,,,,,,,,,,,,,,,,,,,,,,,,,,,,,,,,,,,,,,,,,,,,
DilutedNIAvailtoComStockholders,"318,703,000","349,842,000","17,853,000","-58,004,000","9,012,000","24,652,000","23,315,000","19,930,000","-256,052,000","150,832,000","5,525,000","14,361,000","49,498,000","37,905,000","17,295,000","-9,530,000","62,806,000","39,334,000","-81,156,000","12,785,000","42,859,000","39,859,000","14,413,000","25,152,000","-9,969,000","51,925,000","-50,587,000","5,465,000","29,926,000","47,120,000","42,413,000","20,440,000","37,484,000","55,525,000","48,155,000","-7,132,000","-32,310,000","56,821,000","50,286,000","31,989,000","8,085,000","67,131,000","8,865,000","57,484,000","75,196,000","92,900,000","88,706,000","73,601,000","71,576,000","81,152,000","72,454,000","54,727,000","37,032,000","50,886,000","42,865,000","34,830,000","24,566,000","38,318,000","35,813,000","26,835,000","15,947,000","22,924,000","16,397,000","20,920,000","11,811,000","15,682,000","10,828,000","4,732,000","6,441,000","11,947,000","5,856,000","4,300,000","15,696,000","16,295,000","15,578,000","10,492,000","12,149,000","14,892,000","22,951,000","11,156,000","16,191,000","18,367,000","18,419,000","14,078,000","13,851,000","16,037,000","15,722,000","12,166,000","11,786,000","13,297,000","12,800,000","9,900,000","10,100,000","10,600,000","10,300,000","7,800,000","7,600,000","8,400,000","8,300,000","6,300,000","6,000,000","6,500,000","6,800,000","5,000,000","4,700,000","5,100,000","5,400,000","4,000,000","3,500,000","4,100,000","4,300,000","2,900,000","2,700,000","3,300,000","3,800,000","2,400,000","2,300,000","2,700,000","2,900,000","1,500,000","1,600,000","600,000","4,100,000","2,000,000",,,,,,,,,,,,
BasicEPS,,"7.15","0.36","-1.17","0.18","0.49","0.45","0.38","-4.9","2.85","0.1","0.26","0.88","0.65","0.29","-0.16","1.03","0.64","-1.33","0.2","0.68","0.63","0.23","0.4","-0.16","0.81","-0.79","0.08","0.46","0.73","0.66","0.32","0.58","0.86","0.75","-0.11","-0.51","0.89","0.78","0.49","0.12","1.01","0.13","0.84",,"1.34","1.26","1.04",,"1.14","1.02","0.77",,"0.71","0.6","0.49",,"0.54","0.5","0.38",,"0.32","0.23","0.3",,"0.22","0.15","0.07",,"0.17","0.08","0.06",,"0.23","0.22","0.15",,"0.21","0.33","0.16",,"0.26","0.26","0.2",,"0.23","0.23","0.17",,"0.19","0.18","0.14",,"0.15","0.15","0.11",,"0.12","0.12","0.09",,"0.1","0.1","0.08",,"0.08","0.08","0.06",,"0.07","0.07","0.05",,"0.05","0.06","0.04",,"0.04","0.05","0.03",,"0.01","0.07","0.04",,"-0.45","0.06","0.02",,"0.06","-0.18","-0.53",,"-0.68","-0.47","-0.66"
DilutedEPS,,"7.09","0.36","-1.17","0.18","0.48","0.44","0.38","-4.9","2.83","0.1","0.26","0.86","0.64","0.29","-0.16","1.02","0.63","-1.33","0.2","0.67","0.62","0.23","0.39","-0.16","0.81","-0.79","0.08","0.46","0.72","0.65","0.31","0.58","0.86","0.74","-0.11","-0.51","0.88","0.78","0.49","0.12","1","0.13","0.83",,"1.32","1.25","1.03",,"1.12","1","0.76",,"0.7","0.59","0.48",,"0.53","0.49","0.37",,"0.32","0.23","0.29",,"0.22","0.15","0.07",,"0.17","0.08","0.06",,"0.23","0.22","0.15",,"0.21","0.33","0.16",,"0.26","0.26","0.2",,"0.23","0.22","0.17",,"0.19","0.18","0.14",,"0.15","0.15","0.11",,"0.12","0.12","0.09",,"0.1","0.1","0.08",,"0.08","0.08","0.06",,"0.07","0.07","0.05",,"0.05","0.06","0.04",,"0.04","0.05","0.03",,"0.01","0.07","0.04",,"-0.45","0.06","0.02",,"0.06","-0.18","-0.53",,"-0.68","-0.47","-0.66"
BasicAverageShares,,"48,925,000","49,776,000","49,663,000","49,884,000","50,658,000","52,251,000","52,464,000","52,274,000","52,955,000","53,890,000","55,234,615","56,247,727","58,061,000","59,185,000","60,328,000","60,976,699","61,030,000","61,234,000","63,925,000","63,027,941","63,666,000","63,569,000","63,419,000","63,536,000","63,922,000","64,252,000","68,312,500","65,056,522","64,547,945","64,641,000","63,875,000","64,627,586","64,563,953","64,196,000","64,836,364","63,352,941","63,843,820","64,469,231","65,283,673","67,375,000","66,466,337","68,192,308","68,433,333",,"69,328,358","70,401,587","70,770,192",,"71,185,965","71,033,333","71,074,026",,"71,644,000","71,597,000","71,425,000",,"70,959,259","71,626,000","70,618,421",,"71,637,500","71,291,304","69,733,333",,"71,281,818","72,186,667","67,600,000",,"70,276,471","73,200,000","71,666,667",,"70,847,826","70,809,091","69,946,667",,"70,914,286","69,548,485","69,725,000",,"70,642,308","70,842,308","70,390,000",,"69,726,087","68,356,522","71,564,706",,"69,984,211","71,111,111","70,714,286",,"70,666,667","68,666,667","70,909,091",,"70,000,000","69,166,667","70,000,000",,"65,000,000","68,000,000","62,500,000",,"63,750,000","67,500,000","66,666,667",,"58,571,429","61,428,571","58,000,000",,"66,000,000","63,333,333","60,000,000",,"67,500,000","58,000,000","50,000,000",,"60,000,000","58,571,429","50,000,000",,"9,200,000","9,200,000","9,200,000",,"9,200,000","9,200,000","9,200,000",,"9,200,000","9,200,000","9,200,000"
DilutedAverageShares,,"49,377,000","50,237,000","49,663,000","50,326,000","51,111,000","52,441,000","52,797,000","52,650,000","53,319,000","54,280,000","55,234,615","57,284,000","58,802,000","60,000,000","61,202,000","61,659,000","61,965,000","62,023,000","63,925,000","64,034,000","64,266,000","64,028,000","63,896,000","63,784,000","64,353,000","64,654,000","68,312,500","65,213,000","65,265,000","65,470,000","65,429,000","64,988,000","64,841,000","64,719,000","64,836,364","63,751,000","64,279,000","64,536,000","65,283,673","67,375,000","67,225,000","68,192,308","69,257,831",,"70,378,788","70,823,000","71,457,282",,"72,387,000","72,232,000","72,009,211",,"72,653,000","72,662,000","72,560,000",,"72,298,113","73,087,755","72,527,027",,"71,637,500","71,291,304","72,137,931",,"71,281,818","72,186,667","67,600,000",,"70,276,471","73,200,000","71,666,667",,"70,847,826","70,809,091","69,946,667",,"70,914,286","69,548,485","69,725,000",,"70,642,308","70,842,308","70,390,000",,"69,726,087","71,463,636","71,564,706",,"69,984,211","71,111,111","70,714,286",,"70,666,667","68,666,667","70,909,091",,"70,000,000","69,166,667","70,000,000",,"65,000,000","68,000,000","62,500,000",,"63,750,000","67,500,000","66,666,667",,"58,571,429","61,428,571","58,000,000",,"66,000,000","63,333,333","60,000,000",,"67,500,000","58,000,000","50,000,000",,"60,000,000","58,571,429","50,000,000",,"9,200,000","9,200,000","9,200,000",,"9,200,000","9,200,000","9,200,000",,"9,200,000","9,200,000","9,200,000"
TotalOperatingIncomeAsReported,"106,442,000","33,264,000","24,734,000","-4,731,000","40,240,000","44,214,000","40,323,000","36,706,000","21,721,000","54,487,000","40,311,000","25,741,000","71,892,000","46,306,000","70,299,000","-2,508,000","72,560,000","53,790,000","55,384,000","14,436,000","53,367,000","47,293,000","4,846,000","33,107,000","-24,858,000","60,847,000","-56,377,000","8,247,000","33,847,000","49,450,000","48,970,000","24,643,000","42,898,000","69,537,000","58,562,000","10,271,000","-18,370,000","73,603,000","65,905,000","45,790,000","15,162,000","95,454,000","13,756,000","79,865,000","109,580,000","137,227,000","135,553,000","111,815,000","100,568,000","122,020,000","108,929,000","79,385,000","53,694,000","71,787,000","62,540,000","46,812,000","30,949,000","50,551,000","46,933,000","33,902,000","33,432,000","30,586,000","23,718,000","14,551,000","17,803,000","23,724,000","16,965,000","9,181,000","11,015,000","17,853,000","9,623,000","5,303,000","23,697,000","24,641,000","24,015,000","16,837,000","20,958,000","24,341,000","23,797,000","18,641,000","26,357,000","30,451,000","30,686,000","23,389,000","25,047,000","26,350,000","25,278,000","19,640,000","18,679,000","21,767,000","21,400,000","16,800,000","15,700,000","17,000,000","16,600,000","12,700,000","12,200,000","13,700,000","13,500,000","10,400,000","10,000,000","11,100,000","11,700,000","8,800,000","8,000,000","8,600,000","8,900,000","7,100,000","6,900,000","7,300,000","7,900,000","5,500,000","5,900,000","6,600,000","7,600,000","5,500,000","5,500,000","5,700,000","6,600,000","4,500,000","5,200,000","3,400,000","6,500,000","4,400,000",,,,,,,,,,,,
TotalExpenses,"1,281,921,000","315,917,000","334,017,000","322,589,000","233,503,000","231,577,000","230,544,000","213,876,000","219,719,000","215,146,000","223,906,000","227,121,000","260,179,000","258,401,000","258,221,000","247,150,000","154,431,000","287,782,000","279,306,000","398,596,000","386,145,000","397,025,000","385,438,000","411,738,000","417,200,000","414,350,000","400,184,000","409,093,000","425,136,000","433,398,000","425,722,000","424,084,000","425,789,000","426,580,000","428,043,000","430,895,000","418,686,000","433,120,000","429,855,000","436,946,000","464,262,000","445,353,000","435,254,000","439,173,000","437,170,000","425,503,000","415,910,000","409,613,000","406,106,000","382,365,000","364,083,000","351,725,000","342,545,000","320,095,000","307,075,000","256,905,000","245,856,000","240,422,000","226,804,000","216,416,000","188,916,000","216,098,000","213,818,000","206,102,000","198,640,000","196,482,000","192,904,000","187,599,000","185,441,000","184,077,000","184,899,000","183,093,000","176,346,000","172,159,000","174,791,000","172,399,000","153,437,000","145,026,000","148,751,000","144,628,000","135,103,000","134,363,000","135,989,000","131,243,000","108,954,000","122,617,000","124,767,000","115,524,000","105,877,000","108,087,000","111,800,000","101,500,000","92,500,000","93,000,000","90,900,000","80,900,000","77,200,000","78,800,000","76,500,000","69,700,000","66,300,000","69,800,000","69,300,000","60,200,000","56,500,000","59,600,000","57,700,000","52,400,000","50,300,000","52,100,000","51,100,000","46,200,000","45,600,000","48,500,000","47,400,000","44,300,000","43,000,000","44,300,000","42,500,000","39,700,000","38,300,000","43,900,000","40,400,000","37,100,000",,,,,,,,,,,,
NetIncomeFromContinuingAndDiscontinuedOperation,"318,703,000","349,842,000","17,853,000","-58,004,000","9,012,000","24,652,000","23,315,000","19,930,000","-256,052,000","150,832,000","5,525,000","14,361,000","49,498,000","37,905,000","17,295,000","-9,530,000","62,806,000","39,334,000","-81,156,000","12,785,000","42,859,000","39,859,000","14,413,000","25,152,000","-9,969,000","51,925,000","-50,587,000","5,465,000","29,926,000","47,120,000","42,413,000","20,440,000","37,484,000","55,525,000","48,155,000","-7,132,000","-32,310,000","56,821,000","50,286,000","31,989,000","8,085,000","67,131,000","8,865,000","57,484,000","75,196,000","92,900,000","88,706,000","73,601,000","71,576,000","81,152,000","72,454,000","54,727,000","37,032,000","50,886,000","42,865,000","34,830,000","24,566,000","38,318,000","35,813,000","26,835,000","15,947,000","22,924,000","16,397,000","20,920,000","11,811,000","15,682,000","10,828,000","4,732,000","6,441,000","11,947,000","5,856,000","2,490,000","15,696,000","16,295,000","15,578,000","10,492,000","12,149,000","14,892,000","22,951,000","11,156,000","16,191,000","18,367,000","18,419,000","14,078,000","13,851,000","16,037,000","15,722,000","12,166,000","11,786,000","13,297,000","12,800,000","9,900,000","10,100,000","10,600,000","10,300,000","7,800,000","7,600,000","8,400,000","8,300,000","6,300,000","6,000,000","6,500,000","6,800,000","5,000,000","4,700,000","5,100,000","5,400,000","4,000,000","3,500,000","4,100,000","4,300,000","2,900,000","2,700,000","3,300,000","3,800,000","2,400,000","2,300,000","2,700,000","2,900,000","1,500,000","1,600,000","600,000","4,100,000","2,000,000",,,,,,,,,,,,
NormalizedIncome,"43,838,200","15,722,200","48,120,310","-12,883,758","17,621,608.933","33,324,968","40,902,546","41,164,095","64,405,020","49,777,748","22,973,660","18,941,695.652","50,195,178.539","38,890,836","43,774,800","23,691,108","102,557,650","45,089,334","-54,203,600","19,858,805","53,023,269.178","46,479,892","54,052,600","29,113,895","37,646,400","51,072,952","47,197,520","26,914,043","43,299,264.966","47,604,376","51,327,500","31,479,793","52,208,998.029","56,132,000","53,053,392","16,256,769","37,148,410.384","58,403,620","57,721,456","31,989,000","25,285,950","67,131,000","55,238,600","57,484,000","75,196,000","92,900,000","88,706,000","73,601,000","71,576,000","81,098,380.347","72,246,165.549","54,162,219.307","36,492,435.708","50,210,297.116","44,065,242.356","34,830,000","24,566,000","38,318,000","35,813,000","29,618,290.983","20,070,534.561","23,028,304.982","16,397,000","8,035,221.64","11,811,000","15,682,000","10,828,000","4,732,000","6,441,000","11,947,000","5,856,000","2,490,000","15,696,000","16,295,000","15,578,000","10,492,000","12,149,000","14,892,000","22,951,000","11,156,000","16,191,000","18,367,000","18,419,000","14,078,000","13,851,000","16,037,000","15,722,000","12,166,000","11,786,000","13,297,000","12,800,000","9,900,000","10,100,000","10,476,023.392","10,117,159.763","7,678,125","7,358,730.159","8,158,273.381","8,116,911.765","6,116,504.854","5,760,000","6,377,358.491","6,678,571.429","4,878,048.78","4,520,000","4,980,000","5,220,000","3,820,000","3,260,000","3,920,000","4,120,000","2,780,000","2,700,000","3,300,000","3,800,000","2,400,000","2,300,000","2,640,000","2,839,583.333","1,437,500","1,600,000","480,000","4,100,000","2,000,000",,,,,,,,,,,,
InterestIncome,"3,745,000","1,045,000","861,000","878,000","961,000","910,000","1,219,000","1,004,000","1,013,000","782,000","1,215,000","678,000","1,855,000","2,003,000","2,173,000","1,945,000","1,015,000","1,329,000","1,365,000","2,118,000","1,184,000","1,690,000","993,000","1,058,000","385,000","27,000","240,000","127,000","48,000","1,318,000","300,000","397,000","233,000","605,000","310,000","583,000","446,000","415,000","230,000","561,000","298,000","110,000","226,000","184,000","300,000","435,000","381,000","423,000","530,000","476,000","574,000","500,000","623,000","776,000",,,,,,,,,,,,,,,,,,,,,,,,,,,,,,,,,,,,,,,,,,,,,,,,,,,,,,,,,,,,,,,,,,,,,,,,,,,,,,,,,,
InterestExpense,"101,964,000","24,114,000","22,405,000","23,800,000","25,382,000","8,555,000","3,736,000","3,692,000","3,925,000","5,191,000","5,066,000","5,328,000","6,604,000","5,269,000","5,556,000","6,202,000","7,373,000","2,850,000","2,481,000","1,916,000","2,734,000","1,995,000","2,300,000","2,115,000","353,000","1,408,000","1,847,000","2,326,000","1,755,000","2,813,000","352,000","393,000","507,000","1,073,000","1,052,000","1,000,000","605,000","756,000","759,000","1,491,000","959,000","650,000","481,000","522,000","441,000","348,000","239,000","254,000","332,000","336,000","495,000","422,000","762,000","484,000",,,,,,,,,,,,,,,,,,,,,,,,,,,,,,,,,,,,,,,,,,,,,,,,,,,,,,,,,,,,,,,,,,,,,,,,,,,,,,,,,,
NetInterestIncome,"-127,019,000","-35,540,000","-25,068,000","-41,990,000","-24,421,000","-7,645,000","-2,517,000","-2,688,000","-2,912,000","-4,409,000","-3,851,000","-4,650,000","-4,749,000","-3,266,000","-3,383,000","-4,257,000","-6,358,000","-1,521,000","-1,116,000","202,000","-1,550,000","-305,000","-1,307,000","-1,057,000","32,000","-1,381,000","-1,607,000","-2,199,000","-1,707,000","-1,495,000","-52,000","4,000","-274,000","-468,000","-742,000","-417,000","-159,000","-341,000","-529,000","-930,000","-661,000","-540,000","-255,000","-338,000","-141,000","87,000","142,000","169,000","198,000","140,000","79,000","78,000","-139,000","292,000",,,,,,,,,,,,,,,,,,,,,,,,,,,,,,,,,,,,,,,,,,,,,,,,,,,,,,,,,,,,,,,,,,,,,,,,,,,,,,,,,,
EBIT,"77,498,000","21,838,000","22,071,000","-27,446,000","41,837,000","45,603,000","42,547,000","38,228,000","50,749,000","165,559,000","13,939,000","26,442,000","74,001,000","49,024,000","71,350,000","-563,000","73,575,000","55,119,000","56,749,000","16,554,000","54,551,000","48,983,000","5,839,000","34,165,000","-24,473,000","60,874,000","-56,137,000","8,374,000","33,895,000","50,768,000","49,270,000","25,040,000","43,131,000","70,142,000","58,872,000","10,854,000","-17,924,000","74,018,000","66,135,000","46,351,000","15,460,000","95,564,000","17,677,000","80,049,000","109,880,000","137,662,000","135,934,000","112,238,000","101,098,000","122,577,000","109,816,000","80,716,000","55,108,000","73,533,000","62,540,000","46,812,000","30,949,000","50,551,000","46,933,000","33,902,000","38,587,000","31,683,000","23,718,000","14,551,000","17,803,000","23,724,000","16,965,000","9,181,000","11,015,000","17,853,000","9,623,000","5,303,000","23,697,000","24,641,000","24,015,000","16,837,000","20,958,000","24,341,000","23,797,000","18,641,000","26,357,000","30,451,000","30,686,000","23,389,000","25,047,000","26,350,000","25,278,000","19,640,000","18,679,000","21,767,000","21,400,000","16,800,000","15,700,000","17,000,000","16,600,000","12,700,000","12,200,000","13,700,000","13,500,000","10,400,000","10,000,000","11,100,000","11,700,000","8,800,000","8,000,000","8,600,000","8,900,000","7,100,000","6,900,000","7,300,000","7,900,000","5,500,000","5,900,000","6,600,000","7,600,000","5,500,000","5,500,000","5,700,000","6,600,000","4,500,000","5,200,000","3,400,000","6,500,000","4,400,000","-112,300,000","40,500,000","41,700,000","40,200,000","-111,000,000","39,700,000","41,500,000","39,300,000","-122,400,000","39,000,000","40,800,000","38,500,000"
EBITDA,"254,567,000"
ReconciledCostOfRevenue,"646,233,000","166,027,000","180,420,000","163,110,000","125,635,000","123,077,000","126,823,000","113,698,000","116,050,000","118,712,000","127,258,000","128,034,000","160,316,000","156,339,000","158,232,000","148,653,000","90,957,000","179,736,000","178,970,000","248,116,000","232,490,000","239,244,000","239,787,000","250,673,000","247,813,000","252,867,000","241,021,000","245,077,000","249,729,000","253,186,000","250,809,000","246,331,000","256,073,000","242,631,000","242,997,000","241,737,000","235,257,000","241,020,000","243,401,000","242,545,000","251,987,000","244,195,000","241,212,000","238,248,000","234,592,000","232,914,000","229,917,000","228,081,000","215,341,000","214,300,000","199,965,000","196,483,000","184,752,000","178,201,000","167,107,000","139,613,000","127,372,000","130,846,000","123,887,000","121,028,000","120,022,000","125,815,000","120,580,000","120,304,000","114,406,000","115,483,000","111,017,000","111,709,000","109,019,000","110,605,000","108,236,000","109,485,000","105,909,000","105,114,000","104,635,000","104,450,000","92,112,000","88,312,000","93,480,000","92,171,000","86,897,000","87,827,000","90,135,000","83,127,000","87,058,000","72,724,000","73,479,000","71,271,000","62,575,000","66,008,000","66,300,000","65,700,000","52,200,000","59,200,000","54,200,000","52,800,000","44,600,000","47,300,000","46,600,000","45,800,000","38,300,000","43,800,000","44,200,000","40,500,000","34,800,000","39,200,000","38,900,000","34,700,000","31,200,000","34,600,000","33,500,000","31,200,000","27,600,000","32,300,000","31,200,000","29,300,000","26,500,000","28,900,000","28,700,000","26,800,000","22,900,000","29,300,000","26,400,000","23,800,000",,,,,,,,,,,,
ReconciledDepreciation,"177,069,000","48,988,000","50,690,000","43,011,000","23,756,000","24,876,000","24,287,000","26,132,000","33,970,000","22,576,000","20,695,000","23,731,000","13,752,000","13,154,000","12,683,000","12,152,000","7,144,000","15,504,000","10,531,000","19,645,000","21,118,000","21,329,000","20,699,000","20,915,000","21,712,000","21,567,000","21,247,000","21,025,000","24,612,000","23,289,000","21,443,000","21,212,000","22,927,000","22,581,000","22,680,000","21,629,000","21,928,000","24,084,000","24,306,000","22,932,000","23,841,000","22,517,000","22,335,000","19,996,000","16,693,000","16,512,000","16,123,000","15,243,000","14,513,000","14,932,000","16,825,000","15,952,000","14,073,000","13,273,000","13,327,000","9,777,000","9,859,000","10,281,000","10,248,000","9,486,000","10,613,000","11,444,000","11,358,000","10,592,000","11,961,000","12,117,000","12,236,000","11,794,000","15,462,000","14,351,000","14,216,000","13,537,000","14,458,000","14,163,000","14,195,000","12,768,000","11,648,000","9,634,000","10,255,000","8,795,000","8,798,000","8,590,000","8,481,000","7,667,000","8,495,000","8,568,000","7,935,000","7,038,000","6,990,000","6,561,000","6,200,000","5,500,000","5,100,000","4,700,000","4,200,000","3,800,000","4,200,000","4,000,000","2,900,000","2,900,000","3,200,000","3,200,000","2,600,000","2,300,000","2,300,000","2,200,000","1,500,000","1,600,000","2,100,000","1,600,000","1,200,000","1,300,000","2,100,000","1,900,000","1,700,000","1,600,000","1,800,000","1,900,000","1,500,000","1,600,000","1,500,000","1,800,000","1,600,000","1,900,000",,,,,,,,,,,,
NetIncomeFromContinuingOperationNetMinorityInterest,"1,621,000","5,857,000","39,034,000","-40,634,000","12,936,000","29,809,000","31,754,000","27,537,000","71,505,000","153,551,000","1,408,000","17,517,000","51,764,000","36,252,000","52,418,000","-4,823,000","102,919,000","44,559,000","-55,736,000","12,785,000","42,859,000","39,859,000","14,413,000","25,152,000","-9,969,000","51,925,000","-50,587,000","5,465,000","29,926,000","41,544,000","42,413,000","20,440,000","37,586,000","56,132,000","49,075,000","8,196,000","-15,408,000","56,821,000","50,286,000","31,989,000","8,085,000","67,131,000","8,865,000","57,484,000","75,196,000","92,900,000","88,706,000","73,601,000","71,576,000","81,152,000","72,454,000","54,727,000","37,032,000","50,886,000","42,865,000","34,830,000","24,566,000","38,318,000","35,813,000","26,835,000","15,947,000","22,924,000","16,397,000","20,920,000","11,811,000","15,682,000","10,828,000","4,732,000","6,441,000","11,947,000","5,856,000","2,490,000","15,696,000","16,295,000","15,578,000","10,492,000","12,149,000","14,892,000","22,951,000","11,156,000","16,191,000","18,367,000","18,419,000","14,078,000","13,851,000","16,037,000","15,722,000","12,166,000","11,786,000","13,297,000","12,800,000","9,900,000","10,100,000","10,600,000","10,300,000","7,800,000","7,600,000","8,400,000","8,300,000","6,300,000","6,000,000","6,500,000","6,800,000","5,000,000","4,700,000","5,100,000","5,400,000","4,000,000","3,500,000","4,100,000","4,300,000","2,900,000","2,700,000","3,300,000","3,800,000","2,400,000","2,300,000","2,700,000","2,900,000","1,500,000","1,600,000","600,000","4,100,000","2,000,000",,,,,,,,,,,,
TotalUnusualItemsExcludingGoodwill,"-70,362,000","-16,442,000","-12,447,000","-34,994,000","-5,995,000","-4,384,000","-11,239,000","-17,141,000","9,726,000","108,436,000","-29,542,000","-1,728,000","2,031,000","-3,187,000","10,804,000","-39,548,000","495,000","-621,000","-2,554,000","-7,993,000","-11,957,000","-7,771,000","-66,066,000","-5,047,000","-79,359,000","976,000","-112,396,000","-24,073,000","-14,206,000","-6,982,000","-10,188,000","-13,317,000","-16,386,000","0","-4,664,000","-9,747,000","-67,327,000","-2,029,000","-9,484,000",,"-26,463,000","0","-71,344,000",,,"0","0","0","0","81,000","313,000","831,000","791,000","970,000","-1,718,000",,"0",,,"-3,743,000","-5,155,000","-140,000",,"19,855,000",,,,,,,,,,,,,,,,,,,,,,,,,,,,,,"200,000","300,000","200,000","400,000","400,000","300,000","300,000","400,000","200,000","200,000","200,000","300,000","200,000","300,000","300,000","400,000","300,000","300,000","200,000",,,,,,"100,000","100,000","100,000",,"200,000",,,,,,,,,,,,,,
TotalUnusualItems,"-70,362,000","-16,442,000","-12,447,000","-34,994,000","-5,995,000","-4,384,000","-11,239,000","-17,141,000","9,726,000","108,436,000","-29,542,000","-1,728,000","2,031,000","-3,187,000","10,804,000","-39,548,000","495,000","-621,000","-2,554,000","-7,993,000","-11,957,000","-7,771,000","-66,066,000","-5,047,000","-79,359,000","976,000","-112,396,000","-24,073,000","-14,206,000","-6,982,000","-10,188,000","-13,317,000","-16,386,000","0","-4,664,000","-9,747,000","-67,327,000","-2,029,000","-9,484,000",,"-26,463,000","0","-71,344,000",,,"0","0","0","0","81,000","313,000","831,000","791,000","970,000","-1,718,000",,"0",,,"-3,743,000","-5,155,000","-140,000",,"19,855,000",,,,,,,,,,,,,,,,,,,,,,,,,,,,,,"200,000","300,000","200,000","400,000","400,000","300,000","300,000","400,000","200,000","200,000","200,000","300,000","200,000","300,000","300,000","400,000","300,000","300,000","200,000",,,,,,"100,000","100,000","100,000",,"200,000",,,,,,,,,,,,,,
NormalizedEBITDA,"324,929,000","87,268,000","85,208,000","50,559,000","71,588,000","74,863,000","78,073,000","81,501,000","74,993,000","79,699,000","64,176,000","51,901,000","85,722,000","65,365,000","73,229,000","51,137,000","80,224,000","71,244,000","69,834,000","44,192,000","87,626,000","78,083,000","92,604,000","60,127,000","76,598,000","81,465,000","77,506,000","53,472,000","72,713,000","81,039,000","80,901,000","59,569,000","82,444,000","92,723,000","86,216,000","42,230,000","71,331,000","100,131,000","99,925,000","69,283,000","65,764,000","118,081,000","111,356,000","100,045,000","126,573,000","154,174,000","152,057,000","127,481,000","115,611,000","137,428,000","126,328,000","95,837,000","68,390,000","85,836,000","77,585,000","56,589,000","40,808,000","60,832,000","57,181,000","47,131,000","54,355,000","43,267,000","35,076,000","5,288,000","29,764,000","35,841,000","29,201,000","20,975,000","26,477,000","32,204,000","23,839,000","18,840,000","38,155,000","38,804,000","38,210,000","29,605,000","32,606,000","33,975,000","34,052,000","27,436,000","35,155,000","39,041,000","39,167,000","31,056,000","33,542,000","34,918,000","33,213,000","26,678,000","25,669,000","28,328,000","27,600,000","22,300,000","20,800,000","21,500,000","20,500,000","16,300,000","16,000,000","17,300,000","16,100,000","13,000,000","12,800,000","14,100,000","14,100,000","10,900,000","10,000,000","10,600,000","10,200,000","8,400,000","8,600,000","8,600,000","8,800,000","6,600,000","8,000,000","8,500,000","9,300,000","7,100,000","7,300,000","7,500,000","8,000,000","6,000,000","6,700,000","5,000,000","8,300,000","6,300,000","-112,300,000","40,500,000","41,700,000","40,200,000","-111,000,000","39,700,000","41,500,000","39,300,000","-122,400,000","39,000,000","40,800,000","38,500,000"
TaxRateForCalcs,"0.4","0.4","0.27","0.207","0.218","0.198","0.186","0.205","0.27","0.043","0.27","0.176","0.228","0.172","0.2","0.279","0.27","0.146","0.4","0.115","0.15","0.148","0.4","0.215","0.4","0.127","0.13","0.109","0.059","0.132","0.125","0.171","0.108","0.187","0.147","0.173","0.219","0.22","0.216","0.291","0.35","0.291","0.35","0.279","0.308","0.323","0.345","0.345","0.286","0.338","0.336","0.32","0.318","0.303","0.301","0.283","0.26","0.281","0.28","0.256","0.2","0.255","0.255","0.351","0.231","0.261","0.246","0.275","0.229","0.231","0.223","0.248","0.283","0.284","0.293","0.285","0.387","0.387","0.034","0.4","0.397","0.394","0.394","0.39","0.4","0.395","0.384","0.385","0.387","0.387","0.388","0.389","0.38","0.38","0.391","0.391","0.397","0.396","0.39","0.388","0.4","0.387","0.393","0.39","0.4","0.4","0.4","0.4","0.4","0.4","0.4","0.4","0.4","0.4","0.4","0.4","0.4","0.4","0.396","0.375","0.36","0.4","0.4","0.4",,,,,,,,,,,,
TaxEffectOfUnusualItems,"-28,144,800","-6,576,800","-3,360,690","-7,243,758","-1,309,391.067","-868,032","-2,090,454","-3,513,905","2,626,020","4,662,748","-7,976,340","-303,304.348","462,178.539","-548,164","2,160,800","-11,033,892","133,650","-90,666","-1,021,600","-919,195","-1,792,730.822","-1,150,108","-26,426,400","-1,085,105","-31,743,600","123,952","-14,611,480","-2,623,957","-832,735.034","-921,624","-1,273,500","-2,277,207","-1,763,001.971","0","-685,608","-1,686,231","-14,770,589.616","-446,380","-2,048,544","0","-9,262,050","0","-24,970,400","0","0","0","0","0","0","27,380.347","105,165.549","266,219.307","251,435.708","294,297.116","-517,757.644","0","0","0","0","-959,709.017","-1,031,465.439","-35,695.018","0","6,970,221.64","0","0","0","0","0","0","0","0","0","0","0","0","0","0","0","0","0","0","0","0","0","0","0","0","0","0","0","0","0","76,023.392","117,159.763","78,125","158,730.159","158,273.381","116,911.765","116,504.854","160,000","77,358.491","78,571.429","78,048.78","120,000","80,000","120,000","120,000","160,000","120,000","120,000","80,000","0","0","0","0","0","40,000","39,583.333","37,500","0","80,000","0","0",,,,,,,,,,,,