name,ttm,03/31/2022,12/31/2021,09/30/2021,06/30/2021,03/31/2021,12/31/2020,09/30/2020,06/30/2020,03/31/2020,12/31/2019,09/30/2019,06/30/2019,03/31/2019,12/31/2018,09/30/2018,06/30/2018,03/31/2018,12/31/2017,09/30/2017,06/30/2017,03/31/2017,12/31/2016,09/30/2016,06/30/2016,03/31/2016,12/31/2015,09/30/2015,06/30/2015,03/31/2015,12/31/2014,09/30/2014,06/30/2014,03/31/2014,12/31/2013,09/30/2013,06/30/2013,03/31/2013,12/31/2012,09/30/2012,06/30/2012,03/31/2012,12/31/2011,09/30/2011,06/30/2011,03/31/2011,12/31/2010,09/30/2010,06/30/2010,03/31/2010,12/31/2009,09/30/2009,06/30/2009,03/31/2009,12/31/2008,09/30/2008,06/30/2008,03/31/2008,12/31/2007,09/30/2007,06/30/2007,03/31/2007,12/31/2006,09/30/2006,06/30/2006,03/31/2006,12/31/2005,09/30/2005,06/30/2005,03/31/2005,12/31/2004,09/30/2004,06/30/2004,03/31/2004,12/31/2003,09/30/2003,06/30/2003,03/31/2003,12/31/2002,09/30/2002,06/30/2002,03/31/2002,12/31/2001,09/30/2001,06/30/2001,03/31/2001,12/31/2000,09/30/2000,06/30/2000,03/31/2000,12/31/1999,09/30/1999,06/30/1999,03/31/1999,12/31/1998,09/30/1998,06/30/1998,03/31/1998,12/31/1997,09/30/1997,06/30/1997,03/31/1997,12/31/1996,09/30/1996,06/30/1996,03/31/1996,12/31/1995,09/30/1995,06/30/1995,03/31/1995,12/31/1994,09/30/1994,06/30/1994,03/31/1994,12/31/1993,09/30/1993,06/30/1993,03/31/1993,12/31/1992,09/30/1992,06/30/1992,03/31/1992
TotalRevenue,"416,229,000","100,649,000","119,064,000","101,640,000","94,876,000","94,364,000","104,301,000","90,431,000","79,281,000","86,453,000","116,307,000","93,461,000","98,701,000","103,319,000","112,684,000","104,046,000","98,615,000","97,937,000","107,258,000","105,265,000","102,373,000","104,107,000","115,295,000","119,019,000","134,069,000","143,547,000","138,806,000","137,436,000","109,767,000","119,586,000","128,196,000","142,429,000","124,644,000","134,982,000","147,103,000","138,893,000","141,345,000","136,071,000","198,957,000","127,175,000","157,431,000","152,139,000","185,304,000","164,965,000","161,344,000","166,323,000","195,347,000","165,059,000","162,160,000","155,956,000","174,679,000","152,119,000","150,543,000","151,629,000","206,706,000","217,066,000","222,863,000","198,266,000","258,520,000","226,826,000","225,326,000","218,898,000","239,049,000","231,233,000","222,226,000","218,070,000","244,971,000","204,420,000","160,051,000","166,001,000","174,971,000","147,374,000","139,886,000","127,374,000","127,328,000","119,090,000","113,317,000","112,177,000","112,784,000","107,832,000","106,094,000","92,009,000","104,789,000","102,281,000","109,434,000","118,133,000","126,144,000","121,292,000","119,959,000","108,696,000","111,700,000","113,300,000","116,400,000","111,300,000","144,600,000","116,200,000","112,900,000","108,700,000","123,700,000","116,500,000","122,900,000","108,200,000","113,200,000","114,700,000","109,100,000","92,000,000","110,000,000","114,400,000","98,400,000","83,900,000","67,000,000","54,000,000","45,100,000","37,500,000","35,800,000","31,000,000","26,300,000","19,800,000","17,600,000","16,000,000","11,000,000","7,300,000"
	OperatingRevenue,"416,229,000","100,649,000","119,064,000","101,640,000","94,876,000","94,364,000","104,301,000","90,431,000","79,281,000","86,453,000","116,307,000","93,461,000","98,701,000","103,319,000","112,684,000","104,046,000","98,615,000","97,937,000","107,258,000","105,265,000","102,373,000","104,107,000","115,295,000","119,019,000","134,069,000","143,547,000","138,806,000","137,436,000","109,767,000","119,586,000","128,196,000","142,429,000","124,644,000","134,982,000","147,103,000","138,893,000","141,345,000","136,071,000","198,957,000","127,175,000","157,431,000","152,139,000","185,304,000","164,965,000","161,344,000","166,323,000","195,347,000","165,059,000","162,160,000","155,956,000","174,679,000","152,119,000","150,543,000","151,629,000","206,706,000","217,066,000","222,863,000","198,266,000","258,520,000","226,826,000","225,326,000","218,898,000","239,049,000","231,233,000","222,226,000","218,070,000","244,971,000","204,420,000","160,051,000","166,001,000","174,971,000","147,374,000","139,886,000","127,374,000","127,328,000","119,090,000","113,317,000","112,177,000","112,784,000","107,832,000","106,094,000","92,009,000","104,789,000","102,281,000","109,434,000","118,133,000","126,144,000","121,292,000","119,959,000","108,696,000","111,700,000","113,300,000","116,400,000","111,300,000","144,600,000","116,200,000","112,900,000","108,700,000","123,700,000","116,500,000","122,900,000","108,200,000","113,200,000","114,700,000","109,100,000","92,000,000","110,000,000","114,400,000","98,400,000","83,900,000","67,000,000","54,000,000","45,100,000","37,500,000","35,800,000","31,000,000","26,300,000","19,800,000","17,600,000","16,000,000","11,000,000","7,300,000"
CostOfRevenue,"145,077,000","33,885,000","40,717,000","35,737,000","34,738,000","32,948,000","38,951,000","32,174,000","27,719,000","33,302,000","43,032,000","35,603,000","42,041,000","42,037,000","46,170,000","43,435,000","42,283,000","42,230,000","48,812,000","44,907,000","42,620,000","40,548,000","45,826,000","43,628,000","46,269,000","43,484,000","56,862,000","49,622,000","43,469,000","47,492,000","50,548,000","52,788,000","50,420,000","50,715,000","59,959,000","56,213,000","54,795,000","52,942,000","30,137,000","60,053,000","84,244,000","74,575,000","85,015,000","77,230,000","78,961,000","79,704,000","90,217,000","79,360,000","79,922,000","78,275,000","83,395,000","71,202,000","72,945,000","78,406,000","117,939,000","114,296,000","114,527,000","105,714,000","135,714,000","116,344,000","115,206,000","113,163,000","124,113,000","119,378,000","112,647,000","109,756,000","117,702,000","93,720,000","71,271,000","70,967,000","77,145,000","62,845,000","60,995,000","54,103,000","53,754,000","52,784,000","50,608,000","52,227,000","53,708,000","53,222,000","52,591,000","47,715,000","53,099,000","50,444,000","53,516,000","56,513,000","58,753,000","55,987,000","53,537,000","48,755,000","47,600,000","49,900,000","45,500,000","39,600,000","48,700,000","40,600,000","33,600,000","39,400,000","48,600,000","45,000,000","52,800,000","49,800,000","58,200,000","53,300,000","52,000,000","45,800,000","48,700,000","51,400,000","43,500,000","36,600,000","28,600,000","24,200,000","20,100,000","16,500,000","15,600,000","14,100,000","11,500,000","8,200,000",,,,
GrossProfit,"271,152,000","66,764,000","78,347,000","65,903,000","60,138,000","61,416,000","65,350,000","58,257,000","51,562,000","53,151,000","73,275,000","57,858,000","56,660,000","61,282,000","66,514,000","60,611,000","56,332,000","55,707,000","58,446,000","60,358,000","59,753,000","63,559,000","69,469,000","75,391,000","87,800,000","100,063,000","81,944,000","87,814,000","66,298,000","72,094,000","77,648,000","89,641,000","74,224,000","84,267,000","87,144,000","82,680,000","86,550,000","83,129,000","168,820,000","67,122,000","73,187,000","77,564,000","100,289,000","87,735,000","82,383,000","86,619,000","105,130,000","85,699,000","82,238,000","77,681,000","91,284,000","80,917,000","77,598,000","73,223,000","88,767,000","102,770,000","108,336,000","92,552,000","122,806,000","110,482,000","110,120,000","105,735,000","114,936,000","111,855,000","109,579,000","108,314,000","127,269,000","110,700,000","88,780,000","95,034,000","97,826,000","84,529,000","78,891,000","73,271,000","73,574,000","66,306,000","62,709,000","59,950,000","59,076,000","54,610,000","53,503,000","44,294,000","51,690,000","51,837,000","55,918,000","61,620,000","67,391,000","65,305,000","66,422,000","59,941,000","64,100,000","63,400,000","70,900,000","71,700,000","95,900,000","75,600,000","79,300,000","69,300,000","75,100,000","71,500,000","70,100,000","58,400,000","55,000,000","61,400,000","57,100,000","46,200,000","61,300,000","63,000,000","54,900,000","47,300,000","38,400,000","29,800,000","25,000,000","21,000,000","20,200,000","16,900,000","14,800,000","11,600,000",,,,
OperatingExpense,"222,103,000","53,474,000","61,061,000","56,443,000","51,125,000","49,796,000","50,470,000","44,417,000","43,362,000","53,458,000","57,439,000","49,228,000","54,362,000","55,314,000","52,692,000","53,357,000","58,148,000","56,135,000","53,070,000","57,232,000","60,016,000","59,493,000","53,559,000","61,573,000","69,200,000","71,539,000","76,530,000","73,409,000","73,954,000","70,979,000","80,336,000","74,581,000","76,749,000","74,580,000","82,924,000","78,126,000","74,539,000","73,776,000","62,352,000","71,052,000","85,360,000","89,658,000","92,770,000","89,770,000","93,586,000","92,226,000","93,490,000","92,582,000","91,038,000","89,356,000","96,637,000","92,240,000","87,836,000","89,320,000","168,489,000","165,761,000","117,046,000","114,167,000","116,305,000","109,249,000","116,078,000","110,720,000","158,590,000","105,210,000","108,030,000","104,210,000","99,652,000","88,969,000","75,426,000","74,415,000","77,433,000","66,142,000","63,313,000","58,471,000","57,369,000","54,676,000","55,134,000","52,601,000","51,670,000","52,304,000","52,461,000","47,643,000","51,670,000","57,631,000","71,966,000","72,406,000","74,315,000","76,127,000","84,497,000","79,199,000","87,200,000","86,000,000","88,000,000","88,800,000","105,000,000","70,400,000","68,500,000","60,700,000","64,000,000","62,000,000","62,200,000","56,900,000","63,700,000","63,100,000","63,200,000","60,200,000","59,800,000","50,000,000","46,300,000","42,100,000","32,100,000","24,700,000","21,100,000","19,600,000","16,900,000","14,600,000","14,000,000","15,000,000",,,,
	SellingGeneralAndAdministration,"155,225,000","36,738,000","44,141,000","39,314,000","35,032,000","34,379,000","35,568,000","30,794,000","30,294,000","38,033,000","41,422,000","34,368,000","38,850,000","38,666,000","37,495,000","37,121,000","41,800,000","40,087,000","36,400,000","40,845,000","42,662,000","40,242,000","34,423,000","41,053,000","46,984,000","49,349,000","51,554,000","47,398,000","50,236,000","47,432,000","56,749,000","52,054,000","54,281,000","51,146,000","57,701,000","54,227,000","50,034,000","49,506,000","40,192,000","47,171,000","57,359,000","60,565,000","61,985,000","58,651,000","60,972,000","60,108,000","63,925,000","62,897,000","58,353,000","56,348,000","67,443,000","56,798,000","54,553,000","55,894,000","66,933,000","73,372,000","74,751,000","72,270,000","74,824,000","69,346,000","74,203,000","69,546,000","67,070,000","66,662,000","68,436,000","65,049,000","64,078,000","56,789,000","48,924,000","48,144,000","48,769,000","41,374,000","39,840,000","35,740,000","35,309,000","33,629,000","33,365,000","30,609,000","30,177,000","31,131,000","31,793,000","27,479,000","29,787,000","32,913,000","36,952,000","36,713,000","35,981,000","36,059,000","39,483,000","35,451,000","37,700,000","40,200,000","40,800,000","39,300,000","44,600,000","37,900,000","37,000,000","34,300,000","38,300,000","36,800,000","37,000,000","34,100,000","38,000,000","38,100,000","39,200,000","35,900,000","38,200,000","32,200,000","29,600,000","25,900,000","19,900,000","16,400,000","14,200,000","12,900,000","15,400,000","13,200,000","13,000,000","14,100,000",,,,
		GeneralAndAdministrativeExpense,"58,548,000","14,811,000","15,158,000","14,901,000","13,678,000","13,635,000","12,908,000","10,796,000","10,604,000","12,744,000","14,819,000","12,034,000","12,721,000","13,788,000","13,574,000","13,660,000","14,041,000","13,955,000","10,624,000","15,193,000","13,644,000","14,431,000","13,112,000","13,822,000","16,807,000","17,730,000","21,463,000","15,834,000","17,425,000","19,387,000","22,222,000","20,644,000","19,984,000","18,331,000","23,135,000","22,715,000","16,131,000","15,597,000","12,728,000","10,542,000","13,905,000","14,638,000","14,393,000","13,240,000","14,920,000","15,298,000","16,166,000","19,698,000","13,879,000","14,602,000","21,322,000","12,093,000","12,559,000","15,113,000",,,,,,,,,,,,,,,,,,,,,,,,,,,,,,,,,,,,,,,,,,,,,,,,,,,,,,,,,,,,,,,,,,,,
			OtherGandA,"58,548,000","14,811,000","15,158,000","14,901,000","13,678,000","13,635,000","12,908,000","10,796,000","10,604,000","12,744,000","14,819,000","12,034,000","12,721,000","13,788,000","13,574,000","13,660,000","14,041,000","13,955,000","10,624,000","15,193,000","13,644,000","14,431,000","13,112,000","13,822,000","16,807,000","17,730,000","21,463,000","15,834,000","17,425,000","19,387,000","22,222,000","20,644,000","19,984,000","18,331,000","23,135,000","22,715,000","16,131,000","15,597,000","12,728,000","10,542,000","13,905,000","14,638,000","14,393,000","13,240,000","14,920,000","15,298,000","16,166,000","19,698,000","13,879,000","14,602,000","21,322,000","12,093,000","12,559,000","15,113,000",,,,,,,,,,,,,,,,,,,,,,,,,,,,,,,,,,,,,,,,,,,,,,,,,,,,,,,,,,,,,,,,,,,,
		SellingAndMarketingExpense,"96,677,000","21,927,000","28,983,000","24,413,000","21,354,000","20,744,000","22,660,000","19,998,000","19,690,000","25,289,000","26,603,000","22,334,000","26,129,000","24,878,000","23,921,000","23,461,000","27,759,000","26,132,000","25,776,000","25,652,000","29,018,000","25,811,000","21,311,000","27,231,000","30,177,000","31,619,000","30,091,000","31,564,000","32,811,000","28,045,000","34,527,000","31,410,000","34,297,000","32,815,000","34,566,000","31,512,000","33,903,000","33,909,000","27,464,000","36,629,000","43,454,000","45,927,000","47,592,000","45,411,000","46,052,000","44,810,000","47,759,000","43,199,000","44,474,000","41,746,000","46,121,000","44,705,000","41,994,000","40,781,000",,,,,,,,,,,,,,,,,,,,,,,,,,,,,,,,,,,,,,,,,,,,,,,,,,,,,,,,,,,,,,,,,,,,
	ResearchAndDevelopment,"66,878,000","16,736,000","16,920,000","17,129,000","16,093,000","15,417,000","14,902,000","13,623,000","13,068,000","15,425,000","16,018,000","14,860,000","15,180,000","16,285,000","14,836,000","15,873,000","15,985,000","15,685,000","16,308,000","16,025,000","16,991,000","18,888,000","18,773,000","19,953,000","21,434,000","21,404,000","24,190,000","25,225,000","23,310,000","23,173,000","23,212,000","22,154,000","22,070,000","22,954,000","24,556,000","23,239,000","23,847,000","23,607,000","21,405,000","23,099,000","26,896,000","27,482,000","28,722,000","28,960,000","30,453,000","29,973,000","30,881,000","28,929,000","30,268,000","30,151,000","30,015,000","29,262,000","30,661,000","31,051,000","33,291,000","37,825,000","38,972,000","38,510,000","38,050,000","36,471,000","38,444,000","37,742,000","35,000,000","35,250,000","35,617,000","35,496,000","32,109,000","29,636,000","24,909,000","24,679,000","25,812,000","23,780,000","22,924,000","22,292,000","21,719,000","20,706,000","21,428,000","21,699,000","21,201,000","20,916,000","20,411,000","19,818,000","21,355,000","19,630,000","21,882,000","23,273,000","21,740,000","20,890,000","20,825,000","19,445,000","21,400,000","20,600,000","22,600,000","24,200,000","25,100,000","22,800,000","20,600,000","20,300,000","20,200,000","18,600,000","18,300,000","16,400,000","17,600,000","17,600,000","16,600,000","17,600,000","15,600,000","12,800,000","13,100,000","12,200,000","8,400,000","5,800,000","4,800,000","4,700,000",,,,,,,,
	DepreciationAmortizationDepletionIncomeStatement,,,,,,,"0","0","0","0","-1,000","0","332,000","363,000","361,000","363,000","363,000","363,000","362,000","362,000","363,000","363,000","363,000","567,000","782,000","786,000","786,000","786,000","408,000","374,000","375,000","373,000","398,000","480,000","667,000","660,000","658,000","663,000","755,000","782,000","1,105,000","1,611,000","2,063,000","2,159,000","2,161,000","2,145,000","2,186,000","2,283,000","2,417,000","2,857,000","2,732,000","2,782,000","2,622,000","2,375,000","2,837,000","3,307,000","3,323,000","3,387,000","3,431,000","3,432,000","3,431,000","3,432,000","3,520,000","3,298,000","3,977,000","3,665,000","10,075,000","6,398,000","1,875,000","1,873,000","1,946,000","1,115,000","549,000","439,000","341,000","341,000","341,000","293,000","292,000","257,000","257,000","346,000","528,000","5,088,000","13,132,000","12,420,000","16,594,000","19,178,000","24,189,000","24,303,000","28,100,000","25,200,000","24,600,000","25,300,000","35,300,000","9,700,000","10,900,000","6,100,000","5,500,000","6,600,000","6,900,000","6,400,000","8,100,000","7,400,000","7,400,000","6,700,000","6,000,000","5,000,000","3,600,000","4,000,000","3,800,000","2,500,000","2,100,000","2,000,000","1,500,000","1,400,000","1,000,000","900,000",,,,
		DepreciationAndAmortizationInIncomeStatement,,,,,,,"0","0","0","0","-1,000","0","332,000","363,000","361,000","363,000","363,000","363,000","362,000","362,000","363,000","363,000","363,000","567,000","782,000","786,000","786,000","786,000","408,000","374,000","375,000","373,000","398,000","480,000","667,000","660,000","658,000","663,000","755,000","782,000","1,105,000","1,611,000","2,063,000","2,159,000","2,161,000","2,145,000","2,186,000","2,283,000","2,417,000","2,857,000","2,732,000","2,782,000","2,622,000","2,375,000","2,837,000","3,307,000","3,323,000","3,387,000","3,431,000","3,432,000","3,431,000","3,432,000","3,520,000","3,298,000","3,977,000","3,665,000","10,075,000","6,398,000","1,875,000","1,873,000","1,946,000","1,115,000","549,000","439,000","341,000","341,000","341,000","293,000","292,000","257,000","257,000","346,000","528,000","5,088,000","13,132,000","12,420,000","16,594,000","19,178,000","24,189,000","24,303,000","28,100,000","25,200,000","24,600,000","25,300,000","35,300,000","9,700,000","10,900,000","6,100,000","5,500,000","6,600,000","6,900,000","6,400,000","8,100,000","7,400,000","7,400,000","6,700,000","6,000,000","5,000,000","3,600,000","4,000,000","3,800,000","2,500,000","2,100,000","2,000,000","1,500,000","1,400,000","1,000,000","900,000",,,,
			Amortization,,,,,,,"0","0","0","0","-1,000","0","332,000","363,000","361,000","363,000","363,000","363,000","362,000","362,000","363,000","363,000","363,000","567,000","782,000","786,000","786,000","786,000","408,000","374,000","375,000","373,000","398,000","480,000","667,000","660,000","658,000","663,000","755,000","782,000","1,105,000","1,611,000","2,063,000","2,159,000","2,161,000","2,145,000","2,186,000","2,283,000","2,417,000","2,857,000","2,732,000","2,782,000","2,622,000","2,375,000","2,837,000","3,307,000","3,323,000","3,387,000","3,431,000","3,432,000","3,431,000","3,432,000","3,520,000","3,298,000","3,977,000","3,665,000","10,075,000","6,398,000","1,875,000","1,873,000","1,946,000","1,115,000","549,000","439,000","341,000","341,000","341,000","293,000","292,000","257,000","257,000","346,000","528,000","5,088,000","13,132,000","12,420,000",,,,,,,,,,,,,,,,,,,,,,,,,,,,,,,,,,,,
				AmortizationOfIntangiblesIncomeStatement,,,,,,,"0","0","0","0","-1,000","0","332,000","363,000","361,000","363,000","363,000","363,000","362,000","362,000","363,000","363,000","363,000","567,000","782,000","786,000","786,000","786,000","408,000","374,000","375,000","373,000","398,000","480,000","667,000","660,000","658,000","663,000","755,000","782,000","1,105,000","1,611,000","2,063,000","2,159,000","2,161,000","2,145,000","2,186,000","2,283,000","2,417,000","2,857,000","2,732,000","2,782,000","2,622,000","2,375,000","2,837,000","3,307,000","3,323,000","3,387,000","3,431,000","3,432,000","3,431,000","3,432,000","3,520,000","3,298,000","3,977,000","3,665,000","10,075,000","6,398,000","1,875,000","1,873,000","1,946,000","1,115,000","549,000","439,000","341,000","341,000","341,000","293,000","292,000","257,000","257,000","346,000","528,000","5,088,000","13,132,000","12,420,000",,,,,,,,,,,,,,,,,,,,,,,,,,,,,,,,,,,,
	OtherOperatingExpenses,,,,,,,,,,,,,,,,,,,,,,,,,,,,,,,,,,,,,,,,,,,,,,,"-3,502,000","-1,527,000",,,"-3,553,000","3,398,000",,,"65,428,000","51,257,000",,,,,,,,,,,"-6,610,000","-3,854,000","-282,000","-281,000","906,000","-127,000",,,,,,,,,,,,,,,,,,,,,,,,,,,,,,,,,,,,,,,,,,,,,,,,,,
OperatingIncome,"49,049,000","13,290,000","17,286,000","9,460,000","9,013,000","11,620,000","14,880,000","13,840,000","8,200,000","-307,000","15,836,000","8,630,000","2,298,000","5,968,000","13,822,000","7,254,000","-1,816,000","-428,000","5,376,000","3,126,000","-263,000","4,066,000","15,910,000","13,818,000","18,600,000","28,524,000","5,414,000","14,405,000","-7,656,000","1,115,000","-2,688,000","15,060,000","-2,525,000","9,687,000","4,220,000","4,554,000","12,011,000","9,353,000","106,468,000","-3,930,000","-12,173,000","-12,094,000","7,519,000","-2,035,000","-11,203,000","-5,607,000","11,640,000","-6,883,000","-8,800,000","-11,675,000","-5,353,000","-11,323,000","-10,238,000","-16,097,000","-79,722,000","-62,991,000","-8,710,000","-21,615,000","6,501,000","1,233,000","-5,958,000","-4,985,000","-43,654,000","6,645,000","1,549,000","4,104,000","27,617,000","21,731,000","13,354,000","20,619,000","20,393,000","18,387,000","15,578,000","14,800,000","16,205,000","11,630,000","7,575,000","7,349,000","7,406,000","2,306,000","1,042,000","-3,349,000","20,000","-5,794,000","-16,048,000","-10,786,000","-6,924,000","-10,822,000","-18,075,000","-19,258,000","-23,100,000","-22,600,000","-17,100,000","-17,100,000","-9,100,000","5,200,000","10,800,000","8,600,000","11,100,000","9,500,000","7,900,000","1,500,000","-8,700,000","-1,700,000","-6,100,000","-14,000,000","1,500,000","13,000,000","8,600,000","5,200,000","6,300,000","5,100,000","3,900,000","1,400,000","3,300,000","2,300,000","800,000","-3,400,000","-30,800,000","16,000,000","11,000,000","7,300,000"
NetNonOperatingInterestIncomeExpense,"-6,507,000","-1,476,000","-1,602,000","-1,646,000","-1,633,000","-5,673,000","-4,797,000","-4,423,000","-5,498,000","-5,283,000","-2,682,000","-5,519,000","-13,290,000","-5,185,000","-5,917,000","-5,725,000","-6,278,000","-5,359,000","-5,964,000","-4,701,000","-3,918,000","-4,846,000","-5,201,000","-4,702,000","-4,769,000","-4,231,000","-2,511,000","-2,469,000","-915,000","-338,000","-470,000","-457,000","-365,000","-353,000","-140,000","-365,000","-252,000","-262,000","-378,000","-355,000","-391,000","-214,000","-292,000","-546,000","-708,000","-363,000","-277,000","-93,000","-246,000","-74,000","-97,000","-229,000","54,000","214,000",,,,,,,,,,,,,,,,,,,,,,,,,,,,,,,,,,,,,,,,,,,,,,,,,,,,,,,,,,,,,,,,,,,,
	InterestIncomeNonOperating,,,,,,,,,,,,,,,,,,,,,,,,,,"0","70,000","4,000","5,000","34,000","55,000","1,000","50,000","20,000","284,000","76,000","122,000","73,000","46,000","49,000","14,000","129,000","66,000","10,000","9,000","59,000","-49,000","82,000","6,000","135,000","168,000","177,000","239,000","264,000",,,,,,,,,,,,,,,,,,,,,,,,,,,,,,,,,,,,,,,,,,,,,,,,,,,,,,,,,,,,,,,,,,,,
	InterestExpenseNonOperating,"6,513,000","1,476,000","1,608,000","1,646,000","1,633,000","5,673,000","4,867,000","4,423,000","5,498,000","5,283,000","2,718,000","5,519,000","13,290,000","5,185,000","6,112,000","5,725,000","6,278,000","5,359,000","6,499,000","4,701,000","3,918,000","4,846,000","5,201,000","4,702,000","4,769,000","4,231,000","2,581,000","2,473,000","920,000","372,000","525,000","458,000","415,000","373,000","424,000","441,000","374,000","335,000","424,000","404,000","405,000","343,000","358,000","556,000","717,000","422,000","228,000","175,000","252,000","209,000","265,000","406,000","185,000","50,000",,,,,,,,,,,,,,,,,,,,,,,,,,,,,,,,,,,,,,,,,,,,,,,,,,,,,,,,,,,,,,,,,,,,
	TotalOtherFinanceCost,,,,,,,,,,,"5,584,000","5,519,000","13,290,000","5,185,000","5,725,000","5,725,000","6,278,000","5,359,000","5,203,000","4,701,000","3,918,000","4,846,000","4,622,000",,"5,159,000","4,183,000","1,727,000",,,,"1,620,000",,"357,000",,,,,,,,"379,000","194,000",,"503,000","768,000","300,000",,"30,000","102,000",,,"240,000","-58,000",,,,,,,,,,,,,,,,,,,,,,,,,,,,,,,,,,,,,,,,,,,,,,,,,,,,,,,,,,,,,,,,,,,,,
OtherIncomeExpense,"8,252,000","-102,000","267,000","7,952,000","-15,000","-1,074,000","-3,170,000","-723,000","-140,000","-145,000","-3,013,000","-229,000","269,000","-558,000","-1,555,000","-226,000","-268,000","-2,907,000","166,000","582,000","-6,063,000","-983,000","-4,380,000","-5,319,000","-177,000","-2,729,000","-4,982,000","-50,000","-1,063,000","-385,000","-1,150,000","2,000","173,000","2,000","-2,159,000","-686,000","-1,913,000","-269,000","12,566,000","-12,431,000","-25,780,000","-148,000","-8,735,000","-2,664,000","-494,000","2,279,000","-14,899,000","-122,000","-3,863,000","-1,266,000","-9,738,000","-7,902,000","-5,015,000","-4,283,000","-86,750,000","-53,344,000","-923,000","-1,009,000","-1,574,000","-6,191,000","-1,433,000","-228,000","-56,212,000","1,043,000","-174,000","-1,376,000","-961,000","-34,220,000","222,000","123,000","-2,693,000","651,000","595,000","-560,000","-2,484,000","516,000","507,000","-1,552,000","-3,800,000","259,000","-390,000","265,000","741,000","-7,698,000","2,013,000","1,132,000","1,371,000","0",,"0",,"100,000","1,300,000","600,000","167,000,000","-191,700,000","2,700,000","2,500,000","2,400,000","2,600,000","2,000,000","1,200,000","2,000,000","-8,300,000","700,000","-19,600,000","1,500,000","-100,000","400,000","-5,100,000","300,000","300,000","200,000","300,000","600,000","400,000","500,000","100,000",,,,
	SpecialIncomeCharges,"-57,000","-15,000","-115,000","88,000","-15,000","-1,074,000","-4,038,000","-723,000","-140,000","-145,000","-111,000","-229,000","269,000","-558,000","-1,747,000","-226,000","-268,000","-2,907,000","-595,000","582,000","-6,063,000","-983,000","-4,959,000","-5,314,000","213,000","-2,777,000","-5,766,000","0","-539,000","-385,000","0","0","165,000","0","-2,491,000","-688,000","-1,918,000","-273,000","13,269,000","-12,431,000","-25,780,000","-148,000","-8,735,000","-2,664,000","-494,000","2,279,000","-14,899,000","-122,000","-3,863,000","-1,266,000","-9,738,000","-7,902,000","-5,015,000","-4,283,000","-86,750,000","-53,344,000","-923,000","-1,009,000","-1,574,000","-6,191,000","-1,433,000","-228,000","-56,212,000","1,043,000","-174,000","-1,376,000","-961,000","-34,220,000","222,000","123,000","-2,693,000","651,000","595,000","-560,000","-2,484,000","516,000","507,000","-1,552,000","-3,800,000","259,000","-390,000","265,000","741,000","-7,698,000","2,013,000","1,132,000",,,,,,,"1,300,000","600,000","167,000,000","-191,700,000","2,700,000","2,500,000","2,400,000","2,600,000","2,000,000","1,200,000","2,000,000","-8,300,000","700,000","-19,600,000","1,500,000","-100,000","400,000","-5,100,000","300,000","300,000","200,000","300,000","600,000","400,000","500,000","100,000",,,,
		RestructuringAndMergernAcquisition,"57,000","15,000","115,000","-88,000","15,000","1,074,000","4,038,000","723,000","140,000","145,000","111,000","229,000","-269,000","558,000","1,747,000","226,000","268,000","2,907,000","595,000","-582,000","6,063,000","983,000","4,959,000","5,314,000","-213,000","2,777,000","5,766,000","0","539,000",,"0","0","-165,000","0","2,491,000","688,000","1,918,000","273,000","-3,845,000","12,674,000","15,841,000","168,000","8,530,000","2,707,000","-163,000","-2,216,000","14,918,000","185,000","4,007,000","1,340,000","9,741,000","7,891,000","5,019,000","4,222,000","21,305,000","2,107,000","937,000","1,063,000","1,338,000","6,297,000","1,517,000","258,000","3,167,000","-1,620,000",,"1,066,000","1,158,000","1,997,000",,,,,,,"1,335,000","76,000",,"1,783,000","3,250,000",,"-327,000",,"-281,000","8,303,000","-118,000","364,000",,,,,,,,,,,,,,,,,,,,,,,,,,,,,,,,,,,,
		ImpairmentOfCapitalAssets,,,,,,,,,,,,,,,,,,,,,,,,,,,,,,,,,,,,,,,,,,,,,,,,,,,"0","0",,,,,,,,,,,,,,,,,,,,,,,,,,,,,,,,,,,,,,,,,,,,,,,,,,,,,,,,,,,,,,,,,,,,,,
		OtherSpecialCharges,,,,,,,,,,,,,,,,,,,"0","0","0","0","-579,000","5,000","390,000","-48,000","-784,000","50,000","524,000",,"1,150,000",,"-8,000","-2,000","-332,000","-2,000","-5,000","-4,000","-8,721,000","-243,000","9,939,000","-20,000","205,000","-43,000","657,000","-63,000","-19,000","-63,000","-144,000","-74,000","-3,000","11,000","-4,000","61,000","65,445,000","51,237,000","-14,000","-54,000","236,000","-106,000","-84,000","-30,000","53,045,000","577,000",,"310,000","-197,000","32,223,000",,,,,,,"1,149,000","-592,000",,"-231,000","550,000",,"717,000",,"-460,000","-605,000","-1,895,000","-1,496,000",,,,,,,,,,,,,,,,,,,,,,,,,,,,,,,,,,,,
	OtherNonOperatingIncomeExpenses,"8,309,000","-87,000","382,000","7,864,000",,,,,,,,,,,,,,,,,,,"579,000","-5,000","-390,000","48,000","784,000","-50,000","-524,000","-385,000","-1,150,000","2,000","8,000","2,000","332,000","2,000","5,000","4,000",,,,,,,,,,,,,,,,,,,,,,,,,,,,,,,,,,,,,,,,,,,,,,,,,,,,,,,,,,,,,,,,,,,,,,,,,,,,,,,,,,,,
PretaxIncome,"50,794,000","11,712,000","15,951,000","15,766,000","7,365,000","4,873,000","6,913,000","8,694,000","2,562,000","-5,735,000","10,141,000","2,882,000","-10,723,000","225,000","6,350,000","1,303,000","-8,362,000","-8,694,000","-422,000","-993,000","-10,244,000","-1,763,000","6,329,000","3,797,000","13,654,000","21,564,000","-2,079,000","11,886,000","-9,634,000","392,000","-4,308,000","14,605,000","-2,717,000","9,336,000","1,921,000","3,503,000","9,846,000","8,822,000","118,656,000","-16,716,000","-38,344,000","-12,456,000","-1,508,000","-5,245,000","-12,405,000","-3,691,000","-3,536,000","-7,098,000","-12,909,000","-13,015,000","-15,188,000","-19,454,000","-15,199,000","-20,166,000","-100,696,000","-64,591,000","-9,030,000","-21,197,000","6,902,000","-3,084,000","-5,452,000","-3,348,000","-45,230,000","9,528,000","3,430,000","4,698,000","21,700,000","-14,791,000","14,251,000","21,175,000","20,765,000","18,911,000","16,173,000","14,240,000","15,414,000","12,146,000","8,082,000","5,797,000","4,566,000","2,565,000","652,000","-3,084,000","1,834,000","-13,492,000","-14,035,000","-9,654,000","-6,320,000","-9,973,000","-16,842,000","-18,214,000","-36,800,000","-21,800,000","-15,800,000","-16,600,000","157,500,000","-186,400,000","13,300,000","11,200,000","13,500,000","12,000,000","10,000,000","2,800,000","-7,000,000","-10,000,000","-5,500,000","-33,500,000","2,000,000","12,900,000","9,000,000","100,000","6,600,000","5,400,000","4,100,000","1,800,000","3,700,000","2,700,000","1,300,000","-3,100,000",,,,
TaxProvision,"3,211,000","1,126,000","735,000","991,000","359,000","482,000","-174,000","707,000","717,000","122,000","-5,231,000","-283,000","0","438,000","447,000","425,000","144,000","255,000","459,000","-1,065,000","587,000","152,000","1,108,000","-5,321,000","703,000","635,000","2,306,000","768,000","-5,550,000","561,000","761,000","365,000","622,000","440,000","792,000","921,000","669,000","557,000","1,952,000","672,000","903,000","521,000","-2,715,000","2,774,000","-543,000","1,426,000","-2,965,000","2,897,000","-3,000","467,000","2,733,000","-2,246,000","750,000","-2,889,000","-443,000","1,800,000","1,355,000","-49,000","3,049,000","2,769,000","547,000","-3,368,000","7,335,000","5,935,000","731,000","1,353,000","3,275,000","2,966,000","685,000","1,429,000","-1,749,000","-63,000","700,000","-500,000","-350,000","300,000","300,000","300,000","300,000","300,000","500,000","600,000","500,000","700,000","800,000","800,000","1,250,000","1,250,000","1,250,000","1,250,000","68,100,000","-8,700,000","-7,800,000","-5,100,000","33,700,000","-42,100,000","4,100,000","3,500,000","4,200,000","3,200,000","3,500,000","1,000,000","-2,200,000","-3,200,000","-1,800,000","-10,700,000","500,000","4,100,000","2,900,000","1,100,000","1,800,000","1,500,000","1,100,000","500,000","700,000","600,000","300,000","-700,000",,,,
NetIncomeCommonStockholders,"47,583,000","10,586,000","15,216,000","14,775,000","7,006,000","4,391,000","7,087,000","7,987,000","1,845,000","-5,857,000","15,372,000","3,165,000","-10,723,000","-213,000","5,903,000","878,000","-8,506,000","-8,949,000","-881,000","72,000","-10,831,000","-1,915,000","5,221,000","9,118,000","12,951,000","20,929,000","-4,385,000","11,118,000","-4,084,000","-169,000","-5,069,000","14,240,000","-3,339,000","8,896,000","1,129,000","2,582,000","9,177,000","8,265,000","162,508,000","-17,388,000","-39,247,000","-12,977,000","1,207,000","-8,019,000","-11,862,000","-5,117,000","-571,000","-9,995,000","-12,906,000","-13,482,000","-17,921,000","-17,208,000","-15,949,000","-17,277,000","-100,253,000","-66,391,000","-10,385,000","-21,148,000","3,853,000","-5,853,000","-5,999,000","20,000","-52,565,000","3,593,000","2,699,000","3,345,000","18,425,000","-17,757,000","13,566,000","19,746,000","22,514,000","18,974,000","15,473,000","14,740,000","15,764,000","11,846,000","7,782,000","5,497,000","4,266,000","2,265,000","152,000","-3,684,000","1,334,000","-14,192,000","-14,835,000","-10,454,000","-7,570,000","-11,223,000","-18,092,000","-19,464,000","-104,900,000","-13,100,000","-8,000,000","-11,500,000","123,800,000","-144,300,000","9,200,000","7,700,000","9,300,000","8,800,000","6,500,000","1,800,000","-4,800,000","-6,800,000","-3,700,000","-22,800,000","1,500,000","8,800,000","6,100,000","-1,000,000","4,800,000","3,900,000","3,000,000","1,300,000","3,000,000","2,100,000","1,000,000","-2,400,000","100,000","800,000","400,000","200,000"
	NetIncome,"47,583,000","10,586,000","15,216,000","14,775,000","7,006,000","4,391,000","7,087,000","7,987,000","1,845,000","-5,857,000","15,372,000","3,165,000","-10,723,000","-213,000","5,903,000","878,000","-8,506,000","-8,949,000","-881,000","72,000","-10,831,000","-1,915,000","5,221,000","9,118,000","12,951,000","20,929,000","-4,385,000","11,118,000","-4,084,000","-169,000","-5,069,000","14,240,000","-3,339,000","8,896,000","1,129,000","2,582,000","9,177,000","8,265,000","162,508,000","-17,388,000","-39,247,000","-12,977,000","1,207,000","-8,019,000","-11,862,000","-5,117,000","-571,000","-9,995,000","-12,906,000","-13,482,000","-17,921,000","-17,208,000","-15,949,000","-17,277,000","-100,253,000","-66,391,000","-10,385,000","-21,148,000","3,853,000","-5,853,000","-5,999,000","20,000","-52,565,000","3,593,000","2,699,000","3,345,000","18,425,000","-17,757,000","13,566,000","19,746,000","22,514,000","18,974,000","15,473,000","14,740,000","15,764,000","11,846,000","7,782,000","5,497,000","4,266,000","2,265,000","152,000","-3,684,000","1,334,000","-14,192,000","-14,835,000","-10,454,000","-7,570,000","-11,223,000","-18,092,000","-19,464,000","-104,900,000","-13,100,000","-8,000,000","-11,500,000","123,800,000","-144,300,000","9,200,000","7,700,000","9,300,000","8,800,000","6,500,000","1,800,000","-4,800,000","-6,800,000","-3,700,000","-22,800,000","1,500,000","8,800,000","6,100,000","-1,000,000","4,800,000","3,900,000","3,000,000","1,300,000","3,000,000","2,100,000","1,000,000","-2,400,000","1,000,000","800,000","400,000","200,000"
		NetIncomeIncludingNoncontrollingInterests,"47,583,000","10,586,000","15,216,000","14,775,000","7,006,000","4,391,000","7,087,000","7,987,000","1,845,000","-5,857,000","15,372,000","3,165,000","-10,723,000","-213,000","5,903,000","878,000","-8,506,000","-8,949,000","-881,000","72,000","-10,831,000","-1,915,000","5,221,000","9,118,000","12,951,000","20,929,000","-4,385,000","11,118,000","-4,084,000","-169,000","-5,069,000","14,240,000","-3,339,000","8,896,000","1,129,000","2,582,000","9,177,000","8,265,000","162,508,000","-17,388,000","-39,247,000","-12,977,000","1,207,000","-8,019,000","-11,862,000","-5,117,000","-571,000","-9,995,000","-12,906,000","-13,482,000","-17,921,000","-17,208,000","-15,949,000","-17,277,000","-100,253,000","-66,391,000","-10,385,000","-21,148,000","3,853,000","-5,853,000","-5,999,000","20,000","-52,565,000","3,593,000","2,699,000","3,345,000","18,425,000","-17,757,000","13,566,000","19,746,000","22,514,000","18,974,000","15,473,000","14,740,000","15,764,000","11,846,000","7,782,000","5,497,000","4,266,000","2,265,000","152,000","-3,684,000","1,334,000","-14,192,000","-14,835,000","-10,454,000","-7,570,000","-11,223,000","-18,092,000","-19,464,000","-104,900,000","-13,100,000","-8,000,000","-11,500,000","123,800,000","-144,300,000","9,200,000","7,700,000","9,300,000","8,800,000","6,500,000","1,800,000","-4,800,000","-6,800,000","-3,700,000","-22,800,000","1,500,000","8,800,000","6,100,000","-1,000,000","4,900,000","3,900,000","3,000,000","1,300,000","3,000,000","2,100,000","1,000,000","-2,400,000","1,000,000","800,000","400,000","200,000"
			NetIncomeContinuousOperations,"47,583,000","10,586,000","15,216,000","14,775,000","7,006,000","4,391,000","7,087,000","7,987,000","1,845,000","-5,857,000","15,372,000","3,165,000","-10,723,000","-213,000","5,903,000","878,000","-8,506,000","-8,949,000","-881,000","72,000","-10,831,000","-1,915,000","5,221,000","9,118,000","12,951,000","20,929,000","-4,385,000","11,118,000","-4,084,000","-169,000","-5,069,000","14,240,000","-3,339,000","8,896,000","1,129,000","2,582,000","9,177,000","8,265,000","116,704,000","-17,388,000","-39,247,000","-12,977,000","1,207,000","-8,019,000","-11,862,000","-5,117,000","-571,000","-9,995,000","-12,906,000","-13,482,000","-17,921,000","-17,208,000","-15,949,000","-17,277,000","-100,253,000","-66,391,000","-10,385,000","-21,148,000","3,853,000","-5,853,000","-5,999,000","20,000","-52,565,000","3,593,000","2,699,000","3,345,000","18,425,000","-17,757,000","13,566,000","19,746,000","22,514,000","18,974,000","15,473,000","14,740,000","15,764,000","11,846,000","7,782,000","5,497,000","4,266,000","2,265,000","152,000","-3,684,000","1,334,000","-14,192,000","-14,835,000","-10,454,000","-7,570,000","-11,223,000","-18,092,000","-19,464,000","-104,900,000","-13,100,000","-8,000,000","-11,500,000","123,800,000","-144,300,000","9,200,000","7,700,000","9,300,000","8,800,000","6,500,000","1,800,000","-4,800,000","-6,800,000","-3,700,000","-22,800,000","1,500,000","8,800,000","6,100,000","-1,000,000","4,800,000","3,900,000","3,000,000","1,300,000","3,000,000","2,100,000","1,000,000","-2,400,000","1,000,000","800,000","400,000","200,000"
			NetIncomeDiscontinuousOperations,,,,,,,,,,,,,,,,,,,,,,,,,,,,,,,,,,,"0","0","0","0",,,,,,,,,,,,,,,,,,,,,,,,,,,,,,,,,,,,,,,,,,,,,,,,,,,,,,,,,,,,,,,,,,,,,,,,,,,,,,,,,,,,
DilutedNIAvailtoComStockholders,"47,583,000","10,586,000","15,216,000","14,775,000","7,006,000","4,391,000","7,087,000","7,987,000","1,845,000","-5,857,000","15,372,000","3,165,000","-10,723,000","-213,000","5,903,000","878,000","-8,506,000","-8,949,000","-881,000","72,000","-10,831,000","-1,915,000","5,221,000","9,118,000","12,951,000","20,929,000","-4,385,000","11,118,000","-4,084,000","-169,000","-5,069,000","14,240,000","-3,339,000","8,896,000","1,129,000","2,582,000","9,177,000","8,265,000","162,508,000","-17,388,000","-39,247,000","-12,977,000","1,207,000","-8,019,000","-11,862,000","-5,117,000","-571,000","-9,995,000","-12,906,000","-13,482,000","-17,921,000","-17,208,000","-15,949,000","-17,277,000","-100,253,000","-66,391,000","-10,385,000","-21,148,000","3,853,000","-5,853,000","-5,999,000","20,000","-52,565,000","3,593,000","2,699,000","3,345,000","18,425,000","-17,757,000","13,566,000","19,746,000","22,514,000","18,974,000","15,473,000","14,740,000","15,764,000","11,846,000","7,782,000","5,497,000","4,266,000","2,265,000","152,000","-3,684,000","1,334,000","-14,192,000","-14,835,000","-10,454,000","-7,570,000","-11,223,000","-18,092,000","-19,464,000","-104,900,000","-13,100,000","-8,000,000","-11,500,000","123,800,000","-144,300,000","9,200,000","7,700,000","9,300,000","8,800,000","6,500,000","1,800,000","-4,800,000","-6,800,000","-3,700,000","-22,800,000","1,500,000","8,800,000","6,100,000","-1,000,000","4,800,000","3,900,000","3,000,000","1,300,000","3,000,000","2,100,000","1,000,000","-2,400,000","100,000","800,000","400,000","200,000"
BasicEPS,,"0.24","0.34","0.32","0.15","0.1","0.16","0.18","0.04","-0.14","0.36","0.07","-0.25","-0.01","0.14","0.02","-0.2","-0.22","-0.02","0.002","-0.26","-0.05","0.13","0.23","0.33","0.53","-0.11","0.28","-0.1","-0.004","-0.13","0.36","-0.09","0.23",,"0.07","0.24","0.21",,"-0.45","-1.01","-0.4",,"-0.21","-0.31","-0.13",,"-0.26","-0.34","-0.36",,"-0.43","-0.43","-0.47",,"-1.8","-0.28","-0.54",,"-0.14","-0.15","0",,"0.09","0.06","0.08",,"-0.46","0.39","0.56",,"0.58","0.49","0.47",,"0.4","0.27","0.2",,"0.09","0.01","-0.14",,"-0.55","-0.58","-0.41",,"-0.45","-0.7","-0.81",,"-0.56","-0.34","-0.47",,"-5.97","0.4","0.34",,"0.34","0.27","0.08",,"-0.32","-0.17","-1.08",,"0.43","0.31","-0.05",,"0.33","0.26","0.11",,"0.18","0.09","-0.53",,"0.1","0.04","0.02"
DilutedEPS,,"0.23","0.33","0.32","0.15","0.1","0.16","0.18","0.04","-0.14","0.35","0.07","-0.25","-0.01","0.14","0.02","-0.2","-0.22","-0.02","0.002","-0.26","-0.05","0.13","0.23","0.33","0.53","-0.11","0.28","-0.1","-0.004","-0.13","0.36","-0.09","0.23",,"0.07","0.23","0.21",,"-0.45","-1.01","-0.4",,"-0.21","-0.31","-0.13",,"-0.26","-0.34","-0.36",,"-0.43","-0.43","-0.47",,"-1.8","-0.28","-0.54",,"-0.14","-0.15","0",,"0.08","0.06","0.08",,"-0.46","0.37","0.53",,"0.54","0.45","0.44",,"0.35","0.25","0.18",,"0.09","0.01","-0.14",,"-0.55","-0.58","-0.41",,"-0.45","-0.7","-0.81",,"-0.56","-0.34","-0.47",,"-5.97","0.37","0.31",,"0.34","0.27","0.08",,"-0.32","-0.17","-1.08",,"0.43","0.31","-0.05",,"0.33","0.26","0.11",,"0.18","0.09","-0.53",,"0.1","0.04","0.02"
BasicAverageShares,,"44,817,000","45,061,000","45,564,000","45,211,000","44,559,000","44,288,000","44,019,000","43,719,000","43,254,000","43,060,000","42,913,000","42,560,000","42,046,000","41,860,000","41,792,000","41,587,000","41,404,000","41,216,000","41,133,000","40,953,000","40,772,000","40,637,000","40,194,000","39,678,000","39,566,000","39,439,000","39,231,000","39,635,000","39,387,000","39,234,000","39,133,000","39,119,000","39,099,000",,"39,075,000","39,040,000","38,977,000",,"38,859,000","38,778,000","38,662,000",,"38,511,000","38,413,000","38,228,000",,"38,045,000","37,909,000","37,516,000",,"37,341,000","37,282,000","37,130,000",,"36,960,000","36,904,000","39,362,000",,"40,798,000","40,940,000","41,154,000",,"41,531,000","42,273,000","42,137,000",,"38,935,000","35,177,000","34,987,000",,"32,737,000","31,623,000","31,202,000",,"29,865,000","28,494,000","27,604,000",,"26,287,000","26,161,000","26,029,000",,"25,745,000","25,440,000","25,348,000",,"24,794,000","25,711,000","24,065,000",,"23,392,857","23,529,412","24,468,085",,"24,170,854","23,000,000","22,647,059",,"25,882,353","24,074,074","22,500,000",,"21,250,000","21,764,706","21,111,111",,"20,465,116","19,677,419","20,000,000",,"11,818,182","11,538,462","11,818,182",,"11,666,667","11,111,111","9,901,000",,"8,000,000","10,000,000","10,000,000"
DilutedAverageShares,,"45,408,000","45,773,000","46,428,000","46,550,000","46,204,000","45,541,000","44,758,000","44,180,000","43,254,000","43,737,000","43,674,000","42,560,000","42,046,000","42,430,000","42,226,000","41,587,000","41,404,000","41,216,000","41,355,000","40,953,000","40,772,000","40,746,000","40,476,000","39,734,000","39,640,000","39,439,000","39,750,000","39,635,000","39,387,000","39,966,000","39,201,000","39,119,000","39,122,000",,"39,076,000","39,069,000","39,034,000",,"38,859,000","38,778,000","38,662,000",,"38,511,000","38,413,000","38,228,000",,"38,045,000","37,909,000","37,516,000",,"37,341,000","37,282,000","37,130,000",,"36,960,000","36,904,000","39,362,000",,"40,798,000","40,940,000","41,763,000",,"42,281,000","43,057,000","43,200,000",,"38,935,000","37,024,000","37,263,000",,"35,033,000","34,134,000","33,740,000",,"33,380,000","31,673,000","29,860,000",,"26,550,000","26,511,000","26,029,000",,"25,745,000","25,440,000","25,348,000",,"24,794,000","25,711,000","24,065,000",,"23,392,857","23,529,412","24,468,085",,"24,170,854","24,864,865","24,838,710",,"25,882,353","24,074,074","22,500,000",,"21,250,000","21,764,706","21,111,111",,"20,465,116","19,677,419","20,000,000",,"11,818,182","11,538,462","11,818,182",,"11,666,667","11,111,111","9,901,000",,"8,000,000","10,000,000","10,000,000"
TotalOperatingIncomeAsReported,"48,992,000","13,275,000","17,171,000","9,548,000","8,998,000","10,546,000","10,842,000","13,117,000","8,060,000","-452,000","15,725,000","8,401,000","2,567,000","5,410,000","12,075,000","7,028,000","-2,084,000","-3,335,000","4,781,000","3,708,000","-6,326,000","3,083,000","10,951,000","8,504,000","18,813,000","25,747,000","-352,000","14,405,000","-8,195,000","1,115,000","-2,688,000","15,060,000","-2,360,000","9,687,000","1,729,000","3,866,000","10,093,000","9,080,000","119,806,000","-16,398,000","-37,965,000","-12,262,000","-1,011,000","-4,742,000","-11,637,000","-3,391,000","-3,278,000","-7,068,000","-12,807,000","-13,015,000","-15,094,000","-19,214,000","-15,257,000","-20,319,000","-101,027,000","-65,098,000","-9,647,000","-22,678,000","5,163,000","-5,064,000","-7,475,000","-5,243,000","-46,821,000","7,696,000","1,549,000","2,728,000","19,849,000","-16,510,000","13,072,000","20,338,000","20,112,000","18,260,000","15,578,000","14,800,000","14,870,000","11,554,000","7,575,000","5,566,000","4,156,000","2,306,000","1,369,000","-3,349,000","301,000","-14,097,000","-15,930,000","-11,150,000","-6,924,000","-10,822,000","-18,075,000","-19,258,000","-23,100,000","-22,600,000","-17,100,000","-17,100,000","-9,100,000","5,200,000","10,800,000","8,600,000","11,100,000","9,500,000","7,900,000","1,500,000","-8,700,000","-1,700,000","-6,100,000","-14,000,000","1,500,000","13,000,000","8,600,000","5,200,000","6,300,000","5,100,000","3,900,000","1,400,000","3,300,000","2,300,000","800,000","-3,400,000",,,,
TotalExpenses,"367,180,000","87,359,000","101,778,000","92,180,000","85,863,000","82,744,000","89,421,000","76,591,000","71,081,000","86,760,000","100,471,000","84,831,000","96,403,000","97,351,000","98,862,000","96,792,000","100,431,000","98,365,000","101,882,000","102,139,000","102,636,000","100,041,000","99,385,000","105,201,000","115,469,000","115,023,000","133,392,000","123,031,000","117,423,000","118,471,000","130,884,000","127,369,000","127,169,000","125,295,000","142,883,000","134,339,000","129,334,000","126,718,000","92,489,000","131,105,000","169,604,000","164,233,000","177,785,000","167,000,000","172,547,000","171,930,000","183,707,000","171,942,000","170,960,000","167,631,000","180,032,000","163,442,000","160,781,000","167,726,000","286,428,000","280,057,000","231,573,000","219,881,000","252,019,000","225,593,000","231,284,000","223,883,000","282,703,000","224,588,000","220,677,000","213,966,000","217,354,000","182,689,000","146,697,000","145,382,000","154,578,000","128,987,000","124,308,000","112,574,000","111,123,000","107,460,000","105,742,000","104,828,000","105,378,000","105,526,000","105,052,000","95,358,000","104,769,000","108,075,000","125,482,000","128,919,000","133,068,000","132,114,000","138,034,000","127,954,000","134,800,000","135,900,000","133,500,000","128,400,000","153,700,000","111,000,000","102,100,000","100,100,000","112,600,000","107,000,000","115,000,000","106,700,000","121,900,000","116,400,000","115,200,000","106,000,000","108,500,000","101,400,000","89,800,000","78,700,000","60,700,000","48,900,000","41,200,000","36,100,000","32,500,000","28,700,000","25,500,000","23,200,000",,,,
NetIncomeFromContinuingAndDiscontinuedOperation,"47,583,000","10,586,000","15,216,000","14,775,000","7,006,000","4,391,000","7,087,000","7,987,000","1,845,000","-5,857,000","15,372,000","3,165,000","-10,723,000","-213,000","5,903,000","878,000","-8,506,000","-8,949,000","-881,000","72,000","-10,831,000","-1,915,000","5,221,000","9,118,000","12,951,000","20,929,000","-4,385,000","11,118,000","-4,084,000","-169,000","-5,069,000","14,240,000","-3,339,000","8,896,000","1,129,000","2,582,000","9,177,000","8,265,000","162,508,000","-17,388,000","-39,247,000","-12,977,000","1,207,000","-8,019,000","-11,862,000","-5,117,000","-571,000","-9,995,000","-12,906,000","-13,482,000","-17,921,000","-17,208,000","-15,949,000","-17,277,000","-100,253,000","-66,391,000","-10,385,000","-21,148,000","3,853,000","-5,853,000","-5,999,000","20,000","-52,565,000","3,593,000","2,699,000","3,345,000","18,425,000","-17,757,000","13,566,000","19,746,000","22,514,000","18,974,000","15,473,000","14,740,000","15,764,000","11,846,000","7,782,000","5,497,000","4,266,000","2,265,000","152,000","-3,684,000","1,334,000","-14,192,000","-14,835,000","-10,454,000","-7,570,000","-11,223,000","-18,092,000","-19,464,000","-104,900,000","-13,100,000","-8,000,000","-11,500,000","123,800,000","-144,300,000","9,200,000","7,700,000","9,300,000","8,800,000","6,500,000","1,800,000","-4,800,000","-6,800,000","-3,700,000","-22,800,000","1,500,000","8,800,000","6,100,000","-1,000,000","4,800,000","3,900,000","3,000,000","1,300,000","3,000,000","2,100,000","1,000,000","-2,400,000","1,000,000","800,000","400,000","200,000"
NormalizedIncome,"47,636,396.681","10,599,560","15,325,700.959","14,692,531.397","7,020,268.839","5,358,674","10,034,740","8,651,205.314","1,945,819.672","-5,751,150","15,453,030","3,332,170","-10,992,000","194,340","7,527,022.205","1,030,285.495","-8,310,360","-6,826,890","-524,000","-277,200","-7,193,200","-1,325,200","9,311,841.997","12,306,400","12,748,966.676","23,625,467","-925,400","11,118,000","-3,760,600","-169,000","-5,069,000","14,240,000","-3,446,250","8,896,000","2,748,150","3,089,112.76","10,964,678.854","8,520,528","103,653,287.217","-9,307,850","-22,490,000","-12,880,800","6,884,750","-6,287,400","-11,389,623.7","-6,598,350","9,113,350","-9,915,700","-9,043,897.746","-12,659,100","-11,591,300","-10,218,300.401","-12,689,250","-13,607,586.581","-13,884,646.242","-31,717,400","-9,785,050","-20,141,332.453","4,876,100","-1,828,850","-5,067,550","168,200","-18,837,800","2,967,200","2,835,917.201","4,324,719.029","19,240,964.286","2,775,000","13,354,670.83","19,631,300.685","24,129,800","18,583,400","14,903,752.798","15,076,000","17,254,400","11,342,744.937","7,293,819.599","6,968,682.594","7,816,328.515","2,036,292.398","386,000","-3,843,000","795,017.448","-9,573,200","-16,042,800","-11,133,200","-7,570,000","-11,223,000","-18,092,000","-19,464,000","-104,900,000","-13,100,000","-8,780,000","-11,915,662.651","-7,467,301.587","4,102,950.644","7,332,330.827","5,981,250","7,646,666.667","6,893,333.333","5,200,000","1,028,571.429","-6,171,428.571","-1,156,000","-4,170,909.091","-9,460,298.507","375,000","8,868,217.054","5,828,888.889","2,060,000","4,581,818.182","3,683,333.333","2,853,658.537","1,083,333.333","2,513,513.514","1,788,888.889","615,384.615","-2,477,419.355","1,000,000","800,000","400,000","200,000"
InterestIncome,,,,,,,,,,,,,,,,,,,,,,,,,,"0","70,000","4,000","5,000","34,000","55,000","1,000","50,000","20,000","284,000","76,000","122,000","73,000","46,000","49,000","14,000","129,000","66,000","10,000","9,000","59,000","-49,000","82,000","6,000","135,000","168,000","177,000","239,000","264,000","505,000","621,000","746,000","1,563,000","2,130,000","2,100,000","2,037,000",,"1,801,000","1,977,000","2,144,000","2,068,000","1,766,000",,"1,052,000","808,000",,,,,,,,,,,,,,,,,"508,000","849,000",,"1,044,000",,"700,000",,,,,,,,,,,,,,,,,,,,,,,,,,,,,,
InterestExpense,"6,513,000","1,476,000","1,608,000","1,646,000","1,633,000","5,673,000","4,867,000","4,423,000","5,498,000","5,283,000","2,718,000","5,519,000","13,290,000","5,185,000","6,112,000","5,725,000","6,278,000","5,359,000","6,499,000","4,701,000","3,918,000","4,846,000","5,201,000","4,702,000","4,769,000","4,231,000","2,581,000","2,473,000","920,000","372,000","525,000","458,000","415,000","373,000","424,000","441,000","374,000","335,000","424,000","404,000","405,000","343,000","358,000","556,000","717,000","422,000","228,000","175,000","252,000","209,000","265,000","406,000","185,000","50,000","157,000","134,000","143,000","136,000","155,000","226,000","98,000",,"165,000","137,000","89,000","98,000","112,000",,"95,000","94,000",,,,,,,,,,,,,,,,,,,,,,,,,,,,,,,,,,,,,,,,,,,,,,,,,,,,
NetInterestIncome,"-6,507,000","-1,476,000","-1,602,000","-1,646,000","-1,633,000","-5,673,000","-4,797,000","-4,423,000","-5,498,000","-5,283,000","-2,682,000","-5,519,000","-13,290,000","-5,185,000","-5,917,000","-5,725,000","-6,278,000","-5,359,000","-5,964,000","-4,701,000","-3,918,000","-4,846,000","-5,201,000","-4,702,000","-4,769,000","-4,231,000","-2,511,000","-2,469,000","-915,000","-338,000","-470,000","-457,000","-365,000","-353,000","-140,000","-365,000","-252,000","-262,000","-378,000","-355,000","-391,000","-214,000","-292,000","-546,000","-708,000","-363,000","-277,000","-93,000","-246,000","-74,000","-97,000","-229,000","54,000","214,000","348,000","487,000","603,000","1,427,000","1,975,000","1,874,000","1,939,000",,"1,636,000","1,840,000","2,055,000","1,970,000","1,654,000",,"957,000","714,000",,,,,,,,,,,,,,,,,"-767,000","849,000",,"1,044,000",,"700,000",,,,,,,,,,,,,,,,,,,,,,,,,,,,,,
EBIT,"57,307,000","13,188,000","17,559,000","17,412,000","8,998,000","10,546,000","11,780,000","13,117,000","8,060,000","-452,000","12,859,000","8,401,000","2,567,000","5,410,000","12,462,000","7,028,000","-2,084,000","-3,335,000","6,077,000","3,708,000","-6,326,000","3,083,000","11,530,000","8,499,000","18,423,000","25,795,000","502,000","14,359,000","-8,714,000","764,000","-3,783,000","15,063,000","-2,302,000","9,709,000","2,345,000","3,944,000","10,220,000","9,157,000","119,080,000","-16,312,000","-37,939,000","-12,113,000","-1,150,000","-4,689,000","-11,688,000","-3,269,000","-3,308,000","-6,923,000","-12,657,000","-12,806,000","-14,923,000","-19,048,000","-15,014,000","-20,116,000","-79,722,000","-62,991,000","-8,710,000","-21,615,000","6,501,000","1,233,000","-5,958,000","-4,985,000","-43,654,000","6,645,000","1,549,000","4,104,000","27,617,000","21,731,000","13,354,000","20,619,000","20,393,000","18,387,000","15,578,000","14,800,000","16,205,000","11,630,000","7,575,000","7,349,000","7,406,000","2,306,000","1,042,000","-3,349,000","20,000","-5,794,000","-16,048,000","-10,786,000","-6,924,000","-10,822,000","-18,075,000","-19,258,000","-23,100,000","-22,600,000","-17,100,000","-17,100,000","-9,100,000","5,200,000","10,800,000","8,600,000","11,100,000","9,500,000","7,900,000","1,500,000","-8,700,000","-1,700,000","-6,100,000","-14,000,000","1,500,000","13,000,000","8,600,000","5,200,000","6,300,000","5,100,000","3,900,000","1,400,000","3,300,000","2,300,000","800,000","-3,400,000","-30,800,000","16,000,000","11,000,000","7,300,000"
EBITDA,"65,245,000"
ReconciledCostOfRevenue,"145,077,000","33,885,000","40,717,000","35,737,000","34,738,000","32,948,000","36,763,000","30,187,000","25,531,000","31,160,000","40,866,000","33,558,000","37,689,000","37,660,000","41,294,000","38,792,000","37,421,000","36,919,000","43,769,000","39,868,000","37,267,000","35,096,000","39,879,000","37,916,000","40,508,000","37,923,000","51,496,000","44,486,000","39,914,000","43,815,000","46,690,000","48,792,000","46,380,000","46,281,000","54,829,000","51,703,000","49,788,000","47,470,000","24,302,000","56,114,000","76,739,000","68,612,000","78,633,000","71,726,000","73,219,000","73,877,000","83,878,000","73,114,000","74,145,000","72,829,000","78,055,000","65,689,000","67,554,000","73,031,000","111,939,000","106,950,000","106,630,000","96,969,000","126,159,000","106,743,000","104,795,000","103,270,000","113,779,000","107,497,000","102,276,000","99,421,000","112,260,000","88,807,000","67,753,000","67,573,000","73,730,000","59,728,000","58,122,000","51,265,000","51,047,000","49,980,000","47,837,000","49,434,000","50,847,000","50,359,000","49,759,000","44,449,000","48,582,000","46,484,000","49,769,000","52,618,000","58,753,000","55,987,000","53,537,000","48,755,000","47,600,000","49,900,000","45,500,000","39,600,000","48,700,000","40,600,000","39,700,000","39,400,000","48,600,000","45,000,000","52,800,000","49,800,000","58,200,000","53,300,000","52,000,000","45,800,000","48,700,000","50,000,000","44,000,000","36,600,000","28,600,000","24,200,000","20,100,000","16,500,000","15,600,000","14,000,000","11,500,000","8,200,000",,,,
ReconciledDepreciation,"7,938,000","1,803,000","1,931,000","2,002,000","2,202,000","2,119,000","2,188,000","1,987,000","2,188,000","2,142,000","2,165,000","2,045,000","4,684,000","4,740,000","5,237,000","5,006,000","5,225,000","5,674,000","5,405,000","5,401,000","5,716,000","5,815,000","6,310,000","6,279,000","6,543,000","6,347,000","6,152,000","5,922,000","3,963,000","4,051,000","4,233,000","4,369,000","4,438,000","4,914,000","5,797,000","5,170,000","5,665,000","6,135,000","6,590,000","4,721,000","8,610,000","7,574,000","8,445,000","7,663,000","7,903,000","7,972,000","8,525,000","8,529,000","8,194,000","8,303,000","8,072,000","8,295,000","8,013,000","7,750,000","8,837,000","10,653,000","11,220,000","12,132,000","12,986,000","13,033,000","13,842,000","13,325,000","13,854,000","15,179,000","14,348,000","14,000,000","15,517,000","11,311,000","5,393,000","5,267,000","5,361,000","4,232,000","3,422,000","3,277,000","3,048,000","3,145,000","3,112,000","3,086,000","3,153,000","3,120,000","3,089,000","3,612,000","5,045,000","9,048,000","16,879,000","16,315,000","16,594,000","19,178,000","24,189,000","24,303,000","28,100,000","25,200,000","24,600,000","25,300,000","35,300,000","9,700,000","4,800,000","6,100,000","5,500,000","6,600,000","6,900,000","6,400,000","8,100,000","7,400,000","7,400,000","6,700,000","6,000,000","6,400,000","3,100,000","4,000,000","3,800,000","2,500,000","2,100,000","2,000,000","1,500,000","1,500,000","1,000,000","900,000",,,,
NetIncomeFromContinuingOperationNetMinorityInterest,"47,583,000","10,586,000","15,216,000","14,775,000","7,006,000","4,391,000","7,087,000","7,987,000","1,845,000","-5,857,000","15,372,000","3,165,000","-10,723,000","-213,000","5,903,000","878,000","-8,506,000","-8,949,000","-881,000","72,000","-10,831,000","-1,915,000","5,221,000","9,118,000","12,951,000","20,929,000","-4,385,000","11,118,000","-4,084,000","-169,000","-5,069,000","14,240,000","-3,339,000","8,896,000","1,129,000","2,582,000","9,177,000","8,265,000","116,704,000","-17,388,000","-39,247,000","-12,977,000","1,207,000","-8,019,000","-11,862,000","-5,117,000","-571,000","-9,995,000","-12,906,000","-13,482,000","-17,921,000","-17,208,000","-15,949,000","-17,277,000","-100,253,000","-66,391,000","-10,385,000","-21,148,000","3,853,000","-5,853,000","-5,999,000","20,000","-52,565,000","3,593,000","2,699,000","3,345,000","18,425,000","-17,757,000","13,566,000","19,746,000","22,514,000","18,974,000","15,473,000","14,740,000","15,764,000","11,846,000","7,782,000","5,497,000","4,266,000","2,265,000","152,000","-3,684,000","1,334,000","-14,192,000","-14,835,000","-10,454,000","-7,570,000","-11,223,000","-18,092,000","-19,464,000","-104,900,000","-13,100,000","-8,000,000","-11,500,000","123,800,000","-144,300,000","9,200,000","7,700,000","9,300,000","8,800,000","6,500,000","1,800,000","-4,800,000","-6,800,000","-3,700,000","-22,800,000","1,500,000","8,800,000","6,100,000","-1,000,000","4,800,000","3,900,000","3,000,000","1,300,000","3,000,000","2,100,000","1,000,000","-2,400,000","1,000,000","800,000","400,000","200,000"
TotalUnusualItemsExcludingGoodwill,"-57,000","-15,000","-115,000","88,000","-15,000","-1,074,000","-4,038,000","-723,000","-140,000","-145,000","-111,000","-229,000","269,000","-558,000","-1,747,000","-226,000","-268,000","-2,907,000","-595,000","582,000","-6,063,000","-983,000","-4,959,000","-5,314,000","213,000","-2,777,000","-5,766,000","0","-539,000","-385,000","0","0","165,000","0","-2,491,000","-688,000","-1,918,000","-273,000","13,269,000","-12,431,000","-25,780,000","-148,000","-8,735,000","-2,664,000","-494,000","2,279,000","-14,899,000","-122,000","-3,863,000","-1,266,000","-9,738,000","-7,902,000","-5,015,000","-4,283,000","-86,750,000","-53,344,000","-923,000","-1,009,000","-1,574,000","-6,191,000","-1,433,000","-228,000","-56,212,000","1,043,000","-174,000","-1,376,000","-961,000","-34,220,000","222,000","123,000","-2,693,000","651,000","595,000","-560,000","-2,484,000","516,000","507,000","-1,552,000","-3,800,000","259,000","-390,000","265,000","741,000","-7,698,000","2,013,000","1,132,000",,,,,,,"1,300,000","600,000","167,000,000","-191,700,000","2,700,000","2,500,000","2,400,000","2,600,000","2,000,000","1,200,000","2,000,000","-8,300,000","700,000","-19,600,000","1,500,000","-100,000","400,000","-5,100,000","300,000","300,000","200,000","300,000","600,000","400,000","500,000","100,000",,,,
TotalUnusualItems,"-57,000","-15,000","-115,000","88,000","-15,000","-1,074,000","-4,038,000","-723,000","-140,000","-145,000","-111,000","-229,000","269,000","-558,000","-1,747,000","-226,000","-268,000","-2,907,000","-595,000","582,000","-6,063,000","-983,000","-4,959,000","-5,314,000","213,000","-2,777,000","-5,766,000","0","-539,000","-385,000","0","0","165,000","0","-2,491,000","-688,000","-1,918,000","-273,000","13,269,000","-12,431,000","-25,780,000","-148,000","-8,735,000","-2,664,000","-494,000","2,279,000","-14,899,000","-122,000","-3,863,000","-1,266,000","-9,738,000","-7,902,000","-5,015,000","-4,283,000","-86,750,000","-53,344,000","-923,000","-1,009,000","-1,574,000","-6,191,000","-1,433,000","-228,000","-56,212,000","1,043,000","-174,000","-1,376,000","-961,000","-34,220,000","222,000","123,000","-2,693,000","651,000","595,000","-560,000","-2,484,000","516,000","507,000","-1,552,000","-3,800,000","259,000","-390,000","265,000","741,000","-7,698,000","2,013,000","1,132,000",,,,,,,"1,300,000","600,000","167,000,000","-191,700,000","2,700,000","2,500,000","2,400,000","2,600,000","2,000,000","1,200,000","2,000,000","-8,300,000","700,000","-19,600,000","1,500,000","-100,000","400,000","-5,100,000","300,000","300,000","200,000","300,000","600,000","400,000","500,000","100,000",,,,
NormalizedEBITDA,"65,302,000","15,006,000","19,605,000","19,326,000","11,215,000","13,739,000","18,006,000","15,827,000","10,388,000","1,835,000","15,135,000","10,675,000","6,982,000","10,708,000","19,446,000","12,260,000","3,409,000","5,246,000","12,077,000","8,527,000","5,453,000","9,881,000","22,799,000","20,092,000","24,753,000","34,919,000","12,420,000","20,281,000","-4,212,000","4,815,000","450,000","19,432,000","1,971,000","14,623,000","10,633,000","9,802,000","17,803,000","15,565,000","112,401,000","840,000","-3,549,000","-4,391,000","16,030,000","5,638,000","-3,291,000","2,424,000","20,116,000","1,728,000","-600,000","-3,237,000","2,887,000","-2,851,000","-1,986,000","-8,083,000","15,865,000","1,006,000","3,433,000","-8,474,000","21,061,000","20,457,000","9,317,000","8,568,000","26,412,000","20,781,000","16,071,000","19,480,000","44,095,000","67,262,000","18,525,000","25,763,000","28,447,000","21,968,000","18,405,000","18,637,000","21,737,000","14,259,000","10,180,000","11,987,000","14,359,000","5,167,000","4,521,000","-2,000","4,324,000","10,952,000","-1,182,000","4,397,000","9,670,000","8,356,000","6,114,000","5,045,000","5,000,000","2,600,000","6,200,000","7,600,000","-140,800,000","206,600,000","19,000,000","12,200,000","14,200,000","13,500,000","12,800,000","6,700,000","-2,600,000","14,000,000","600,000","12,300,000","6,000,000","19,500,000","11,800,000","14,300,000","9,800,000","7,300,000","5,800,000","3,100,000","4,200,000","3,400,000","1,300,000","-2,600,000","-30,800,000","16,000,000","11,000,000","7,300,000"
TaxRateForCalcs,"0.063","0.096","0.046","0.063","0.049","0.099","0.27","0.081","0.28","0.27","0.27","0.27","0","0.27","0.07","0.326","0.27","0.27","0.4","0.4","0.4","0.4","0.175","0.4","0.051","0.029","0.4","0.065","0.4","0.4","0.35","0.025","0.35","0.047","0.35","0.263","0.068","0.064","0.016","0.35","0.35","0.35","0.35","0.35","0.044","0.35","0.35","0.35","0","0.35","0.35","0.115","0.35","0.143","0.004","0.35","0.35","0.002","0.35","0.35","0.35","0.35","0.4","0.4","0.213","0.288","0.151","0.4","0.048","0.067","0.4","0.4","0.043","0.4","0.4","0.025","0.037","0.052","0.066","0.117","0.4","0.4","0.273","0.4","0.4","0.4","0.4","0.4","0.4","0.4","0.4","0.399","0.4","0.307","0.214","0.226","0.308","0.313","0.311","0.267","0.35","0.357","0.314","0.32","0.327","0.319","0.25","0.318","0.322","0.4","0.273","0.278","0.268","0.278","0.189","0.222","0.231","0.226","0.4","0.4","0.4","0.4"
TaxEffectOfUnusualItems,"-3,603.319","-1,440","-5,299.041","5,531.397","-731.161","-106,326","-1,090,260","-58,794.686","-39,180.328","-39,150","-29,970","-61,830","0","-150,660","-122,977.795","-73,714.505","-72,360","-784,890","-238,000","232,800","-2,425,200","-393,200","-868,158.003","-2,125,600","10,966.676","-80,533","-2,306,400","0","-215,600","0","0","0","57,750","0","-871,850","-180,887.24","-130,321.146","-17,472","218,287.217","-4,350,850","-9,023,000","-51,800","-3,057,250","-932,400","-21,623.7","797,650","-5,214,650","-42,700","-897.746","-443,100","-3,408,300","-912,300.401","-1,755,250","-613,586.581","-381,646.242","-18,670,400","-323,050","-2,332.453","-550,900","-2,166,850","-501,550","-79,800","-22,484,800","417,200","-37,082.799","-396,280.971","-145,035.714","-13,688,000","10,670.83","8,300.685","-1,077,200","260,400","25,752.798","-224,000","-993,600","12,744.937","18,819.599","-80,317.406","-249,671.485","30,292.398","-156,000","106,000","202,017.448","-3,079,200","805,200","452,800","0","0","0","0","0","0","520,000","184,337.349","35,732,698.413","-43,297,049.356","832,330.827","781,250","746,666.667","693,333.333","700,000","428,571.429","628,571.429","-2,656,000","229,090.909","-6,260,298.507","375,000","-31,782.946","128,888.889","-2,040,000","81,818.182","83,333.333","53,658.537","83,333.333","113,513.514","88,888.889","115,384.615","22,580.645","0","0","0","0"