name,ttm,03/31/2022,12/31/2021,09/30/2021,06/30/2021,03/31/2021,12/31/2020,09/30/2020,06/30/2020,03/31/2020,12/31/2019,09/30/2019,06/30/2019,03/31/2019,12/31/2018,09/30/2018,06/30/2018,03/31/2018,12/31/2017,09/30/2017,06/30/2017,03/31/2017,12/31/2016,09/30/2016,06/30/2016,03/31/2016,12/31/2015,09/30/2015,06/30/2015,03/31/2015,12/31/2014,09/30/2014,06/30/2014,03/31/2014,12/31/2013,09/30/2013,06/30/2013,03/31/2013,12/31/2012,09/30/2012,06/30/2012,03/31/2012,12/31/2011,09/30/2011,06/30/2011,03/31/2011,12/31/2010,09/30/2010,06/30/2010,03/31/2010,12/31/2009,09/30/2009,06/30/2009,03/31/2009,12/31/2008,09/30/2008,06/30/2008,03/31/2008,12/31/2007,09/30/2007,06/30/2007,03/31/2007,12/31/2006,09/30/2006,06/30/2006,03/31/2006,12/31/2005,09/30/2005,06/30/2005,03/31/2005,12/31/2004,09/30/2004,06/30/2004,03/31/2004,12/31/2003,09/30/2003,06/30/2003,03/31/2003,12/31/2002,09/30/2002,06/30/2002,03/31/2002,12/31/2001,09/30/2001,06/30/2001,03/31/2001,12/31/2000,09/30/2000,06/30/2000,03/31/2000,12/31/1999,09/30/1999,06/30/1999,03/31/1999,12/31/1998,09/30/1998,06/30/1998,03/31/1998,12/31/1997,09/30/1997,06/30/1997,03/31/1997,12/31/1996,09/30/1996,06/30/1996,03/31/1996,12/31/1995,09/30/1995,06/30/1995,03/31/1995,12/31/1994,09/30/1994,06/30/1994,03/31/1994,12/31/1993,09/30/1993,06/30/1993,03/31/1993,12/31/1992,09/30/1992,06/30/1992,03/31/1992,12/31/1991,09/30/1991,06/30/1991,03/31/1991,12/31/1990,09/30/1990,06/30/1990,03/31/1990,12/31/1989,09/30/1989,06/30/1989,03/31/1989,12/31/1988,09/30/1988,06/30/1988,03/31/1988,12/31/1987,09/30/1987,06/30/1987,03/31/1987,12/31/1986,09/30/1986,06/30/1986,03/31/1986,12/31/1985,09/30/1985
TotalRevenue,"23,164,789,000","6,488,143,000","5,865,217,000","5,584,695,000","5,226,734,000","4,916,714,000","4,668,172,000","4,723,059,000","4,159,701,000","4,309,818,000","4,534,806,000","4,630,009,000","4,680,909,000","4,698,824,000","5,048,980,000","5,089,879,000","5,059,220,000","4,795,093,000","4,521,636,000","4,660,943,000","4,606,404,000","4,441,896,000","4,273,559,000","4,173,405,000","6,226,812,000","6,174,716,000","6,848,057,000","6,969,694,000","6,796,331,000","6,736,860,000","7,551,880,000","6,839,587,000","7,048,709,000","6,683,616,000","7,421,854,000","6,345,475,000","6,590,703,000","6,298,699,000","6,699,465,000","5,870,057,000","6,307,386,000","6,280,557,000","6,693,573,000","6,426,006,000","6,912,126,000","6,672,404,000","6,767,495,000","6,182,388,000","5,213,826,000","4,756,786,000","4,834,524,000","4,355,036,000","3,765,432,000","3,700,836,000","4,269,178,000","4,494,450,000","4,679,199,000","4,421,645,000","4,753,145,000","4,098,718,000","4,237,245,000","3,904,262,000","3,891,180,000","3,648,400,000","3,611,610,000","3,614,642,000","3,759,112,000","3,268,265,000","2,825,401,000","2,758,259,000","2,883,155,000","2,600,001,000","2,643,042,000","2,639,589,000","2,554,460,000","2,407,650,000","2,187,419,000","2,340,468,000","2,346,665,000","2,173,890,000","2,144,752,000","2,214,451,000","2,359,850,000","2,201,195,000","3,256,806,000","3,208,574,000","3,391,403,000","2,957,227,000","2,728,941,000","2,686,170,000","2,102,771,000","1,654,323,000","1,642,311,000","1,599,226,000","1,526,902,000","1,581,603,000","1,544,576,000","1,512,121,000","1,460,738,000","1,398,832,000","1,398,635,000","1,378,431,000","1,331,748,000","1,281,812,000","1,329,647,000","1,387,484,000","1,301,564,000","1,189,102,000","1,174,257,000","1,130,293,000","1,041,648,000","953,815,000","919,200,000","900,000,000","850,500,000","878,000,000","595,500,000","582,500,000","526,800,000","533,200,000","505,400,000","425,600,000","415,100,000","412,900,000","430,700,000","435,500,000","435,900,000","438,800,000","447,900,000","433,800,000","431,700,000","438,000,000","456,900,000","474,900,000","495,400,000","491,500,000","479,600,000","467,200,000","429,300,000","441,100,000","421,500,000","378,800,000","375,900,000","363,100,000","375,900,000","361,600,000","339,700,000","338,400,000"
	OperatingRevenue,"23,164,789,000","6,488,143,000","5,865,217,000","5,584,695,000","5,226,734,000","4,916,714,000","4,668,172,000","4,723,059,000","4,159,701,000","4,309,818,000","4,534,806,000","4,630,009,000","4,680,909,000","4,698,824,000","5,048,980,000","5,089,879,000","5,059,220,000","4,795,093,000","4,521,636,000","4,660,943,000","4,606,404,000","4,441,896,000","4,273,559,000","4,173,405,000","6,226,812,000","6,174,716,000","6,848,057,000","6,969,694,000","6,796,331,000","6,736,860,000","7,551,880,000","6,839,587,000","7,048,709,000","6,683,616,000","7,421,854,000","6,345,475,000","6,590,703,000","6,298,699,000","6,699,465,000","5,870,057,000","6,307,386,000","6,280,557,000","6,693,573,000","6,426,006,000","6,912,126,000","6,672,404,000","6,767,495,000","6,182,388,000","5,213,826,000","4,756,786,000","4,834,524,000","4,355,036,000","3,765,432,000","3,700,836,000","4,269,178,000","4,494,450,000","4,679,199,000","4,421,645,000","4,753,145,000","4,098,718,000","4,237,245,000","3,904,262,000","3,891,180,000","3,648,400,000","3,611,610,000","3,614,642,000","3,759,112,000","3,268,265,000","2,825,401,000","2,758,259,000","2,883,155,000","2,600,001,000","2,643,042,000","2,639,589,000","2,554,460,000","2,407,650,000","2,187,419,000","2,340,468,000","2,346,665,000","2,173,890,000","2,144,752,000","2,214,451,000","2,359,850,000","2,201,195,000","3,256,806,000","3,208,574,000","3,391,403,000","2,957,227,000","2,728,941,000","2,686,170,000","2,102,771,000","1,654,323,000","1,642,311,000","1,599,226,000","1,526,902,000","1,581,603,000","1,544,576,000","1,512,121,000","1,460,738,000","1,398,832,000","1,398,635,000","1,378,431,000","1,331,748,000","1,281,812,000","1,329,647,000","1,387,484,000","1,301,564,000","1,189,102,000","1,177,685,000","1,129,176,000","1,040,037,000","953,115,000","919,200,000","900,000,000","850,500,000","878,000,000","595,500,000","582,500,000","526,800,000","533,200,000","505,400,000","425,600,000","415,100,000","412,900,000","430,700,000","435,500,000","435,900,000","438,800,000","447,900,000","433,800,000","431,700,000","438,000,000","456,900,000","474,900,000","495,400,000","491,500,000","479,600,000","467,200,000","429,300,000","441,100,000","421,500,000","378,800,000","375,900,000","363,100,000","375,900,000","361,600,000","339,700,000","338,400,000"
CostOfRevenue,"20,334,082,000","5,675,110,000","5,152,182,000","4,925,002,000","4,581,787,000","4,348,364,000","4,156,919,000","4,206,979,000","3,684,630,000","3,790,885,000","4,009,193,000","4,086,170,000","4,085,784,000","4,074,629,000","4,418,947,000","4,453,129,000","4,400,588,000","4,141,556,000","3,919,175,000","4,048,388,000","3,975,788,000","3,811,910,000","3,687,374,000","3,647,920,000","5,495,773,000","5,437,888,000","6,069,889,000","6,178,218,000","6,010,534,000","5,962,506,000","6,714,374,000","6,044,124,000","6,211,693,000","5,878,704,000","6,573,221,000","5,610,305,000","5,819,765,000","5,542,676,000","5,931,002,000","5,185,680,000","5,548,364,000","5,526,753,000","5,909,439,000","5,672,409,000","6,087,275,000","5,885,789,000","5,994,301,000","5,459,243,000","4,568,024,000","4,173,999,000","4,282,633,000","3,855,298,000","3,322,588,000","3,238,366,000","3,735,666,000","3,910,283,000","4,067,390,000","3,842,918,000","4,156,493,000","3,572,190,000","3,685,659,000","3,369,465,000","3,397,309,000","3,180,035,000","3,129,750,000","3,142,588,000","3,297,276,000","2,845,032,000","2,454,476,000","2,393,691,000","2,509,275,000","2,250,391,000","2,275,028,000","2,281,006,000","2,225,301,000","2,098,553,000","1,892,761,000","2,033,356,000","2,031,099,000","1,876,271,000","1,862,105,000","1,903,462,000","2,041,234,000","1,890,633,000","2,798,867,000","2,733,382,000","2,898,621,000","2,517,614,000","2,334,829,000","2,305,268,000","1,820,102,000","1,423,520,000","1,398,229,000","1,355,438,000","1,298,112,000","1,349,693,000","1,304,270,000","1,259,878,000","1,214,826,000","1,156,874,000","1,152,944,000","1,134,816,000","1,091,697,000","1,049,322,000","1,080,452,000","1,136,117,000","1,061,773,000","960,401,000","949,030,000","921,328,000","846,181,000","767,110,000","733,000,000","726,200,000","684,200,000","703,600,000","464,100,000","450,600,000","405,300,000","408,500,000","383,100,000","321,900,000","313,000,000","308,800,000","317,500,000","324,800,000","325,100,000","326,100,000","329,000,000","317,400,000","316,300,000","321,400,000",,,,,,,,,,,,,,,,
GrossProfit,"2,830,707,000","813,033,000","713,035,000","659,693,000","644,947,000","568,350,000","511,253,000","516,080,000","475,071,000","518,933,000","525,613,000","543,839,000","595,125,000","624,195,000","630,033,000","636,750,000","658,632,000","653,537,000","602,461,000","612,555,000","630,616,000","629,986,000","586,185,000","525,485,000","731,039,000","736,828,000","778,168,000","791,476,000","785,797,000","774,354,000","837,506,000","795,463,000","837,016,000","804,912,000","848,633,000","735,170,000","770,938,000","756,023,000","768,463,000","684,377,000","759,022,000","753,804,000","784,134,000","753,597,000","824,851,000","786,615,000","773,194,000","723,145,000","645,802,000","582,787,000","551,891,000","499,738,000","442,844,000","462,470,000","533,512,000","584,167,000","611,809,000","578,727,000","596,652,000","526,528,000","551,586,000","534,797,000","493,871,000","468,365,000","481,860,000","472,054,000","461,836,000","423,233,000","370,925,000","364,568,000","373,880,000","349,610,000","368,014,000","358,583,000","329,159,000","309,097,000","294,658,000","307,112,000","315,566,000","297,619,000","282,647,000","310,989,000","318,616,000","310,562,000","457,939,000","475,192,000","492,782,000","439,613,000","394,112,000","380,902,000","282,669,000","230,803,000","244,082,000","243,788,000","228,790,000","231,910,000","240,306,000","252,243,000","245,912,000","241,958,000","245,691,000","243,615,000","240,051,000","232,490,000","249,195,000","251,367,000","239,791,000","228,701,000","225,227,000","208,965,000","195,467,000","186,705,000","186,200,000","173,800,000","166,300,000","174,400,000","131,400,000","131,900,000","121,500,000","124,700,000","122,300,000","103,700,000","102,100,000","104,100,000","113,200,000","110,700,000","110,800,000","112,700,000","118,900,000","116,400,000","115,400,000","116,600,000",,,,,,,,,,,,,,,,
OperatingExpense,"1,998,402,000","512,364,000","501,363,000","486,178,000","498,498,000","463,092,000","442,084,000","471,158,000","451,098,000","469,646,000","464,873,000","456,503,000","459,611,000","468,171,000","471,723,000","475,146,000","493,840,000","501,378,000","478,681,000","496,206,000","495,210,000","480,190,000","431,555,000","365,025,000","542,099,000","539,038,000","530,831,000","558,556,000","561,586,000","555,148,000","573,962,000","583,946,000","604,479,000","593,986,000","598,619,000","544,084,000","548,267,000","561,072,000","547,984,000","546,996,000","525,113,000","518,421,000","518,740,000","530,533,000","553,949,000","529,605,000","516,480,000","500,616,000","428,709,000","408,220,000","389,604,000","392,666,000","301,754,000","406,997,000","393,420,000","429,642,000","413,157,000","401,117,000","388,785,000","361,332,000","358,827,000","353,717,000","330,055,000","323,394,000","319,105,000","345,595,000","350,706,000","338,770,000","285,189,000","286,037,000","289,902,000","276,539,000","282,236,000","284,731,000","271,470,000","268,552,000","262,939,000","270,863,000","390,758,000","277,666,000","-763,926,000","287,978,000","294,810,000","306,937,000","695,876,000","326,948,000","315,681,000","273,369,000","251,106,000","282,525,000","238,509,000","182,360,000","228,329,000","185,610,000","170,614,000","190,784,000","198,612,000","171,573,000","178,019,000","161,039,000","159,942,000","165,306,000","156,083,000","152,770,000","160,066,000","159,352,000","152,427,000","148,242,000","148,286,000","139,491,000","136,007,000","131,097,000","134,500,000","127,300,000","122,100,000","152,000,000","103,500,000","103,000,000","99,500,000","100,800,000","100,000,000","87,300,000","86,300,000","89,100,000","94,700,000","89,600,000","88,700,000","87,700,000","96,800,000","92,600,000","89,500,000","90,400,000",,,,,,,,,,,,,,,,
	SellingGeneralAndAdministration,"1,998,402,000","512,364,000","501,363,000","486,178,000","498,498,000","463,092,000","442,084,000","471,158,000","451,098,000","469,646,000","464,873,000","456,503,000","459,611,000","468,171,000","471,723,000","475,146,000","493,840,000","501,378,000","478,681,000","496,206,000","495,210,000","480,190,000","431,555,000","365,025,000","542,099,000","539,038,000","530,831,000","558,556,000","561,586,000","555,148,000","573,962,000","583,946,000","604,479,000","593,986,000","598,619,000","544,084,000","548,267,000","561,072,000","547,984,000","546,996,000","525,113,000","518,421,000","518,740,000","530,533,000","553,949,000","529,605,000","516,480,000","500,616,000","428,709,000","408,220,000","389,604,000","392,666,000","301,754,000","406,997,000","393,420,000","429,642,000","413,157,000","401,117,000","388,785,000","361,332,000","355,827,000","353,717,000","330,055,000","323,394,000","330,055,000","334,645,000","341,451,000","338,770,000","285,189,000","286,037,000","289,902,000","276,539,000","282,236,000","284,731,000","271,470,000","268,552,000","262,939,000","270,863,000","390,758,000","277,666,000","336,074,000","287,978,000","294,810,000","306,937,000","695,876,000","326,948,000","315,681,000","273,369,000","251,106,000","282,525,000","238,509,000","182,360,000","228,329,000","185,610,000","170,614,000","190,784,000","198,612,000","171,573,000","178,019,000","161,039,000","191,067,000","154,486,000","144,931,000","143,617,000","151,292,000","149,981,000","143,190,000","139,856,000","140,910,000","131,780,000","128,762,000","124,567,000","126,200,000","119,300,000","114,100,000","144,500,000","98,100,000","98,200,000","93,800,000","93,900,000","93,000,000","81,600,000","80,800,000","83,400,000","87,400,000","84,500,000","82,100,000","81,900,000","88,400,000","86,700,000","82,100,000","83,700,000",,,,,,,,,,,,,,,,
	DepreciationAmortizationDepletionIncomeStatement,,,,,,,,,,,,,,,,,,,,,,,,,,,,,,,,,,,,,,,,,,,,,,,,,,,,,,,,,,,,,,,,,,,,,,,,,,,,,,,,,,,,,,,,,,,,,,,,,,,,,,"10,820,000","11,152,000","9,153,000","8,774,000","9,371,000","9,237,000","8,386,000","7,376,000","7,711,000","7,245,000","6,530,000","8,300,000","8,000,000","8,000,000","7,500,000","5,400,000","4,800,000","5,700,000","6,900,000","7,000,000","5,700,000","5,500,000","5,700,000","7,300,000","5,100,000","6,600,000","5,800,000","8,400,000","5,900,000","7,400,000","6,700,000",,,,,,,,,,,,,,,,
		DepreciationAndAmortizationInIncomeStatement,,,,,,,,,,,,,,,,,,,,,,,,,,,,,,,,,,,,,,,,,,,,,,,,,,,,,,,,,,,,,,,,,,,,,,,,,,,,,,,,,,,,,,,,,,,,,,,,,,,,,,"10,820,000","11,152,000","9,153,000","8,774,000","9,371,000","9,237,000","8,386,000","7,376,000","7,711,000","7,245,000","6,530,000","8,300,000","8,000,000","8,000,000","7,500,000","5,400,000","4,800,000","5,700,000","6,900,000","7,000,000","5,700,000","5,500,000","5,700,000","7,300,000","5,100,000","6,600,000","5,800,000","8,400,000","5,900,000","7,400,000","6,700,000",,,,,,,,,,,,,,,,
	OtherOperatingExpenses,,,,,,,,,,,,,,,,,,,,,,,,,,,,,,,,,,,,,,,,,,,,,,,,,,,,,,,,,,,,,,,,,,"10,950,000","9,255,000",,,,,,,,,,,,,,,,,,,,,,,,,,,,,,,,,,,,,,,,,,,,,,,,,,,,,,,,,,,,,,,,,,,,,,,,,,,,,,,,,
OperatingIncome,"832,305,000","300,669,000","211,672,000","173,515,000","146,449,000","105,258,000","69,169,000","44,922,000","23,973,000","49,287,000","60,740,000","87,336,000","135,514,000","156,024,000","158,310,000","161,604,000","164,792,000","152,159,000","123,780,000","116,349,000","135,406,000","149,796,000","154,630,000","160,460,000","188,940,000","197,790,000","247,337,000","232,920,000","224,211,000","219,206,000","263,544,000","211,517,000","232,537,000","210,926,000","250,014,000","191,086,000","222,671,000","194,951,000","220,479,000","137,381,000","233,909,000","235,383,000","265,394,000","223,064,000","270,902,000","257,010,000","256,714,000","222,529,000","217,093,000","174,567,000","162,287,000","107,072,000","141,090,000","55,473,000","140,092,000","154,525,000","198,652,000","177,610,000","207,867,000","165,196,000","192,759,000","181,080,000","163,816,000","144,971,000","162,755,000","126,459,000","111,130,000","84,463,000","85,736,000","78,531,000","83,978,000","73,071,000","85,778,000","73,852,000","57,689,000","40,545,000","31,719,000","36,249,000","-75,192,000","19,953,000","1,046,573,000","23,011,000","23,806,000","3,625,000","-237,937,000","148,244,000","177,101,000","166,244,000","143,006,000","98,377,000","44,160,000","48,443,000","15,753,000","58,178,000","58,176,000","41,126,000","41,694,000","80,670,000","67,893,000","80,919,000","85,749,000","78,309,000","83,968,000","79,720,000","89,129,000","92,015,000","87,364,000","80,459,000","76,941,000","69,474,000","59,460,000","55,608,000","51,700,000","46,500,000","44,200,000","22,400,000","27,900,000","28,900,000","22,000,000","23,900,000","22,300,000","16,400,000","15,800,000","15,000,000","18,500,000","21,100,000","22,100,000","25,000,000","22,100,000","23,800,000","25,900,000","26,200,000","-1,373,000,000","474,900,000","495,400,000","491,500,000","-1,247,400,000","467,200,000","429,300,000","441,100,000","-1,067,600,000","378,800,000","375,900,000","363,100,000","-998,300,000","361,600,000","339,700,000","338,400,000"
NetNonOperatingInterestIncomeExpense,"-93,733,000","-25,914,000","-21,630,000","-22,844,000","-23,345,000","-22,342,000","-21,485,000","-22,301,000","-25,488,000","-29,718,000","-33,904,000","-33,631,000","-34,810,000","-36,253,000","-33,718,000","-30,093,000","-26,779,000","-26,046,000","-25,640,000","-24,060,000","-25,173,000","-27,534,000","-26,748,000","-27,237,000","-29,749,000","-23,281,000","-22,423,000","-23,602,000","-23,729,000","-23,871,000","-24,666,000","-23,400,000","-24,294,000","-25,326,000","-28,226,000","-26,977,000","-28,624,000","-27,341,000","-27,798,000","-23,890,000","-23,238,000","-23,556,000","-22,194,000","-21,871,000","-22,622,000","-23,557,000","-24,248,000","-22,025,000","-15,823,000","-15,327,000","-15,316,000","-15,282,000","-14,578,000","-17,608,000","-17,435,000",,,,,,,,,,,,,,,,,,,,,,,,,,,,,,,,,,,,,,,,,,,,,,,,,,,,,,,,,,,,,,,,,,,,,,,,,,,,,,,,,,,,,,,,,,,,,
	InterestExpenseNonOperating,"93,733,000","25,914,000","21,630,000","22,844,000","23,345,000","22,342,000","21,485,000","22,301,000","25,488,000","29,718,000","33,904,000","33,631,000","34,810,000","36,253,000","33,718,000","30,093,000","26,779,000","26,046,000","25,640,000","24,060,000","25,173,000","27,534,000","26,748,000","27,237,000","29,749,000","23,281,000","22,423,000","23,602,000","23,729,000","23,871,000","24,666,000","23,400,000","24,294,000","25,326,000","28,226,000","26,977,000","28,624,000","27,341,000","27,798,000","23,890,000","23,238,000","23,556,000","22,194,000","21,871,000","22,622,000","23,557,000","24,248,000","22,025,000","15,823,000","15,327,000","15,316,000","15,282,000","14,578,000","17,608,000","17,435,000",,,,,,,,,,,,,,,,,,,,,,,,,,,,,,,,,,,,,,,,,,,,,,,,,,,,,,,,,,,,,,,,,,,,,,,,,,,,,,,,,,,,,,,,,,,,,
OtherIncomeExpense,"-62,077,000","-26,730,000","1,737,000","-5,681,000","-31,402,000","-12,795,000","-13,281,000","-45,918,000","-14,628,000","-177,655,000","-14,750,000","-19,667,000","-163,747,000","5,792,000","-59,676,000","-16,680,000","-44,487,000","-198,176,000","-36,000,000","-30,815,000","-55,529,000","-16,074,000","-66,914,000","-43,202,000","-23,933,000","-13,972,000","-27,707,000","-31,812,000","-46,814,000","-24,439,000","-18,781,000","-19,813,000","-32,603,000","-20,607,000","-33,236,000","7,833,000","-66,908,000","-23,235,000","-23,787,000","-4,634,000","-24,667,000","-10,904,000","-35,162,000","-5,376,000","1,732,000","-20,292,000","-29,472,000","4,295,000","7,650,000","-5,848,000","4,714,000","-15,155,000","-165,050,000","-8,364,000","-1,348,845,000","-649,000","13,529,000","-4,652,000","15,608,000","7,430,000","2,263,000","-3,121,000","2,635,000","-23,612,000","-31,083,000","-4,825,000","-21,927,000","-23,574,000","1,252,000","1,860,000","113,000","273,000","-43,000","-13,470,000","-21,530,000","-29,850,000","9,217,000","-7,097,000","4,658,000","5,938,000","2,005,000","961,000","3,195,000","594,000","18,907,000","4,596,000","2,972,000","-979,000","1,900,000","153,000","2,007,000","813,000","252,496,000","212,000","753,000","693,000","924,000","757,000","34,241,000","236,000","1,818,000","8,882,000","279,000","770,000","435,000","458,000","224,000","871,000","1,638,000","1,117,000","1,611,000","700,000","2,700,000","1,200,000","400,000","600,000","3,700,000","3,100,000","5,400,000","8,300,000","7,400,000","6,600,000","6,800,000","6,400,000","6,400,000","6,400,000","6,400,000","7,500,000","-1,600,000","6,100,000","6,300,000","5,100,000",,,,,,,,,,,,,,,,
	SpecialIncomeCharges,"-59,981,000","-26,261,000","0","-5,272,000","-28,448,000","-17,574,000","-11,948,000","-26,420,000","-22,053,000","-165,047,000","-14,265,000","-24,598,000","-165,554,000","-2,939,000","-62,260,000","-14,788,000","-36,848,000","-206,560,000","-36,762,000","-46,394,000","-42,033,000","-35,513,000","-30,400,000","-29,469,000","-15,966,000","-16,172,000","-21,222,000","-25,958,000","-43,734,000","-15,494,000","-13,257,000","-18,320,000","-27,999,000","-23,118,000","-28,442,000","7,038,000","-60,185,000","-27,341,000","-24,847,000","-6,117,000","-19,225,000","-10,904,000","-35,162,000","-5,376,000","1,732,000","-20,292,000","-29,472,000","4,295,000","7,650,000","-5,848,000","4,714,000","-15,155,000","-165,050,000","-8,364,000","-1,348,845,000","-649,000","13,529,000","-4,652,000","15,608,000","7,430,000","2,263,000","-3,121,000","2,635,000","-23,612,000","-31,083,000","-4,825,000","-21,927,000","-23,574,000","1,252,000","1,860,000","113,000","273,000","-43,000","-13,470,000","-21,530,000","-29,850,000","9,217,000","-7,097,000","4,658,000","5,938,000","2,005,000","961,000","3,195,000","594,000","18,907,000","4,596,000","2,972,000","-979,000","1,900,000","153,000","2,007,000","813,000","252,496,000","212,000","753,000","693,000","924,000","757,000","34,241,000","236,000","1,818,000","8,882,000","279,000","770,000","435,000","458,000","224,000","871,000","1,638,000","1,117,000","1,611,000","700,000","2,700,000","1,200,000","400,000","600,000","3,700,000","3,100,000","5,400,000","8,300,000","7,400,000","6,600,000","6,800,000","6,400,000","6,400,000","6,400,000","6,400,000","7,500,000","-1,600,000","6,100,000","6,300,000","5,100,000",,,,,,,,,,,,,,,,
		RestructuringAndMergernAcquisition,"33,720,000","0","0","5,272,000","28,448,000","17,574,000","11,948,000","26,420,000","23,797,000","19,211,000","14,265,000","24,598,000","28,158,000","2,939,000","62,260,000","14,788,000","36,848,000","25,120,000","36,762,000","46,394,000","42,033,000","35,513,000","30,400,000","29,469,000","15,966,000","16,172,000","21,222,000","25,958,000","43,734,000","15,494,000","13,257,000","18,320,000","27,999,000","26,083,000","28,442,000","12,099,000","59,846,000","27,341,000","24,906,000","37,408,000","20,471,000","18,609,000","34,505,000","0","3,724,000","16,273,000","29,112,000","28,067,000","0","7,347,000","0","18,072,000",,,,,"28,085,000","10,857,000",,,"-4,168,000","8,521,000",,,"20,332,000","4,579,000","15,632,000","13,786,000",,,,,"0",,"23,465,000","32,153,000",,,,,,,,,,,,,,,,,,,,,,,,,,,,,,,,,,,,,,,,,,,,,,,,,,,,,,,,,,,,,,,,,,,,,,,,
		ImpairmentOfCapitalAssets,,,,,"0","0",,,"-1,744,000","145,836,000",,,"137,396,000","0",,,"0","181,440,000",,,,,,,,,,,,,,,"0","-2,965,000","0","-19,137,000","339,000","0","-59,000","-31,291,000","143,000",,,,,,,,"0","0","0",,"62,282,000","0","1,348,845,000",,,,,,,,,,,,,,,,,,,,,,,,,,,,,,,,,,,,,,,,,,,,,,,,,,,,,,,,,,,,,,,,,,,,,,,,,,,,,,,,,,,,,,,,,,,,,
		OtherSpecialCharges,,"26,261,000",,,,,,,,,,,,,,,,,,,,,,,,,,,,,,,,,,,,,,,,"-7,705,000","657,000","5,376,000","-5,456,000","4,019,000","360,000","-32,362,000","-7,650,000","-1,499,000","835,000","-2,917,000","3,426,000","8,364,000",,,"-41,614,000","-6,205,000",,,"1,905,000","-5,400,000",,,"10,751,000","246,000","6,295,000","9,788,000",,,,,"43,000",,"-1,935,000","-2,303,000",,,,,,,,,,,,,,,,,,,,,,,,,,,,,,,,,,,,,,,,,,,,,,,,,,,,,,,,,,,,,,,,,,,,,,,,
		GainOnSaleOfPPE,,,,,,,,,,,,,,,,,,,,,,,,,,,,,,,,,,,,,,,,,,,,,,,,,,"3,202,000","5,549,000",,,"0","0",,,,,,,,,,,,,,,,,,,,,,,,,,,,,,,,,,,,,,,,,,,,,,,,,,,,,,,,,,,,,,,,,,,,,,,,,,,,,,,,,,,,,,,,,,,,,
	OtherNonOperatingIncomeExpenses,"-2,096,000","-469,000","1,737,000","-409,000","-2,954,000","4,779,000","-1,333,000","-19,498,000","7,425,000","-12,608,000","-485,000","4,931,000","1,807,000","8,731,000","2,584,000","-1,892,000","-7,639,000","8,384,000","762,000","15,579,000","-13,496,000","19,439,000","-36,514,000","-13,733,000","-7,967,000","2,200,000","-6,485,000","-5,854,000","-3,080,000","-8,945,000","-5,524,000","-1,493,000","-4,604,000","2,511,000","-4,794,000","795,000","-6,723,000","4,106,000","1,060,000","1,483,000","-4,053,000",,,,,,,,,,,,,,,,,,,,,,,,,,,,,,,,,,,,,,,,,,,,,,,,,,,,,,,,,,,,,,,,,,,,,,,,,,,,,,,,,,,,,,,,,,,,,,,,,,,,,,,,,,,
PretaxIncome,"676,495,000","248,025,000","191,779,000","144,990,000","91,702,000","70,121,000","34,403,000","-23,297,000","-16,143,000","-158,086,000","12,086,000","34,038,000","-63,043,000","125,563,000","64,916,000","114,831,000","93,526,000","-72,063,000","62,140,000","61,474,000","54,704,000","106,188,000","60,968,000","90,021,000","135,258,000","160,537,000","197,207,000","177,506,000","153,668,000","170,896,000","220,097,000","168,304,000","175,640,000","164,993,000","188,552,000","171,942,000","127,139,000","144,375,000","168,894,000","108,857,000","186,004,000","200,923,000","208,038,000","195,817,000","250,012,000","213,161,000","202,994,000","204,799,000","200,169,000","156,594,000","151,685,000","76,635,000","-24,220,000","29,501,000","-1,225,371,000","137,016,000","194,760,000","154,275,000","205,851,000","154,069,000","180,769,000","158,067,000","148,710,000","99,073,000","96,223,000","107,422,000","75,343,000","37,160,000","65,020,000","59,428,000","62,837,000","52,473,000","65,346,000","36,565,000","12,950,000","-16,463,000","14,073,000","2,502,000","-84,840,000","-1,140,000","-77,874,000","-2,987,000","-6,100,000","-33,852,000","-273,342,000","101,319,000","129,136,000","130,139,000","114,807,000","71,901,000","28,433,000","39,390,000","255,621,000","45,091,000","45,908,000","28,671,000","29,812,000","70,807,000","94,208,000","72,519,000","80,394,000","80,959,000","78,476,000","73,590,000","82,759,000","84,936,000","80,616,000","76,728,000","75,322,000","63,367,000","54,199,000","50,486,000","49,800,000","43,900,000","41,200,000","19,800,000","29,800,000","30,100,000","25,500,000","28,800,000","26,200,000","19,800,000","19,300,000","18,100,000","21,900,000","23,900,000","25,000,000","29,200,000","17,200,000","26,400,000","28,300,000","26,800,000",,,,,,,,,,,,,,,,
TaxProvision,"145,584,000","64,608,000","40,958,000","33,672,000","6,347,000","-37,363,000","15,240,000","-4,408,000","-68,304,000","-29,425,000","6,870,000","-7,714,000","-27,915,000","30,628,000","28,141,000","31,302,000","35,787,000","243,541,000","5,346,000","3,292,000","-18,574,000","16,268,000","28,503,000","21,435,000","38,452,000","37,078,000","41,195,000","47,252,000","-5,065,000","49,367,000","56,391,000","40,358,000","-10,625,000","51,142,000","63,688,000","51,318,000","1,048,000","58,179,000","31,413,000","8,552,000","52,600,000","53,361,000","61,015,000","56,787,000","11,182,000","62,130,000","61,960,000","66,625,000","59,050,000","42,089,000","47,834,000","25,740,000","6,658,000","11,477,000","-22,958,000","44,211,000","50,666,000","47,031,000","63,645,000","48,532,000","56,112,000","52,888,000","49,622,000","34,930,000","37,376,000","36,255,000","25,707,000","12,263,000","17,770,000","18,280,000","19,327,000","16,142,000","16,675,000","9,915,000","4,015,000","-5,104,000","2,536,000","1,010,000","-36,183,000","-652,000","-16,472,000","-1,736,000","-3,524,000","-14,645,000","-67,843,000","43,530,000","56,899,000","54,568,000","48,250,000","30,595,000","13,301,000","17,244,000","149,092,000","19,355,000","19,374,000","13,013,000","13,248,000","30,132,000","42,135,000","30,407,000","33,021,000","33,556,000","32,862,000","31,217,000","34,659,000","36,015,000","33,925,000","32,184,000","31,445,000","26,957,000","23,140,000","21,559,000","20,800,000","18,600,000","17,600,000","9,700,000","11,300,000","11,900,000","10,000,000","11,900,000","10,900,000","7,400,000","7,500,000","7,100,000","8,100,000","9,200,000","9,600,000","11,500,000","9,700,000","10,400,000","11,600,000","10,500,000",,,,,,,,,,,,,,,,
NetIncomeCommonStockholders,"530,911,000","183,417,000","150,821,000","111,318,000","85,355,000","107,484,000","19,163,000","-18,889,000","52,161,000","-128,661,000","3,668,000","41,752,000","-31,836,000","88,048,000","36,401,000","83,724,000","58,615,000","-320,066,000","46,724,000","58,303,000","81,446,000","271,771,000","103,218,000","68,843,000","96,806,000","123,459,000","156,012,000","130,254,000","158,733,000","121,529,000","163,706,000","127,946,000","186,265,000","113,851,000","124,864,000","120,624,000","126,091,000","86,196,000","137,481,000","100,305,000","133,404,000","147,562,000","147,023,000","139,030,000","238,830,000","151,031,000","141,034,000","138,174,000","141,119,000","114,505,000","103,851,000","50,895,000","-30,878,000","18,024,000","-1,202,413,000","92,805,000","144,094,000","107,244,000","142,206,000","105,537,000","124,657,000","105,179,000","99,088,000","64,143,000","58,847,000","71,167,000","49,636,000","24,897,000","47,250,000","41,148,000","43,510,000","36,331,000","48,671,000","26,650,000","8,935,000","-11,359,000","11,537,000","1,492,000","-58,657,000","-488,000","-61,402,000","-1,251,000","-2,576,000","-19,207,000","-190,194,000","57,789,000","72,237,000","75,571,000","66,557,000","41,306,000","15,132,000","22,146,000","106,529,000","25,736,000","26,534,000","15,658,000","16,564,000","40,675,000","52,073,000","42,112,000","47,373,000","47,403,000","45,614,000","42,373,000","48,100,000","48,921,000","46,691,000","44,544,000","43,877,000","36,410,000","31,059,000","28,927,000","29,000,000","25,300,000","23,600,000","7,300,000","18,500,000","18,200,000","15,500,000","16,900,000","15,300,000","12,400,000","11,800,000","11,000,000","13,800,000","14,700,000","15,400,000","17,700,000","7,500,000","16,000,000","16,700,000","16,300,000",,,,,,,,,,,,,,,,
	NetIncome,"530,911,000","183,417,000","150,821,000","111,318,000","85,355,000","107,484,000","19,163,000","-18,889,000","52,161,000","-128,661,000","3,668,000","41,752,000","-31,836,000","88,048,000","36,401,000","83,724,000","58,615,000","-320,066,000","46,724,000","58,303,000","81,446,000","271,771,000","103,218,000","68,843,000","96,806,000","123,459,000","156,012,000","130,254,000","158,733,000","121,529,000","163,706,000","127,946,000","186,265,000","113,851,000","124,864,000","120,624,000","126,091,000","86,196,000","137,481,000","100,305,000","133,404,000","147,562,000","147,023,000","139,030,000","238,830,000","151,031,000","141,034,000","138,174,000","141,119,000","114,505,000","103,851,000","50,895,000","-30,878,000","18,024,000","-1,202,413,000","92,805,000","144,094,000","107,244,000","142,206,000","105,537,000","124,657,000","105,179,000","99,088,000","64,143,000","58,847,000","71,167,000","49,636,000","24,897,000","47,250,000","41,148,000","43,510,000","36,331,000","48,671,000","26,650,000","8,935,000","-11,359,000","11,537,000","1,492,000","-58,657,000","-488,000","-61,402,000","-1,251,000","-2,576,000","-19,207,000","-190,194,000","57,789,000","72,237,000","75,571,000","66,557,000","41,306,000","15,132,000","22,146,000","106,529,000","25,736,000","26,534,000","15,658,000","16,564,000","40,675,000","52,073,000","42,112,000","47,373,000","47,403,000","45,614,000","42,373,000","48,100,000","48,921,000","46,691,000","44,544,000","43,877,000","36,410,000","31,059,000","28,927,000","29,000,000","25,300,000","23,600,000","7,300,000","18,500,000","18,200,000","15,500,000","16,900,000","15,300,000","12,400,000","11,800,000","11,000,000","13,800,000","14,700,000","15,400,000","17,700,000","7,500,000","16,000,000","16,700,000","16,300,000",,,,,,,,,,,,,,,,
		NetIncomeIncludingNoncontrollingInterests,"530,911,000","183,417,000","150,821,000","111,318,000","85,355,000","107,484,000","19,163,000","-18,889,000","52,161,000","-128,661,000","3,668,000","41,752,000","-31,836,000","88,048,000","36,401,000","83,724,000","58,615,000","-320,066,000","46,724,000","58,303,000","81,446,000","271,771,000","103,218,000","68,843,000","96,806,000","123,459,000","156,012,000","130,254,000","158,733,000","121,529,000","163,706,000","127,946,000","186,265,000","113,851,000","124,864,000","120,624,000","126,091,000","86,196,000","137,481,000","100,305,000","133,404,000","147,562,000","147,023,000","139,030,000","238,830,000","151,031,000","141,034,000","138,174,000","141,119,000","114,505,000","103,851,000","50,895,000","-30,878,000","18,024,000","-1,202,413,000","92,805,000","144,094,000","107,244,000","142,206,000","105,537,000","124,657,000","105,179,000","99,088,000","64,143,000","58,847,000","71,167,000","49,636,000","24,897,000","47,250,000","41,148,000","43,510,000","36,331,000","48,671,000","26,650,000","8,935,000","-11,359,000","11,537,000","1,492,000","-58,657,000","-488,000","-61,402,000","-1,251,000","-2,576,000","-19,207,000","-190,194,000","57,789,000","72,237,000","75,571,000","66,557,000","41,306,000","15,132,000","22,146,000","106,529,000","25,736,000","26,534,000","15,658,000","16,564,000","40,675,000","52,073,000","42,112,000","47,373,000","47,403,000","45,614,000","42,373,000","48,100,000","48,921,000","46,691,000","44,544,000","43,877,000","36,410,000","31,059,000","28,927,000","29,000,000","25,300,000","23,600,000","7,300,000","18,500,000","18,200,000","15,500,000","16,900,000","15,300,000","12,400,000","11,800,000","11,000,000","13,800,000","14,700,000","15,400,000","17,700,000","7,500,000","16,000,000","16,700,000","16,300,000","19,800,000","10,700,000","11,800,000","11,700,000","13,600,000","13,500,000","12,900,000","12,200,000","7,200,000","5,000,000","4,600,000","6,000,000","1,900,000","8,300,000","7,000,000","6,800,000"
			NetIncomeContinuousOperations,"530,911,000","183,417,000","150,821,000","111,318,000","85,355,000","107,484,000","19,163,000","-18,889,000","52,161,000","-128,661,000","5,216,000","41,752,000","-35,128,000","94,935,000","36,775,000","83,529,000","57,739,000","-315,604,000","56,794,000","58,182,000","73,278,000","89,920,000","32,465,000","68,586,000","96,806,000","123,459,000","156,012,000","130,254,000","158,733,000","121,529,000","163,706,000","127,946,000","186,265,000","113,851,000","124,864,000","120,624,000","126,091,000","86,196,000","137,481,000","100,305,000","133,404,000","147,562,000","147,023,000","139,030,000","238,830,000","151,031,000","141,034,000","138,174,000","141,119,000","114,505,000","103,851,000","50,895,000","-30,878,000","18,024,000","-1,202,413,000","92,805,000","144,094,000","107,244,000","142,206,000","105,537,000","124,657,000","105,179,000","99,088,000","64,143,000","58,847,000","71,167,000","49,636,000","24,897,000","47,250,000","41,148,000","43,510,000","36,331,000","48,671,000","26,650,000","8,935,000","-11,359,000","11,537,000","1,492,000","-58,657,000","-488,000","-61,402,000","-1,251,000","-2,576,000","-19,207,000","-205,499,000","57,789,000","72,237,000","75,571,000","66,557,000","41,306,000","15,132,000","22,146,000","106,529,000","25,736,000","26,534,000","15,658,000","16,564,000","40,675,000","52,073,000","42,112,000","47,373,000","47,403,000","45,614,000","42,373,000","48,100,000","48,921,000","46,691,000","44,544,000","43,877,000","36,410,000","31,059,000","28,927,000","29,000,000","25,300,000","23,600,000","10,100,000","18,500,000","18,200,000","15,500,000","16,900,000","15,300,000","12,400,000","11,800,000","11,000,000","13,800,000","14,700,000","15,400,000","17,700,000","7,500,000","16,000,000","16,700,000","16,300,000","19,800,000","10,700,000","11,800,000","11,700,000","13,600,000","13,500,000","12,900,000","12,200,000","7,200,000","5,000,000","4,600,000","6,000,000","1,900,000","8,300,000","7,000,000","6,800,000"
			NetIncomeDiscontinuousOperations,,,,,,,,,"0","0","-1,548,000","0","3,292,000","-6,887,000","-374,000","195,000","876,000","-4,462,000","-10,070,000","121,000","8,168,000","181,851,000","70,753,000","257,000",,,,,,,,,,,,,,,,,,,,,,,,,,,,,,,,,,,,,,,,,,,,,,,,,,,,,,,,,,,,,,,,,,,,,,,,,,,,,,,,,,,,,,,,,,,,,,,,,,,,,,,,,,,,,,,,,,,,,,,,,,,,
			NetIncomeExtraordinary,,,,,,,,,,,,,,,,,,,,,,,,,,,,,,,,,,,,,,,,,,,,,,,,,,,,,,,,,,,,,,,,,,,,,,,,,,,,,,,,,"0",,,,,,,,,,,,,,,,,,,,,,,,,,,,,,,,"0",,,"-2,800,000",,,,,,,,,,,,,,,,,,,,,,,,,,,,,,,,
DilutedNIAvailtoComStockholders,"530,911,000","183,417,000","150,821,000","111,318,000","85,355,000","107,484,000","19,163,000","-18,889,000","52,161,000","-128,661,000","3,668,000","41,752,000","-31,836,000","88,048,000","36,401,000","83,724,000","58,615,000","-320,066,000","46,724,000","58,303,000","81,446,000","271,771,000","103,218,000","68,843,000","96,806,000","123,459,000","156,012,000","130,254,000","158,733,000","121,529,000","163,706,000","127,946,000","186,265,000","113,851,000","124,864,000","120,624,000","126,091,000","86,196,000","137,481,000","100,305,000","133,404,000","147,562,000","147,023,000","139,030,000","238,830,000","151,031,000","141,034,000","138,174,000","141,119,000","114,505,000","103,851,000","50,895,000","-30,878,000","18,024,000","-1,202,413,000","92,805,000","144,094,000","107,244,000","142,206,000","105,537,000","124,657,000","105,179,000","99,088,000","64,143,000","58,847,000","71,167,000","49,636,000","24,897,000","47,250,000","41,148,000","43,510,000","36,331,000","48,671,000","26,650,000","8,935,000","-11,359,000","11,537,000","1,492,000","-58,657,000","-488,000","-61,402,000","-1,251,000","-2,576,000","-19,207,000","-190,194,000","57,789,000","72,237,000","75,571,000","66,557,000","41,306,000","15,132,000","22,146,000","106,529,000","25,736,000","26,534,000","15,658,000","16,564,000","40,675,000","52,073,000","42,112,000","47,373,000","47,403,000","45,614,000","42,373,000","48,100,000","48,921,000","46,691,000","44,544,000","43,877,000","36,410,000","31,059,000","28,927,000","29,000,000","25,300,000","23,600,000","7,300,000","18,500,000","18,200,000","15,500,000","16,900,000","15,300,000","12,400,000","11,800,000","11,000,000","13,800,000","14,700,000","15,400,000","17,700,000","7,500,000","16,000,000","16,700,000","16,300,000",,,,,,,,,,,,,,,,
BasicEPS,,"1.86","1.52","1.12","0.86","1.08","0.19","-0.19",,"-1.29","0.04","0.4","-0.3","0.81","0.33","0.73","0.5","-2.68","0.39","0.48","0.66","2.12","0.8","0.54","0.76","0.95","1.18","0.97","1.16","0.89","1.2","0.93","1.35","0.82","0.91","0.88","0.92","0.63","1.01","0.71","0.92","1.02","1","0.91","1.56","0.99","0.93","0.91",,"0.75","0.69","0.34",,"0.12","-7.98","0.62",,"0.71","0.95","0.7",,"0.71","0.67","0.44",,"0.49","0.34","0.17",,"0.34","0.36","0.3",,"0.22","0.07","-0.09",,"0.01","-0.49","0",,"-0.01","-0.02","-0.16",,"0.63","0.78","0.82",,"0.47","0.185","0.32",,"0.37","0.37","0.22",,"0.52","0.65","0.51",,"0.55","0.53","0.49",,"0.56","0.54","0.51",,"0.43","0.37","0.35",,"0.31","0.29","0.09",,"0.25","0.22","0.24",,"0.18","0.17","0.16",,"0.21","0.22","0.25",,"0.22","0.23","0.23",,"0.15","0.17","0.17",,"0.19","0.18","0.17",,"0.07","0.07","0.09",,"0.12","0.1","0.1"
DilutedEPS,,"1.84","1.5","1.1","0.85","1.07","0.19","-0.19",,"-1.29","0.04","0.4","-0.3","0.81","0.33","0.72","0.5","-2.68","0.39","0.47","0.65","2.1","0.79","0.53","0.75","0.94","1.16","0.96","1.15","0.88","1.18","0.91","1.33","0.81","0.89","0.86","0.91","0.62","0.99","0.7","0.91","1","0.98","0.9","1.54","0.98","0.91","0.9",,"0.75","0.68","0.33",,"0.12","-7.98","0.61",,"0.71","0.93","0.69",,"0.7","0.67","0.44",,"0.48","0.34","0.17",,"0.34","0.36","0.3",,"0.22","0.07","-0.09",,"0.01","-0.49","0",,"-0.01","-0.02","-0.16",,"0.62","0.78","0.81",,"0.465","0.185","0.32",,"0.37","0.37","0.21",,"0.52","0.64","0.51",,"0.55","0.53","0.49",,"0.56","0.54","0.51",,"0.43","0.37","0.35",,"0.31","0.29","0.09",,"0.25","0.22","0.24",,"0.18","0.17","0.16",,"0.21","0.22","0.25",,"0.22","0.23","0.23",,"0.15","0.17","0.17",,"0.19","0.18","0.17",,"0.07","0.07","0.09",,"0.12","0.1","0.1"
BasicAverageShares,,"98,659,000","99,032,000","99,647,000","99,655,000","99,542,000","98,937,000","98,897,000",,"99,479,000","100,431,000","103,130,000","105,615,000","108,074,000","110,332,000","115,260,000","116,948,000","119,601,000","120,400,000","122,685,000","124,209,000","128,487,000","127,901,000","127,531,000","127,930,000","129,811,000","131,909,000","133,783,000","135,855,000","136,046,000","136,541,000","138,309,000","138,430,000","138,418,000","137,702,000","137,414,000","137,160,000","137,102,000","136,776,000","140,767,000","144,528,000","145,126,000","147,188,000","152,270,000","152,923,000","152,859,000","152,137,000","152,004,000",,"151,890,000","151,391,000","151,276,000",,"151,147,000","150,721,000","150,561,000",,"150,440,000","150,113,000","149,978,000",,"148,712,000","146,967,000","146,718,000",,"146,373,000","145,978,000","144,769,000",,"120,694,000","120,555,000","120,523,000",,"120,332,000","119,909,000","119,597,000",,"119,486,000","119,419,000","119,420,000",,"118,859,000","118,135,000","117,851,000",,"92,348,000","92,252,000","92,174,000",,"87,885,106","82,234,000","70,400,000",,"70,298,000","71,258,000","72,856,000",,"78,282,000","80,764,000","82,744,000",,"86,282,000","86,932,000","87,418,000",,"87,306,000","87,378,000","87,440,000",,"86,870,000","86,742,000","86,664,000",,"81,612,903","81,379,310","81,111,111",,"72,800,000","70,454,545","70,416,667",,"68,888,889","69,411,765","68,750,000",,"70,000,000","70,000,000","70,800,000",,"72,727,273","72,608,696","70,869,565",,"71,384,000","71,308,000","71,252,000",,"71,526,000","71,174,000","71,662,000",,"71,094,000","71,094,000","71,092,000",,"71,092,000","70,968,000","70,816,000"
DilutedAverageShares,,"99,486,000","100,286,000","101,116,000","100,630,000","100,247,000","99,932,000","98,897,000",,"99,479,000","101,302,000","104,377,000","105,615,000","108,822,000","111,462,000","116,471,000","117,863,000","119,601,000","121,749,000","123,984,000","125,062,000","129,432,000","130,347,000","129,763,000","129,799,000","131,650,000","134,918,000","136,326,000","137,622,000","137,721,000","138,972,000","140,850,000","140,430,000","140,179,000","140,144,000","139,724,000","139,062,000","139,015,000","138,575,000","143,359,000","146,794,000","147,245,000","149,666,000","154,506,000","154,833,000","154,611,000","154,259,000","153,646,000",,"153,215,000","152,945,000","152,635,000",,"151,147,000","150,721,000","151,930,000",,"151,771,000","152,975,000","153,458,000",,"149,994,000","148,130,000","147,201,000",,"147,413,000","146,821,000","146,951,000",,"121,414,000","121,426,000","121,280,000",,"121,909,000","120,898,000","119,597,000",,"119,571,000","119,419,000","119,420,000",,"118,859,000","118,135,000","117,851,000",,"93,230,000","92,512,000","93,556,000",,"88,962,000","82,830,000","70,810,000",,"70,640,000","72,008,000","73,912,000",,"79,196,000","81,774,000","82,744,000",,"86,282,000","86,932,000","87,418,000",,"87,306,000","87,378,000","87,440,000",,"86,870,000","86,742,000","86,664,000",,"81,612,903","81,379,310","81,111,111",,"72,800,000","70,454,545","70,416,667",,"68,888,889","69,411,765","68,750,000",,"70,000,000","70,000,000","70,800,000",,"72,727,273","72,608,696","70,869,565",,"71,384,000","71,308,000","71,252,000",,"71,526,000","71,174,000","71,662,000",,"71,094,000","71,094,000","71,092,000",,"71,092,000","70,968,000","70,816,000"
TotalOperatingIncomeAsReported,"772,324,000","274,408,000","211,672,000","168,243,000","118,001,000","87,684,000","57,221,000","18,502,000","1,920,000","-115,760,000","46,475,000","62,738,000","-30,040,000","153,085,000","96,050,000","146,816,000","127,944,000","-54,401,000","87,018,000","69,955,000","93,373,000","114,283,000","124,230,000","130,991,000","172,974,000","181,618,000","226,115,000","206,962,000","180,477,000","203,712,000","250,287,000","193,197,000","204,538,000","184,843,000","221,572,000","178,987,000","162,825,000","167,610,000","195,573,000","99,973,000","213,438,000","216,774,000","230,889,000","223,064,000","267,178,000","240,737,000","227,602,000","194,462,000","217,093,000","167,220,000","162,287,000","89,000,000","-20,534,000","55,473,000","-1,208,753,000","154,525,000","170,567,000","166,753,000","207,867,000","165,196,000","196,927,000","172,559,000","163,816,000","144,971,000","142,423,000","121,880,000","95,498,000","70,677,000","85,736,000","78,531,000","83,978,000","73,071,000","85,778,000","73,852,000","34,224,000","8,392,000","31,719,000","36,249,000","-75,192,000","19,953,000","-53,427,000","23,011,000","23,806,000","3,625,000","-237,937,000","148,244,000","177,101,000","166,244,000","143,006,000","98,377,000","44,160,000","48,443,000","15,753,000","58,178,000","58,176,000","41,126,000","41,694,000","80,670,000","67,893,000","80,919,000","85,749,000","78,309,000","83,968,000","79,720,000","89,129,000","92,015,000","87,364,000","80,459,000","76,941,000","69,474,000","59,460,000","55,608,000","51,700,000","46,500,000","44,200,000","22,400,000","27,900,000","28,900,000","22,000,000","23,900,000","22,300,000","16,400,000","15,800,000","15,000,000","18,500,000","21,100,000","22,100,000","25,000,000","22,100,000","23,800,000","25,900,000","26,200,000",,,,,,,,,,,,,,,,
TotalExpenses,"22,332,484,000","6,187,474,000","5,653,545,000","5,411,180,000","5,080,285,000","4,811,456,000","4,599,003,000","4,678,137,000","4,135,728,000","4,260,531,000","4,474,066,000","4,542,673,000","4,545,395,000","4,542,800,000","4,890,670,000","4,928,275,000","4,894,428,000","4,642,934,000","4,397,856,000","4,544,594,000","4,470,998,000","4,292,100,000","4,118,929,000","4,012,945,000","6,037,872,000","5,976,926,000","6,600,720,000","6,736,774,000","6,572,120,000","6,517,654,000","7,288,336,000","6,628,070,000","6,816,172,000","6,472,690,000","7,171,840,000","6,154,389,000","6,368,032,000","6,103,748,000","6,478,986,000","5,732,676,000","6,073,477,000","6,045,174,000","6,428,179,000","6,202,942,000","6,641,224,000","6,415,394,000","6,510,781,000","5,959,859,000","4,996,733,000","4,582,219,000","4,672,237,000","4,247,964,000","3,624,342,000","3,645,363,000","4,129,086,000","4,339,925,000","4,480,547,000","4,244,035,000","4,545,278,000","3,933,522,000","4,044,486,000","3,723,182,000","3,727,364,000","3,503,429,000","3,448,855,000","3,488,183,000","3,647,982,000","3,183,802,000","2,739,665,000","2,679,728,000","2,799,177,000","2,526,930,000","2,557,264,000","2,565,737,000","2,496,771,000","2,367,105,000","2,155,700,000","2,304,219,000","2,421,857,000","2,153,937,000","1,098,179,000","2,191,440,000","2,336,044,000","2,197,570,000","3,494,743,000","3,060,330,000","3,214,302,000","2,790,983,000","2,585,935,000","2,587,793,000","2,058,611,000","1,605,880,000","1,626,558,000","1,541,048,000","1,468,726,000","1,540,477,000","1,502,882,000","1,431,451,000","1,392,845,000","1,317,913,000","1,312,886,000","1,300,122,000","1,247,780,000","1,202,092,000","1,240,518,000","1,295,469,000","1,214,200,000","1,108,643,000","1,097,316,000","1,060,819,000","982,188,000","898,207,000","867,500,000","853,500,000","806,300,000","855,600,000","567,600,000","553,600,000","504,800,000","509,300,000","483,100,000","409,200,000","399,300,000","397,900,000","412,200,000","414,400,000","413,800,000","413,800,000","425,800,000","410,000,000","405,800,000","411,800,000",,,,,,,,,,,,,,,,
NetIncomeFromContinuingAndDiscontinuedOperation,"530,911,000","183,417,000","150,821,000","111,318,000","85,355,000","107,484,000","19,163,000","-18,889,000","52,161,000","-128,661,000","3,668,000","41,752,000","-31,836,000","88,048,000","36,401,000","83,724,000","58,615,000","-320,066,000","46,724,000","58,303,000","81,446,000","271,771,000","103,218,000","68,843,000","96,806,000","123,459,000","156,012,000","130,254,000","158,733,000","121,529,000","163,706,000","127,946,000","186,265,000","113,851,000","124,864,000","120,624,000","126,091,000","86,196,000","137,481,000","100,305,000","133,404,000","147,562,000","147,023,000","139,030,000","238,830,000","151,031,000","141,034,000","138,174,000","141,119,000","114,505,000","103,851,000","50,895,000","-30,878,000","18,024,000","-1,202,413,000","92,805,000","144,094,000","107,244,000","142,206,000","105,537,000","124,657,000","105,179,000","99,088,000","64,143,000","58,847,000","71,167,000","49,636,000","24,897,000","47,250,000","41,148,000","43,510,000","36,331,000","48,671,000","26,650,000","8,935,000","-11,359,000","11,537,000","1,492,000","-58,657,000","-488,000","-61,402,000","-1,251,000","-2,576,000","-19,207,000","-190,194,000","57,789,000","72,237,000","75,571,000","66,557,000","41,306,000","15,132,000","22,146,000","106,529,000","25,736,000","26,534,000","15,658,000","16,564,000","40,675,000","52,073,000","42,112,000","47,373,000","47,403,000","45,614,000","42,373,000","48,100,000","48,921,000","46,691,000","44,544,000","43,877,000","36,410,000","31,059,000","28,927,000","29,000,000","25,300,000","23,600,000","10,100,000","18,500,000","18,200,000","15,500,000","16,900,000","15,300,000","12,400,000","11,800,000","11,000,000","13,800,000","14,700,000","15,400,000","17,700,000","7,500,000","16,000,000","16,700,000","16,300,000",,,,,,,,,,,,,,,,
NormalizedIncome,"577,983,887","202,850,140","150,821,000","115,366,896","111,834,019.433","120,313,020","27,885,040","2,537,620","68,259,690","5,687,258","15,629,450","59,708,540","85,726,420","97,156,884","82,224,800","94,279,876","80,487,398.007","-164,815,200","90,394,468","102,070,724","98,497,800","119,999,511","50,705,000","91,041,378","108,233,084.505","135,895,268","172,798,602","149,307,172","184,973,400","132,545,234","173,569,208","141,869,200","204,464,350","129,802,420","143,692,604","115,683,324","185,779,898.253","102,600,600","157,706,458","105,938,757","147,192,369.605","155,570,122.753","171,872,415.616","142,846,958.078","237,175,465.178","165,408,494.251","161,510,240.914","135,276,244.982","135,725,755.542","118,781,187.083","100,623,564.103","60,959,770.992","76,404,500","23,134,089.014","121,160,646.663","93,244,586.946","134,084,512.806","110,477,829.772","131,423,680.516","100,447,462.78","123,096,451.504","107,255,737.453","97,332,254.724","79,430,157.106","77,856,397.971","74,363,559.131","64,081,516.797","40,691,453.122","46,340,172.255","39,860,134.347","43,431,755.813","36,141,981.591","48,703,027.255","36,467,462.054","23,789,868.726","9,236,647.816","3,980,933.134","5,750,200","-61,451,800","-4,050,800","-62,982,900.044","-1,827,600","-4,493,000","-19,563,400","-219,713,316.106","55,031,400","70,453,800","76,158,400","65,417,000","41,214,200","13,927,800","21,658,200","-44,968,600","25,608,800","26,082,200","15,242,200","16,009,600","40,220,800","31,528,400","41,970,400","46,282,200","42,073,800","45,446,600","41,911,000","47,839,000","48,646,200","46,556,600","44,021,400","42,894,200","35,739,800","30,092,400","28,507,000","27,380,000","24,580,000","23,360,000","9,740,000","16,203,020.134","16,325,581.395","12,217,647.059","11,920,000","10,860,000","8,266,666.667","7,642,487.047","7,110,497.238","9,767,123.288","10,763,598.326","11,457,600","13,153,767.123","8,460,000","12,303,030.303","12,920,000","13,198,134.328",,,,,,,,,,,,,,,,
InterestExpense,"93,733,000","25,914,000","21,630,000","22,844,000","23,345,000","22,342,000","21,485,000","22,301,000","25,488,000","29,718,000","33,904,000","33,631,000","34,810,000","36,253,000","33,718,000","30,093,000","26,779,000","26,046,000","25,640,000","24,060,000","25,173,000","27,534,000","26,748,000","27,237,000","29,749,000","23,281,000","22,423,000","23,602,000","23,729,000","23,871,000","24,666,000","23,400,000","24,294,000","25,326,000","28,226,000","26,977,000","28,624,000","27,341,000","27,798,000","23,890,000","23,238,000","23,556,000","22,194,000","21,871,000","22,622,000","23,557,000","24,248,000","22,025,000","15,823,000","15,327,000","15,316,000","15,282,000","14,578,000","17,608,000","17,435,000",,,,,,,,,,,,,,,,,,,,,,,,,,,,,,,,,,,,,,,,,,,,,,,,,,,,,,,,,,,,,,,,,,,,,,,,,,,,,,,,,,,,,,,,,,,,,
NetInterestIncome,"-93,733,000","-25,914,000","-21,630,000","-22,844,000","-23,345,000","-22,342,000","-21,485,000","-22,301,000","-25,488,000","-29,718,000","-33,904,000","-33,631,000","-34,810,000","-36,253,000","-33,718,000","-30,093,000","-26,779,000","-26,046,000","-25,640,000","-24,060,000","-25,173,000","-27,534,000","-26,748,000","-27,237,000","-29,749,000","-23,281,000","-22,423,000","-23,602,000","-23,729,000","-23,871,000","-24,666,000","-23,400,000","-24,294,000","-25,326,000","-28,226,000","-26,977,000","-28,624,000","-27,341,000","-27,798,000","-23,890,000","-23,238,000","-23,556,000","-22,194,000","-21,871,000","-22,622,000","-23,557,000","-24,248,000","-22,025,000","-15,823,000","-15,327,000","-15,316,000","-15,282,000","-14,578,000","-17,608,000","-17,435,000",,,,,,,,,,,,,,,,,,,,,,,,,,,,,,,,,,,,,,,,,,,,,,,,,,,,,,,,,,,,,,,,,,,,,,,,,,,,,,,,,,,,,,,,,,,,,
EBIT,"770,228,000","273,939,000","213,409,000","167,834,000","115,047,000","92,463,000","55,888,000","-996,000","9,345,000","-128,368,000","45,990,000","67,669,000","-28,233,000","161,816,000","98,634,000","144,924,000","120,305,000","-46,017,000","87,780,000","85,534,000","79,877,000","133,722,000","87,716,000","117,258,000","165,007,000","183,818,000","219,630,000","201,108,000","177,397,000","194,767,000","244,763,000","191,704,000","199,934,000","190,319,000","216,778,000","198,919,000","155,763,000","171,716,000","196,692,000","132,747,000","209,242,000","224,479,000","230,232,000","217,688,000","272,634,000","236,718,000","227,242,000","226,824,000","215,992,000","171,921,000","167,001,000","91,917,000","-9,642,000","47,109,000","-1,207,936,000","154,525,000","198,652,000","177,610,000","207,867,000","165,196,000","192,759,000","181,080,000","163,816,000","144,971,000","162,755,000","126,459,000","111,130,000","84,463,000","85,736,000","78,531,000","83,978,000","73,071,000","85,778,000","73,852,000","57,689,000","40,545,000","31,719,000","36,249,000","-75,192,000","19,953,000","1,046,573,000","23,011,000","23,806,000","3,625,000","-237,937,000","148,244,000","177,101,000","166,244,000","143,006,000","98,377,000","44,160,000","48,443,000","15,753,000","58,178,000","58,176,000","41,126,000","41,694,000","80,670,000","67,893,000","80,919,000","85,749,000","78,309,000","83,968,000","79,720,000","89,129,000","92,015,000","87,364,000","80,459,000","76,941,000","69,474,000","59,460,000","55,608,000","51,700,000","46,500,000","44,200,000","22,400,000","27,900,000","28,900,000","22,000,000","23,900,000","22,300,000","16,400,000","15,800,000","15,000,000","18,500,000","21,100,000","22,100,000","25,000,000","22,100,000","23,800,000","25,900,000","26,200,000","-1,373,000,000","474,900,000","495,400,000","491,500,000","-1,247,400,000","467,200,000","429,300,000","441,100,000","-1,067,600,000","378,800,000","375,900,000","363,100,000","-998,300,000","361,600,000","339,700,000","338,400,000"
EBITDA,"931,732,000"
ReconciledCostOfRevenue,"20,334,082,000","5,675,110,000","5,152,182,000","4,925,002,000","4,581,787,000","4,348,364,000","4,156,919,000","4,206,979,000","3,684,630,000","3,790,885,000","4,009,193,000","4,086,170,000","4,085,784,000","4,074,629,000","4,418,947,000","4,453,129,000","4,400,588,000","4,141,556,000","3,919,175,000","4,048,388,000","3,975,788,000","3,811,910,000","3,687,374,000","3,647,920,000","5,495,773,000","5,437,888,000","6,069,889,000","6,178,218,000","6,010,534,000","5,962,506,000","6,714,374,000","6,044,124,000","6,211,693,000","5,878,704,000","6,573,221,000","5,610,305,000","5,819,765,000","5,542,676,000","5,931,002,000","5,185,680,000","5,548,364,000","5,526,753,000","5,909,439,000","5,672,409,000","6,087,275,000","5,885,789,000","5,994,301,000","5,459,243,000","4,568,024,000","4,173,999,000","4,282,633,000","3,855,298,000","3,322,588,000","3,238,366,000","3,735,666,000","3,910,283,000","4,067,390,000","3,842,918,000","4,156,493,000","3,572,190,000","3,685,659,000","3,369,465,000","3,397,309,000","3,180,035,000","3,129,750,000","3,142,588,000","3,297,276,000","2,845,032,000","2,454,476,000","2,393,691,000","2,509,275,000","2,250,391,000","2,275,028,000","2,281,006,000","2,225,301,000","2,098,553,000","1,892,761,000","2,033,356,000","2,031,099,000","1,876,271,000","1,862,105,000","1,903,462,000","2,041,234,000","1,890,633,000","2,798,867,000","2,733,382,000","2,898,621,000","2,517,614,000","2,334,829,000","2,305,268,000","1,820,102,000","1,423,520,000","1,398,229,000","1,355,438,000","1,298,112,000","1,349,693,000","1,304,270,000","1,259,878,000","1,214,826,000","1,156,874,000","1,152,944,000","1,132,851,000","1,089,738,000","1,047,515,000","1,078,236,000","1,133,722,000","1,060,019,000","958,987,000","945,755,000","919,799,000","844,622,000","765,472,000","733,000,000","726,200,000","684,200,000","703,600,000","464,100,000","450,600,000","405,300,000","408,500,000","383,100,000","321,700,000","313,100,000","308,800,000","317,500,000","324,800,000","325,100,000","326,100,000","329,000,000","317,400,000","316,300,000","321,400,000",,,,,,,,,,,,,,,,
ReconciledDepreciation,"161,504,000","37,785,000","39,472,000","40,794,000","43,453,000","42,659,000","46,546,000","56,041,000","58,560,000","61,902,000","62,014,000","60,419,000","45,027,000","46,471,000","43,145,000","46,199,000","50,901,000","59,205,000","60,997,000","63,769,000","57,375,000","40,610,000","35,751,000","21,624,000","34,184,000","30,376,000","31,307,000","30,612,000","43,770,000","34,587,000","34,271,000","34,691,000","36,715,000","34,839,000","36,343,000","29,291,000","31,548,000","31,288,000","29,632,000","28,208,000","30,561,000","26,122,000","22,352,000","22,301,000","22,289,000","19,610,000","18,647,000","20,843,000","14,559,000","14,957,000","15,480,000","15,647,000","15,280,000","15,309,000","16,247,000","19,236,000","15,369,000","16,154,000","14,188,000","13,522,000","14,892,000","12,900,000","12,723,000","13,260,000","15,368,000","18,183,000","16,233,000","16,742,000","15,348,000","15,634,000","15,675,000","15,089,000","13,990,000","15,443,000","16,701,000","18,406,000","19,648,000","21,482,000","22,872,000","24,837,000","33,350,000","23,865,000","24,176,000","22,488,000","40,286,000","27,470,000","27,414,000","24,228,000","24,774,000","20,615,000","16,766,000","13,406,000","13,894,000","12,989,000","12,713,000","12,679,000","13,093,000","12,087,000","12,130,000","13,232,000","12,542,000","12,785,000","13,111,000","10,960,000","10,990,000","11,766,000","10,991,000","9,800,000","10,651,000","9,240,000","8,804,000","8,168,000","8,300,000","8,000,000","8,000,000","7,500,000","5,400,000","4,800,000","5,700,000","6,900,000","7,000,000","5,900,000","5,400,000","5,700,000","7,300,000","5,100,000","6,600,000","5,800,000","8,400,000","5,900,000","7,400,000","6,700,000",,,,,,,,,,,,,,,,
NetIncomeFromContinuingOperationNetMinorityInterest,"530,911,000","183,417,000","150,821,000","111,318,000","85,355,000","107,484,000","19,163,000","-18,889,000","52,161,000","-128,661,000","5,216,000","41,752,000","-35,128,000","94,935,000","36,775,000","83,529,000","57,739,000","-315,604,000","56,794,000","58,182,000","73,278,000","89,920,000","32,465,000","68,586,000","96,806,000","123,459,000","156,012,000","130,254,000","158,733,000","121,529,000","163,706,000","127,946,000","186,265,000","113,851,000","124,864,000","120,624,000","126,091,000","86,196,000","137,481,000","100,305,000","133,404,000","147,562,000","147,023,000","139,030,000","238,830,000","151,031,000","141,034,000","138,174,000","141,119,000","114,505,000","103,851,000","50,895,000","-30,878,000","18,024,000","-1,202,413,000","92,805,000","144,094,000","107,244,000","142,206,000","105,537,000","124,657,000","105,179,000","99,088,000","64,143,000","58,847,000","71,167,000","49,636,000","24,897,000","47,250,000","41,148,000","43,510,000","36,331,000","48,671,000","26,650,000","8,935,000","-11,359,000","11,537,000","1,492,000","-58,657,000","-488,000","-61,402,000","-1,251,000","-2,576,000","-19,207,000","-205,499,000","57,789,000","72,237,000","75,571,000","66,557,000","41,306,000","15,132,000","22,146,000","106,529,000","25,736,000","26,534,000","15,658,000","16,564,000","40,675,000","52,073,000","42,112,000","47,373,000","47,403,000","45,614,000","42,373,000","48,100,000","48,921,000","46,691,000","44,544,000","43,877,000","36,410,000","31,059,000","28,927,000","29,000,000","25,300,000","23,600,000","10,100,000","18,500,000","18,200,000","15,500,000","16,900,000","15,300,000","12,400,000","11,800,000","11,000,000","13,800,000","14,700,000","15,400,000","17,700,000","7,500,000","16,000,000","16,700,000","16,300,000",,,,,,,,,,,,,,,,
TotalUnusualItemsExcludingGoodwill,"-59,981,000","-26,261,000","0","-5,272,000","-28,448,000","-17,574,000","-11,948,000","-26,420,000","-22,053,000","-165,047,000","-14,265,000","-24,598,000","-165,554,000","-2,939,000","-62,260,000","-14,788,000","-36,848,000","-206,560,000","-36,762,000","-46,394,000","-42,033,000","-35,513,000","-30,400,000","-29,469,000","-15,966,000","-16,172,000","-21,222,000","-25,958,000","-43,734,000","-15,494,000","-13,257,000","-18,320,000","-27,999,000","-23,118,000","-28,442,000","7,038,000","-60,185,000","-27,341,000","-24,847,000","-6,117,000","-19,225,000","-10,904,000","-35,162,000","-5,376,000","1,732,000","-20,292,000","-29,472,000","4,295,000","7,650,000","-5,848,000","4,714,000","-15,155,000","-165,050,000","-8,364,000","-1,348,845,000","-649,000","13,529,000","-4,652,000","15,608,000","7,430,000","2,263,000","-3,121,000","2,635,000","-23,612,000","-31,083,000","-4,825,000","-21,927,000","-23,574,000","1,252,000","1,860,000","113,000","273,000","-43,000","-13,470,000","-21,530,000","-29,850,000","9,217,000","-7,097,000","4,658,000","5,938,000","2,005,000","961,000","3,195,000","594,000","18,907,000","4,596,000","2,972,000","-979,000","1,900,000","153,000","2,007,000","813,000","252,496,000","212,000","753,000","693,000","924,000","757,000","34,241,000","236,000","1,818,000","8,882,000","279,000","770,000","435,000","458,000","224,000","871,000","1,638,000","1,117,000","1,611,000","700,000","2,700,000","1,200,000","400,000","600,000","3,700,000","3,100,000","5,400,000","8,300,000","7,400,000","6,600,000","6,800,000","6,400,000","6,400,000","6,400,000","6,400,000","7,500,000","-1,600,000","6,100,000","6,300,000","5,100,000",,,,,,,,,,,,,,,,
TotalUnusualItems,"-59,981,000","-26,261,000","0","-5,272,000","-28,448,000","-17,574,000","-11,948,000","-26,420,000","-22,053,000","-165,047,000","-14,265,000","-24,598,000","-165,554,000","-2,939,000","-62,260,000","-14,788,000","-36,848,000","-206,560,000","-36,762,000","-46,394,000","-42,033,000","-35,513,000","-30,400,000","-29,469,000","-15,966,000","-16,172,000","-21,222,000","-25,958,000","-43,734,000","-15,494,000","-13,257,000","-18,320,000","-27,999,000","-23,118,000","-28,442,000","7,038,000","-60,185,000","-27,341,000","-24,847,000","-6,117,000","-19,225,000","-10,904,000","-35,162,000","-5,376,000","1,732,000","-20,292,000","-29,472,000","4,295,000","7,650,000","-5,848,000","4,714,000","-15,155,000","-165,050,000","-8,364,000","-1,348,845,000","-649,000","13,529,000","-4,652,000","15,608,000","7,430,000","2,263,000","-3,121,000","2,635,000","-23,612,000","-31,083,000","-4,825,000","-21,927,000","-23,574,000","1,252,000","1,860,000","113,000","273,000","-43,000","-13,470,000","-21,530,000","-29,850,000","9,217,000","-7,097,000","4,658,000","5,938,000","2,005,000","961,000","3,195,000","594,000","18,907,000","4,596,000","2,972,000","-979,000","1,900,000","153,000","2,007,000","813,000","252,496,000","212,000","753,000","693,000","924,000","757,000","34,241,000","236,000","1,818,000","8,882,000","279,000","770,000","435,000","458,000","224,000","871,000","1,638,000","1,117,000","1,611,000","700,000","2,700,000","1,200,000","400,000","600,000","3,700,000","3,100,000","5,400,000","8,300,000","7,400,000","6,600,000","6,800,000","6,400,000","6,400,000","6,400,000","6,400,000","7,500,000","-1,600,000","6,100,000","6,300,000","5,100,000",,,,,,,,,,,,,,,,
NormalizedEBITDA,"991,713,000","337,985,000","252,881,000","213,900,000","186,948,000","152,696,000","114,382,000","81,465,000","89,958,000","98,581,000","122,269,000","152,686,000","182,348,000","211,226,000","204,039,000","205,911,000","208,054,000","219,748,000","185,539,000","195,697,000","179,285,000","209,845,000","153,867,000","168,351,000","215,157,000","230,366,000","272,159,000","257,678,000","264,901,000","244,848,000","292,291,000","244,715,000","264,648,000","248,276,000","281,563,000","221,172,000","247,496,000","230,345,000","251,171,000","167,072,000","259,028,000","261,505,000","287,746,000","245,365,000","293,191,000","276,620,000","275,361,000","243,372,000","222,901,000","192,726,000","177,767,000","122,719,000","170,688,000","70,782,000","157,156,000","174,410,000","200,492,000","198,416,000","206,447,000","171,288,000","205,388,000","197,101,000","173,904,000","181,843,000","209,206,000","149,467,000","149,290,000","124,779,000","99,832,000","92,305,000","99,540,000","87,887,000","99,811,000","102,765,000","95,920,000","88,801,000","42,150,000","64,828,000","-56,978,000","38,852,000","1,077,918,000","45,915,000","44,787,000","25,519,000","-216,558,000","171,118,000","201,543,000","191,451,000","165,880,000","118,839,000","58,919,000","61,036,000","-222,849,000","70,955,000","70,136,000","53,112,000","53,863,000","92,000,000","45,782,000","93,915,000","96,473,000","82,212,000","96,800,000","89,910,000","99,684,000","103,323,000","98,131,000","89,388,000","85,954,000","77,597,000","66,653,000","63,076,000","57,300,000","53,300,000","51,800,000","29,300,000","29,600,000","30,600,000","22,300,000","22,500,000","21,900,000","15,700,000","14,500,000","14,300,000","19,400,000","19,800,000","22,300,000","23,300,000","32,100,000","23,600,000","27,000,000","27,800,000","-1,373,000,000","474,900,000","495,400,000","491,500,000","-1,247,400,000","467,200,000","429,300,000","441,100,000","-1,067,600,000","378,800,000","375,900,000","363,100,000","-998,300,000","361,600,000","339,700,000","338,400,000"
TaxRateForCalcs,"0.215","0.26","0.214","0.232","0.069","0.27","0.27","0.189","0.27","0.186","0.27","0.27","0.27","0.244","0.27","0.273","0.383","0.27","0.086","0.054","0.4","0.153","0.4","0.238","0.284","0.231","0.209","0.266","0.4","0.289","0.256","0.24","0.35","0.31","0.338","0.298","0.008","0.4","0.186","0.079","0.283","0.266","0.293","0.29","0.045","0.291","0.305","0.325","0.295","0.269","0.315","0.336","0.35","0.389","0.019","0.323","0.26","0.305","0.309","0.315","0.31","0.335","0.334","0.353","0.388","0.338","0.341","0.33","0.273","0.308","0.308","0.308","0.255","0.271","0.31","0.31","0.18","0.4","0.4","0.4","0.212","0.4","0.4","0.4","0.248","0.4","0.4","0.4","0.4","0.4","0.4","0.4","0.4","0.4","0.4","0.4","0.4","0.4","0.4","0.4","0.4","0.4","0.4","0.4","0.4","0.4","0.4","0.4","0.4","0.4","0.4","0.4","0.4","0.4","0.4","0.4","0.379","0.395","0.392","0.4","0.4","0.374","0.389","0.392","0.37","0.385","0.384","0.394","0.4","0.394","0.4","0.392",,,,,,,,,,,,,,,,
TaxEffectOfUnusualItems,"-12,908,113","-6,827,860","0","-1,223,104","-1,968,980.567","-4,744,980","-3,225,960","-4,993,380","-5,954,310","-30,698,742","-3,851,550","-6,641,460","-44,699,580","-717,116","-16,810,200","-4,037,124","-14,099,601.993","-55,771,200","-3,161,532","-2,505,276","-16,813,200","-5,433,489","-12,160,000","-7,013,622","-4,538,915.495","-3,735,732","-4,435,398","-6,904,828","-17,493,600","-4,477,766","-3,393,792","-4,396,800","-9,799,650","-7,166,580","-9,613,396","2,097,324","-496,101.747","-10,936,400","-4,621,542","-483,243","-5,436,630.395","-2,895,877.247","-10,312,584.384","-1,559,041.922","77,465.178","-5,914,505.749","-8,995,759.086","1,397,244.982","2,256,755.542","-1,571,812.917","1,486,564.103","-5,090,229.008","-57,767,500","-3,253,910.986","-25,271,353.337","-209,413.054","3,519,512.806","-1,418,170.228","4,825,680.516","2,340,462.78","702,451.504","-1,044,262.547","879,254.724","-8,324,842.894","-12,073,602.029","-1,628,440.869","-7,481,483.203","-7,779,546.878","342,172.255","572,134.347","34,755.813","83,981.591","-10,972.745","-3,652,537.946","-6,675,131.274","-9,254,352.184","1,660,933.134","-2,838,800","1,863,200","2,375,200","424,099.956","384,400","1,278,000","237,600","4,692,683.894","1,838,400","1,188,800","-391,600","760,000","61,200","802,800","325,200","100,998,400","84,800","301,200","277,200","369,600","302,800","13,696,400","94,400","727,200","3,552,800","111,600","308,000","174,000","183,200","89,600","348,400","655,200","446,800","644,400","280,000","1,080,000","480,000","160,000","240,000","1,403,020.134","1,225,581.395","2,117,647.059","3,320,000","2,960,000","2,466,666.667","2,642,487.047","2,510,497.238","2,367,123.288","2,463,598.326","2,457,600","2,953,767.123","-640,000","2,403,030.303","2,520,000","1,998,134.328",,,,,,,,,,,,,,,,