name,ttm,03/31/2022,12/31/2021,09/30/2021,06/30/2021,03/31/2021,12/31/2020,09/30/2020,06/30/2020,03/31/2020,12/31/2019,09/30/2019,06/30/2019,03/31/2019,12/31/2018,09/30/2018,06/30/2018,03/31/2018,12/31/2017,09/30/2017,06/30/2017,03/31/2017,12/31/2016,09/30/2016,06/30/2016,03/31/2016,12/31/2015,09/30/2015,06/30/2015,03/31/2015,12/31/2014,09/30/2014,06/30/2014,03/31/2014,12/31/2013,09/30/2013,06/30/2013,03/31/2013,12/31/2012,09/30/2012,06/30/2012,03/31/2012,12/31/2011,09/30/2011,06/30/2011,03/31/2011,12/31/2010,09/30/2010,06/30/2010,03/31/2010,12/31/2009,09/30/2009,06/30/2009,03/31/2009,12/31/2008,09/30/2008,06/30/2008,03/31/2008,12/31/2007,09/30/2007,06/30/2007,03/31/2007,12/31/2006,09/30/2006,06/30/2006,03/31/2006,12/31/2005,09/30/2005,06/30/2005,03/31/2005,12/31/2004,09/30/2004,06/30/2004,03/31/2004,12/31/2003,09/30/2003,06/30/2003,03/31/2003,12/31/2002,09/30/2002,06/30/2002,03/31/2002,09/30/2001,06/30/2001,03/31/2001,12/31/2000,09/30/2000,06/30/2000,03/31/2000,12/31/1999,09/30/1999,06/30/1999,03/31/1999,12/31/1998,09/30/1998,06/30/1998,03/31/1998,12/31/1997,09/30/1997,06/30/1997,03/31/1997,12/31/1996,09/30/1996,06/30/1996,03/31/1996,12/31/1995,09/30/1995,06/30/1995,03/31/1995,12/31/1994,09/30/1994,06/30/1994,03/31/1994,12/31/1993,09/30/1993,06/30/1993,03/31/1993,12/31/1992,09/30/1992,06/30/1992,03/31/1992,12/31/1991,09/30/1991,06/30/1991,03/31/1991,12/31/1990,09/30/1990,06/30/1990,03/31/1990,12/31/1989,09/30/1989,06/30/1989,03/31/1989,12/31/1988,09/30/1988,06/30/1988,03/31/1988,12/31/1987,09/30/1987,06/30/1987,03/31/1987,12/31/1986,09/30/1986
TotalRevenue,"127,328,000","31,007,000","31,537,000","31,204,000","33,580,000","31,037,000","32,495,000","33,428,000","22,116,000","24,261,000","28,162,000","28,564,000","26,701,000","23,285,000","23,432,504","22,660,139","20,584,498","17,259,859","16,971,005","16,046,253","15,168,064","12,241,073","11,408,672","11,205,224","10,381,883","8,111,759","7,808,848","8,153,675","6,417,253","4,951,316","4,793,614","4,671,340","4,214,193","3,138,256","2,984,678","2,957,462","2,862,289","2,142,932","2,044,912","1,980,849","2,012,513","1,653,430","1,361,646","1,140,768","2,244,111","3,625,007","42,117","26,373","3,254","19,529","24,234,743","24,215","610,311","42,107","32,586","14,022","5,075","21,029",,,,,"0","34,383",,"92,277","254,157","68,717","39,182","81,296",,,"1,520,146","2,479,300","1,988,822","1,978,007","1,624,416","1,645,690","1,740,640","2,013,949","1,583,000","1,514,495","2,725,000","3,511,676","4,171,778","4,056,484","4,188,894","4,353,064","3,934,825","3,300,000","3,000,000","3,100,000","3,200,000","3,100,000","2,900,000","2,700,000","3,300,000","3,300,000","3,600,000","3,300,000","3,000,000","3,000,000","3,000,000","2,600,000","3,800,000","3,300,000","3,500,000","3,300,000","4,200,000","3,700,000","2,900,000","2,800,000","2,300,000","2,500,000","3,100,000","2,900,000","2,300,000","1,900,000","2,100,000","2,100,000","2,000,000","1,900,000","2,100,000","2,200,000","2,100,000","2,000,000","1,700,000","-13,100,000","10,400,000","7,500,000","1,900,000","1,600,000","1,600,000","1,700,000","1,500,000","1,600,000","1,400,000","1,400,000","1,400,000","1,100,000","1,200,000","1,200,000","1,200,000"
	OperatingRevenue,"127,328,000","31,007,000","31,537,000","31,204,000","33,580,000","31,037,000","32,495,000","33,428,000","22,116,000","24,261,000","28,162,000","28,564,000","26,701,000","23,285,000","23,432,504","22,660,139","20,584,498","17,259,859","16,971,005","16,046,253","15,168,064","12,241,073","11,408,672","11,205,224","10,381,883","8,111,759","7,808,848","8,153,675","6,417,253","4,951,316","4,793,614","4,671,340","4,214,193","3,138,256","2,984,678","2,957,462","2,862,289","2,142,932","2,044,912","1,980,849","2,012,513","1,653,430","1,361,646","1,140,768","2,244,111","3,625,007","42,117","26,373","3,254","19,529","24,234,743","24,215","610,311","42,107","32,586","14,022","5,075","21,029",,,,,"0","34,383",,"92,277","254,157","68,717","39,182","81,296",,,"1,520,146","2,479,300","1,988,822","1,978,007","1,624,416","1,645,690","1,740,640","2,013,949","1,583,000","1,514,495","2,725,000","3,511,676","4,171,778","4,056,484","4,188,894","4,353,064","3,934,825","3,300,000","3,000,000","3,100,000","3,200,000","3,100,000","2,900,000","2,700,000","3,300,000","3,300,000","3,600,000","3,300,000","3,000,000","3,000,000","3,000,000","2,600,000","3,800,000","3,300,000","3,500,000","3,300,000","4,200,000","3,700,000","2,900,000","2,800,000","2,300,000","2,500,000","3,100,000","2,900,000","2,300,000","1,900,000","2,100,000","2,100,000","2,000,000","1,900,000","2,100,000","2,200,000","2,100,000","2,000,000","1,700,000","-13,100,000","10,400,000","7,500,000","1,900,000","1,600,000","1,600,000","1,700,000","1,500,000","1,600,000","1,400,000","1,400,000","1,400,000","1,100,000","1,200,000","1,200,000","1,200,000"
CostOfRevenue,"23,305,000","5,546,000","5,428,000","5,239,000","7,092,000","5,172,000","5,463,000","5,697,000","5,605,000","4,816,000","4,881,000","4,510,000","4,244,000","3,714,000","3,640,395","3,464,010","3,106,215","2,712,380","2,614,458","2,504,278","2,277,201","1,915,648","1,829,804","1,697,443","1,534,412","1,405,591","1,415,258","1,410,416","1,039,841","982,881","956,884","896,178","887,820","701,300","596,070","650,212","633,293","560,243","478,567","542,235","501,917","439,158","533,132","1,130,332","0","0","0","0","0","0","0","0","0","0",,,,,,,,,,,,,,,"105,835",,,,"1,146,872","1,733,535","1,468,982","1,638,530","1,233,409","1,154,391","1,651,649","1,419,673","1,115,000","1,026,144","1,784,000","3,011,524","2,569,995","2,534,179","2,390,533","2,545,182","2,215,761","1,900,000","1,900,000","1,800,000","1,900,000","2,000,000","1,700,000","1,700,000","2,300,000","2,200,000","2,200,000","1,900,000","1,700,000","1,700,000","1,600,000","1,400,000","2,000,000","1,800,000","1,800,000","1,700,000","2,300,000","2,200,000","1,400,000","1,600,000","1,400,000","1,500,000","1,700,000","1,900,000","1,300,000","1,100,000","1,000,000","1,300,000","1,000,000","1,000,000","1,200,000","1,400,000","1,300,000","1,100,000","900,000","-6,700,000","5,200,000","4,200,000","1,000,000",,,,,,,,,,,,
GrossProfit,"104,023,000","25,461,000","26,109,000","25,965,000","26,488,000","25,865,000","27,032,000","27,731,000","16,511,000","19,445,000","23,281,000","24,054,000","22,457,000","19,571,000","19,792,109","19,196,129","17,478,283","14,547,479","14,356,547","13,541,975","12,890,863","10,325,425","9,578,868","9,507,781","8,847,471","6,706,168","6,393,590","6,743,259","5,377,412","3,968,435","3,836,730","3,775,162","3,326,373","2,436,956","2,388,608","2,307,250","2,228,996","1,582,689","1,566,345","1,438,614","1,510,596","1,214,272","828,514","10,436","2,244,111","3,625,007","42,117","26,373","3,254","19,529","24,234,743","24,215","610,311","42,107",,,,,,,,,,,,,,,"-66,653",,,,"373,274","745,765","519,840","339,477","391,007","491,299","88,991","594,276","468,000","488,351","941,000","500,152","1,601,783","1,522,305","1,798,361","1,807,882","1,719,064","1,400,000","1,100,000","1,300,000","1,300,000","1,100,000","1,200,000","1,000,000","1,000,000","1,100,000","1,400,000","1,400,000","1,300,000","1,300,000","1,400,000","1,200,000","1,800,000","1,500,000","1,700,000","1,600,000","1,900,000","1,500,000","1,500,000","1,200,000","900,000","1,000,000","1,400,000","1,000,000","1,000,000","800,000","1,100,000","800,000","1,000,000","900,000","900,000","800,000","800,000","900,000","800,000","-6,400,000","5,200,000","3,300,000","900,000",,,,,,,,,,,,
OperatingExpense,"134,539,000","36,781,000","31,462,000","32,654,000","33,642,000","32,085,000","32,406,000","28,776,000","24,765,000","27,954,000","30,700,000","30,166,000","30,129,000","29,774,000","25,647,860","24,030,710","22,295,910","19,539,520","16,163,523","15,040,400","14,336,516","13,525,657","12,298,269","10,689,468","10,453,441","9,328,972","9,045,501","8,661,085","7,530,681","6,512,139","6,545,729","5,578,066","5,624,117","5,428,098","5,185,936","4,584,244","4,423,325","3,906,243","3,797,415","3,481,602","3,097,399","3,155,347","2,817,638","2,636,870","1,730,922","2,137,987","563,568","639,878","341,877","394,475","8,151,786","155,221","471,489","177,099","155,304","599,869","186,417","187,912","130,309","469,283","171,558","129,202","177,818","96,308","106,062","143,850","116,582","87,850",,"459,607","884,291","141,137","371,769","666,089","710,281","676,249","818,277","781,974","746,688","930,198","1,198,000","1,256,619","2,135,000","2,200,376","2,038,087","2,162,630","2,361,233","2,636,884","2,356,317","2,200,000","1,800,000","1,800,000","1,600,000","1,800,000","1,400,000","1,200,000","1,300,000","1,200,000","1,200,000","1,200,000","1,300,000","1,500,000","1,400,000","1,200,000","1,600,000","2,200,000","1,700,000","2,000,000","1,600,000","1,500,000","1,500,000","1,200,000","800,000","800,000","900,000","800,000","800,000","800,000","800,000","500,000","700,000","600,000","600,000","500,000","600,000","700,000","500,000","-4,200,000","3,800,000","2,100,000","700,000",,,,,,,,,,,,
	SellingGeneralAndAdministration,"109,835,000","30,506,000","25,160,000","26,250,000","27,919,000","26,337,000","27,475,000","24,546,000","20,694,000","23,340,000","25,788,000","25,985,000","25,847,000","25,635,000","21,841,395","20,723,854","19,694,673","17,481,078","14,191,954","13,245,108","12,815,393","12,114,521","11,119,767","9,571,110","9,516,618","8,350,632","8,151,780","7,725,070","6,794,282","5,841,103","5,562,007","4,896,836","5,068,359","4,615,483","4,559,364","3,990,601","3,925,007","3,499,300","3,424,093","3,091,207","2,730,036","2,859,216","2,429,021","2,515,461",,,,,,,,,,,,"599,869","186,417","187,912","130,309","469,283","171,558","129,202","177,818","96,308","106,062","143,850","116,582","87,850",,"459,607","884,291","141,137","250,208","518,849","543,265","565,214","721,028","680,442","650,000","821,072","1,082,000","1,086,594","1,918,000","1,761,349","1,818,851","1,773,441","1,981,037","2,186,315","1,884,018","1,600,000","1,300,000","1,200,000","1,200,000","1,300,000","900,000","800,000","800,000","700,000","800,000","700,000","700,000","900,000","600,000","500,000","800,000","1,500,000","900,000","1,100,000","1,000,000","900,000","800,000","600,000","400,000","700,000","800,000","600,000","700,000","700,000","700,000","500,000","600,000","500,000","500,000","400,000","600,000","600,000","400,000","-3,500,000","3,000,000","1,900,000","600,000",,,,,,,,,,,,
		GeneralAndAdministrativeExpense,"33,592,000","9,618,000","7,426,000","7,880,000","8,669,000","8,364,000","7,670,000","6,820,000","6,404,000","5,502,000","6,984,000","7,740,000","7,380,000","9,201,000","6,372,962","6,070,547","5,668,764","5,011,727","4,071,349","3,778,612","3,377,105","3,504,039","2,770,561","2,481,051","2,736,255","2,144,757","2,319,808","2,212,457","1,982,020","1,908,581","1,694,808","1,645,859","1,713,447","1,894,776","1,477,381","1,233,360","1,398,619","1,605,759","1,447,940","1,393,890","1,148,161","1,230,608","-631,666","2,016,343",,,,,,,,,,,,,,,,,,,,,,,,,,,,,,,,,,,,,,,,,,,,,,,,,,,,,,,,,,,,,,,,,,,,,,,,,,,,,,,,,,,,,,,,,,,,,,,,,,,
			SalariesAndWages,,,,,,,,,,,,,,,,,,,,,,,,,,,,,,,,,,,,,,,,,,,,"1,189,289",,,,,,,,,,,,,,,,,,,,,,,,,,,,,,,,,,,,,,,,,,,,,,,,,,,,,,,,,,,,,,,,,,,,,,,,,,,,,,,,,,,,,,,,,,,,,,,,,,,
			OtherGandA,"33,592,000","9,618,000","7,426,000","7,880,000","8,669,000","8,364,000","7,670,000","6,820,000","6,404,000","5,502,000","6,984,000","7,740,000","7,380,000","9,201,000","6,372,962","6,070,547","5,668,764","5,011,727","4,071,349","3,778,612","3,377,105","3,504,039","2,770,561","2,481,051","2,736,255","2,144,757","2,319,808","2,212,457","1,982,020","1,908,581","1,694,808","1,645,859","1,713,447","1,894,776","1,477,381","1,233,360","1,398,619","1,605,759","1,447,940","1,393,890","1,148,161","1,230,608","2,309,864","827,054",,,,,,,,,,,,,,,,,,,,,,,,,,,,,,,,,,,,,,,,,,,,,,,,,,,,,,,,,,,,,,,,,,,,,,,,,,,,,,,,,,,,,,,,,,,,,,,,,,,
		SellingAndMarketingExpense,"76,243,000","20,888,000","17,734,000","18,370,000","19,250,000","17,973,000","19,805,000","17,726,000","14,290,000","17,838,000","18,804,000","18,245,000","18,467,000","16,434,000","15,468,433","14,653,307","14,025,909","12,469,351","10,120,605","9,466,496","9,438,288","8,610,482","8,349,206","7,090,059","6,780,363","6,205,875","5,831,972","5,512,613","4,812,262","3,932,522","3,867,199","3,250,977","3,354,912","2,720,707","3,081,983","2,757,241","2,526,388","1,893,541","1,976,153","1,697,317","1,581,875","1,628,608","3,060,687","499,118",,,,,,,,,,,,,,,,,,,,,,,,,,,,,,,,,,,,,,,,,,,,,,,,,,,,,,,,,,,,,,,,,,,,,,,,,,,,,,,,,,,,,,,,,,,,,,,,,,,
	ResearchAndDevelopment,"24,704,000","6,275,000","6,302,000","6,404,000","5,723,000","5,748,000","4,931,000","4,230,000","4,071,000","4,614,000","4,912,000","4,181,000","4,282,000","4,139,000","3,806,465","3,306,856","2,601,237","2,058,442","1,971,569","1,795,292","1,521,123","1,411,136","1,178,502","1,118,358","936,823","978,340","893,721","936,015","736,399","671,036","983,722","681,230","555,758","812,615","626,572","593,643","498,318","406,943","373,322","390,395","367,363","296,131","580,206","76,982",,,,,,,,,,,,,,,,,,,,,,,,,,,,,"121,561","147,240","114,641","111,035","97,249","101,532","96,688","109,126","116,000","170,025","217,000","259,027","219,236","225,657","215,866","249,948","264,896","300,000","300,000","300,000","300,000","300,000","300,000","200,000","300,000","300,000","200,000","300,000","300,000","400,000","500,000","400,000","500,000","500,000","500,000","600,000","400,000","400,000","500,000","400,000","300,000",,,,,,,,,,,,,,,,,,,,,,,,,,,,,,
	DepreciationAmortizationDepletionIncomeStatement,,,,,,,,,,,,,,,,,,,,,,,,,,,,,,,,,,,,,,,,,,,,"44,427",,,,,,,,,,,,,,,,,,,,,,,,,,,,,,,,,,,,,,,,,"165,142","163,532","164,330","200,621","207,403","300,000","200,000","300,000","100,000","200,000","200,000","200,000","200,000","200,000","200,000","200,000","300,000","200,000","300,000","300,000","300,000","200,000","300,000","300,000","200,000","200,000","200,000","200,000","100,000","100,000","100,000","200,000","100,000","100,000","100,000","0","100,000","100,000","100,000","100,000",,"100,000","100,000","-700,000","800,000","200,000","100,000",,,,,,,,,,,,
		DepreciationAndAmortizationInIncomeStatement,,,,,,,,,,,,,,,,,,,,,,,,,,,,,,,,,,,,,,,,,,,,"44,427",,,,,,,,,,,,,,,,,,,,,,,,,,,,,,,,,,,,,,,,,"165,142","163,532","164,330","200,621","207,403","300,000","200,000","300,000","100,000","200,000","200,000","200,000","200,000","200,000","200,000","200,000","300,000","200,000","300,000","300,000","300,000","200,000","300,000","300,000","200,000","200,000","200,000","200,000","100,000","100,000","100,000","200,000","100,000","100,000","100,000","0","100,000","100,000","100,000","100,000",,"100,000","100,000","-700,000","800,000","200,000","100,000",,,,,,,,,,,,
	OtherOperatingExpenses,,,,,,,,,,,,,,,,,,,,,,,,,,,,,,,,,,,,,,,,,,,,,,,,,,,,,,,,,,,,,,,,,,,,,,,,,,,,,,,,,,,,"673,004","-165,142",,,,,,,,,,,,,,,,,,,,,,,,,,,,,,,,,,,,,,,,,,,,,,,,,,,,,,,,,,
OperatingIncome,"-30,516,000","-11,320,000","-5,353,000","-6,689,000","-7,154,000","-6,220,000","-5,374,000","-1,045,000","-8,254,000","-8,509,000","-7,419,000","-6,112,000","-7,672,000","-10,203,000","-5,855,751","-4,834,581","-4,817,627","-4,992,041","-1,806,976","-1,498,425","-1,445,653","-3,200,232","-2,719,401","-1,181,687","-1,605,970","-2,622,804","-2,651,911","-1,917,826","-2,153,269","-2,543,704","-2,708,999","-1,802,904","-2,297,744","-2,991,142","-2,797,328","-2,276,994","-2,194,329","-2,323,554","-2,231,070","-2,042,988","-1,586,803","-1,941,075","-1,989,124","-2,626,434","513,189","1,487,020","-521,451","-613,505","-338,623","-374,946","16,082,957","-131,006","138,822","-134,992","-122,718","-585,847","-181,342","-166,883","-29,878","-469,283","-171,558","-129,202","-177,818","-61,925","-106,062","-51,573","137,575","-19,133","-66,653","-378,311","180,709","-141,137","1,505","79,676","-190,441","-336,772","-427,270","-290,675","-657,697","-335,922","-730,000","-768,268","-1,194,000","-1,700,224","-436,304","-640,325","-562,872","-829,002","-637,253","-800,000","-700,000","-500,000","-300,000","-700,000","-200,000","-200,000","-300,000","-100,000","200,000","200,000","0","-200,000","0","0","200,000","-700,000","0","-400,000","300,000","0","0","0","100,000","200,000","500,000","200,000","200,000","0","300,000","300,000","300,000","300,000","300,000","300,000","200,000","200,000","300,000","-2,200,000","1,400,000","1,200,000","200,000","-4,100,000","1,600,000","1,700,000","1,500,000","-3,200,000","1,400,000","1,400,000","1,400,000","-3,100,000","1,200,000","1,200,000","1,200,000"
NetNonOperatingInterestIncomeExpense,"-1,266,000","-354,000","71,000","-417,000","-565,000","-444,000","-595,000","-397,000","206,000","-31,000","-8,000","-7,000","-11,000","-14,000","-2,810","5,964","-408,462","-646,281","-686,817","-624,051","-600,494","-552,040","-2,910,829","-1,120,882","-1,196,109","-1,033,837","-959,377","-1,073,677","-1,054,984","-1,028,494","-3,790,302","-1,435,687","-1,444,315","-1,242,533","-1,346,055","-1,275,819","-1,264,860","-1,111,837","-1,827,470","-205,439","-185,201","-160,076","-163,010","-487,117","23,749","1,692","10,090","4,836","4,235","4,018","1,222","32","169","531",,,,,,,,,,,,,,,,,,,,,,,,,,,,,,,,,,,,,,,,,,,,,,,,,,,,,,,,,,,,,,,,,,,,,,,,,,,,,,,,,,,,,,,,,
	InterestIncomeNonOperating,,,,,,,,,"237,000",,"439,000",,,,,"5,964","156,411",,,,,,,,,,,,,,,,,,,,,,,,,,,,"23,749","1,692","10,090","4,836","4,235","4,018","1,222","32","169","531",,,,,,,,,,,,,,,,,,,,,,,,,,,,,,,,,,,,,,,,,,,,,,,,,,,,,,,,,,,,,,,,,,,,,,,,,,,,,,,,,,,,,,,,,
	InterestExpenseNonOperating,"1,266,000","354,000","-71,000","417,000","565,000","444,000","595,000","397,000","31,000","31,000","8,000","7,000","11,000","14,000","2,810","0","564,873","646,281","686,817","624,051","600,494","552,040","2,910,829","1,120,882","1,196,109","1,033,837","959,377","1,073,677","1,054,984","1,028,494","3,790,302","1,435,687","1,444,315","1,242,533","1,346,055","1,275,819","1,264,860","1,111,837","1,827,470","205,439","185,201","160,076","163,010","487,117",,,,,,,,,,,,,,,,,,,,,,,,,,,,,,,,,,,,,,,,,,,,,,,,,,,,,,,,,,,,,,,,,,,,,,,,,,,,,,,,,,,,,,,,,,,,,,,,,,,
OtherIncomeExpense,"-18,000","199,000","-4,000","-35,000","-179,000","4,000","-41,000","-37,000","-57,000","348,000","389,000","548,000","660,000","713,000","629,047","726,989","-2,201,351","-235","-5,386","-1,603","-14,032","-9,753","3,246","-2,804","-617","-19,450","-205","12,645","17,380","-3,003","8,035","417","588","-5,889","34,588","32","1,390","-2,117","14,677","11,618","5,851","-8,174","15,148","381",,,,,,,,,,,,,,,,,,,,,,,"0",,,,,,"12,515","-158","2,593","-342","-557","-49,879","1,476","3,316","0","53","35,000","4,285,813","102,597","-11,543","-2,238","7,974","-6,075",,,"0",,,,,,,,"-500,000","-1,600,000","100,000","100,000",,,,,,,,,"0",,,,"0","100,000",,,"0",,,,"100,000",,,"100,000","0","-200,000","-100,000",,,,,,,,,,,,,
	GainOnSaleOfSecurity,"259,000","206,000","137,000","-29,000","-55,000","34,000","-17,000","-43,000",,"311,000","439,000","555,000","654,000","716,000","641,335","727,115",,,,,,,,,,,,,,,,,,,,,,,,,,,,,,,,,,,,,,,,,,,,,,,,,,,,,,,,,,,,,,,,,,,,,,,,,,,,,,,,,,,,,,,,,,,,,,,,,,,,,,,,,,,,,,,,,,,,,,,,,,,,,,,
	SpecialIncomeCharges,,,,,,,,,"0",,"0","0","0",,"114","0","-2,186,114",,,"-1,603",,,,,,,,,,,,,,,"34,588",,,,,"11,618","5,851","-8,174","15,148","381",,,,,,,,,,,,,,,,,,,,,,,,,,,,,"12,515","-158","2,593","-342","-557","-49,879","1,476","3,316",,"53","35,000","4,285,813","102,597","-11,543","-2,238","7,974","-6,075",,,"0",,,,,,,,"-500,000","-1,600,000","100,000","100,000",,,,,,,,,"0",,,,"0","100,000",,,"0",,,,"100,000",,,"100,000",,"-200,000","-100,000",,,,,,,,,,,,,
		OtherSpecialCharges,,,,,,,,,,,,,,,"-114",,"2,186,114",,,,,,,,,,,,,,,,,,,,,,,,,,,,,,,,,,,,,,,,,,,,,,,,,,,,,,,,,,,,,,,,,,,,,,,,,,,,,,,,,,,,,,,,,,,,,,,,,,,,,,,,,,,,,,,,,,,,,,,,,,,,,,
	OtherNonOperatingIncomeExpenses,"-277,000","-7,000","-141,000","-6,000","-124,000","-30,000","-24,000","6,000","-57,000","37,000","-50,000","-7,000","6,000","-3,000","-12,402","-126","-15,237","-235","-5,386","-1,603","-14,032","-9,753","3,246","-2,804","-617","-19,450","-205","12,645","17,380","-3,003","8,035","417","588","-5,889","34,588","32","1,390","-2,117",,,,,,,,,,,,,,,,,,,,,,,,,,,,,,,,,,,,,,,,,,,,,,,,,,,,,,,,,,,,,,,,,,,,,,,,,,,,,,,,,,,,,,,,,,,,,,,,,,,,,,,,,
PretaxIncome,"-31,800,000","-11,475,000","-5,286,000","-7,141,000","-7,898,000","-6,660,000","-6,010,000","-1,479,000","-8,105,000","-8,192,000","-7,038,000","-5,571,000","-7,023,000","-9,504,000","-5,229,514","-4,101,628","-7,427,440","-5,638,557","-2,499,179","-2,124,079","-2,060,179","-3,762,025","-5,626,984","-2,305,373","-2,802,696","-3,676,091","-3,611,493","-2,978,858","-3,190,873","-3,575,201","-6,491,266","-3,238,174","-3,741,471","-4,239,564","-4,108,795","-3,552,781","-3,457,799","-3,437,508","-4,043,863","-2,236,809","-1,766,153","-2,109,325",,"-3,113,170","536,938","1,488,712","-511,361","-608,669","-334,388","-370,928",,,,,,,,,,,,,,,,,"137,575","-19,133",,,,,,,"-141,930","-343,797","-433,548","-359,486","-683,209","-370,461","-768,000","-806,981",,"3,225,171","-543,781",,,,,,,,,,,,,,,,,,,,,,,,"300,000",,,"0",,"300,000","600,000","200,000","300,000",,"300,000","300,000","300,000","400,000","400,000","300,000","300,000","300,000","300,000",,,,,,,,,,,,,,,,
TaxProvision,,,,,,,,,,,,,,,,,,,,,,,,,,,,,,,,,,,"0","0","0",,"-1,758","0","-736,434","0",,"0","286,500","583,500","-136,289","-143,758","-104,000","-125,000",,,,,,,,,,,,,,,,,,,,,,,,,,,,,,,,,,,,,,,,,,,,,,,,,,,,,,,,,,,"100,000",,,"0",,"100,000","200,000","0","100,000",,"100,000","100,000","100,000","100,000","100,000","100,000","100,000","100,000","100,000","-100,000",,,,,,,,,,,,,,,
NetIncomeCommonStockholders,"-31,800,000","-11,475,000","-5,286,000","-7,141,000","-7,898,000","-6,660,000","-6,010,000","-1,479,000","-8,105,000","-8,192,000","-7,038,000","-5,571,000","-7,023,000","-9,504,000","-5,229,514","-4,101,628","-7,427,440","-5,638,557","-2,499,179","-2,124,079","-2,060,179","-3,762,025","-5,626,984","-2,305,373","-2,802,696","-3,676,091","-3,611,493","-2,978,858","-3,190,873","-3,575,201","-6,491,266","-3,238,174","-3,741,471","-4,239,564","-4,108,795","-3,552,781","-3,457,799","-3,437,508","-4,042,105","-2,236,809","-1,029,719","-2,109,325","-2,136,986","-3,443,002","250,438","905,212","-375,072","-464,911","-230,388","-245,928","15,172,776","-130,974","138,991","-134,461","-120,792","-582,839","-177,376","-159,702","-19,568","-456,995","-158,091","-114,326","-147,622","-61,925","-106,062","-51,573","139,575","379","-82,319","-588,247","1,041,692","1,171,421","8,839","74,727","-144,930","-343,797","-433,548","-359,486","-657,736","-370,461","-768,000","-806,981","-1,190,000","3,177,171","-543,781","-691,996","-597,901","-817,499","-643,328","-800,000","-600,000","-500,000","-300,000","-700,000","-200,000","-300,000","-300,000",,"200,000","-600,000","-1,500,000","-300,000",,"0","100,000","-700,000","-100,000","-100,000","200,000",,"100,000","0",,"200,000","400,000","200,000","200,000","100,000","200,000","200,000","200,000","300,000","300,000","200,000","200,000","200,000","200,000",,"-200,000",,"200,000",,,,,,,,,,,,
	NetIncome,"-31,800,000","-11,475,000","-5,286,000","-7,141,000","-7,898,000","-6,660,000","-6,010,000","-1,479,000","-8,105,000","-8,192,000","-7,038,000","-5,571,000","-7,023,000","-9,504,000","-5,229,514","-4,101,628","-7,427,440","-5,638,557","-2,499,179","-2,124,079","-2,060,179","-3,762,025","-5,626,984","-2,305,373","-2,802,696","-3,676,091","-3,611,493","-2,978,858","-3,190,873","-3,575,201","-6,491,266","-3,238,174","-3,741,471","-4,239,564","-4,108,795","-3,552,781","-3,457,799","-3,437,508","-4,042,105","-2,236,809","-1,029,719","-2,109,325","-2,136,986","-3,113,170","250,438","905,212","-375,072","-464,911","-230,388","-245,928","15,172,776","-130,974","138,991","-134,461","-120,792","-582,839","-177,376","-159,702","-19,568","-456,995","-158,091","-114,326","-147,622","-61,925","-106,062","-51,573","139,575","379","-82,319","-588,247","1,041,692","1,171,421","8,839","74,727","-144,930","-343,797","-433,548","-359,486","-657,736","-370,461","-768,000","-806,981","-1,190,000","3,177,171","-543,781","-691,996","-597,901","-817,499","-643,328","-800,000","-600,000","-500,000","-300,000","-700,000","-200,000","-300,000","-300,000",,"200,000","-600,000","-1,500,000","-300,000",,"0","100,000","-700,000","-100,000","-100,000","200,000",,"100,000","0",,"200,000","400,000","200,000","200,000","100,000","200,000","200,000","200,000","300,000","300,000","200,000","200,000","200,000","200,000",,"-200,000",,"200,000",,,,,,,,,,,,
		NetIncomeIncludingNoncontrollingInterests,"-31,800,000","-11,475,000","-5,286,000","-7,141,000","-7,898,000","-6,660,000","-6,010,000","-1,479,000","-8,105,000","-8,192,000","-7,038,000","-5,571,000","-7,023,000","-9,504,000","-5,229,514","-4,101,628","-7,427,440","-5,638,557","-2,499,179","-2,124,079","-2,060,179","-3,762,025","-5,626,984","-2,305,373","-2,802,696","-3,676,091","-3,611,493","-2,978,858","-3,190,873","-3,575,201","-6,491,266","-3,238,174","-3,741,471","-4,239,564","-4,108,795","-3,552,781","-3,457,799","-3,437,508","-4,042,105","-2,236,809","-1,029,719","-2,109,325","-2,136,986","-3,113,170","250,438","905,212","-375,072","-464,911","-230,388","-245,928","15,172,776","-130,974","138,991","-134,461","-120,792","-582,839","-177,376","-159,702","-19,568","-456,995","-158,091","-114,326","-147,622","-61,925","-106,062","-51,573","139,575","379","-82,319","-588,247","1,041,692","1,171,421","8,839","74,727","-144,930","-343,797","-433,548","-359,486","-657,736","-370,461","-768,000","-806,981","-1,190,000","3,177,171","-543,781","-691,996","-597,901","-817,499","-643,328","-800,000","-600,000","-500,000","-300,000","-700,000","-200,000","-300,000","-300,000",,"200,000","-600,000","-1,500,000","-300,000",,"0","100,000","-700,000","-100,000","-100,000","200,000",,"100,000","0",,"200,000","400,000","200,000","200,000","100,000","200,000","200,000","200,000","300,000","300,000","200,000","200,000","200,000","200,000",,"-200,000",,"200,000","100,000","100,000","200,000","200,000","300,000","200,000","200,000","200,000","200,000","100,000","100,000","100,000"
			NetIncomeContinuousOperations,"-31,800,000","-11,475,000","-5,286,000","-7,141,000","-7,898,000","-6,660,000","-6,010,000","-1,479,000","-8,105,000","-8,192,000","-7,038,000","-5,571,000","-7,023,000","-9,504,000","-5,229,514","-4,101,628","-7,427,440","-5,638,557","-2,499,179","-2,124,079","-2,060,179","-3,762,025","-5,626,984","-2,305,373","-2,802,696","-3,676,091","-3,611,493","-2,978,858","-3,190,873","-3,575,201","-6,491,266","-3,238,174","-3,741,471","-4,239,564","-4,108,795","-3,552,781","-3,457,799","-3,437,508","-4,042,105","-2,236,809","-1,029,719","-2,109,325","-2,136,986","-3,113,170","250,438","905,212","-375,072","-464,911","-230,388","-245,928","15,042,776","-130,974","138,991","-134,461","-120,792","-582,839","-177,376","-159,702","-19,568","-456,995","-158,091","-114,326","-115,972","-61,925","-106,062","-51,573","137,575","-19,133","-66,653","-378,311","182,157","-141,137","8,839","74,727","-144,930","-343,797","-433,548","-359,486","-657,736","-370,461","-768,000","-806,981","-1,190,000","3,177,171","-543,781","-691,996","-597,901","-817,499","-643,328","-800,000","-600,000","-500,000","-300,000","-700,000","-200,000","-300,000","-300,000",,"200,000","-600,000","-1,500,000","-300,000",,"0","100,000","-700,000","-100,000","-100,000","200,000",,"100,000","0",,"200,000","400,000","200,000","200,000","100,000","200,000","200,000","200,000","300,000","300,000","200,000","200,000","200,000","200,000",,"-200,000",,"200,000","100,000","100,000","200,000","200,000","300,000","200,000","200,000","200,000","200,000","100,000","100,000","100,000"
			NetIncomeDiscontinuousOperations,,,,,,,,,,,,,,,,,,,,,,,,,,,,,,,,,,,,,,,,,,,,,,,,,,,,,,,,,,,,,,,,,,,"2,000","19,512","-15,666","-209,936","859,535","1,312,558",,,,,,,,,,,,,,,,,,,,,,,,,,,,,,,,,,,,,,,,,,,,,,,,,,,,,,,,,,,,,,,,,,,,,,,
	PreferredStockDividends,,,,,,,,,,,,,,,,,,,,,,,,,,,,,,,,,,,,,,,,,,,"0","329,832",,,,,,,,,,,,,,,,,,,,,,,,,,,,,,,,,,,,,,,,,,,,,,,,,,,,,,,,,,,,,,,,,,,,,,,,,,,,,,,,,,,,,,,,,,,,,,,,,,,
DilutedNIAvailtoComStockholders,"-31,800,000","-11,475,000","-5,286,000","-7,141,000","-7,898,000","-6,660,000","-6,010,000","-1,479,000","-8,105,000","-8,192,000","-7,038,000","-5,571,000","-7,023,000","-9,504,000","-5,229,514","-4,101,628","-7,427,440","-5,638,557","-2,499,179","-2,124,079","-2,060,179","-3,762,025","-5,626,984","-2,305,373","-2,802,696","-3,676,091","-3,611,493","-2,978,858","-3,190,873","-3,575,201","-6,491,266","-3,238,174","-3,741,471","-4,239,564","-4,108,795","-3,552,781","-3,457,799","-3,437,508","-4,042,105","-2,236,809","-1,029,719","-2,109,325","-2,136,986","-3,443,002","250,438","905,212","-375,072","-464,911","-230,388","-245,928","15,172,776","-130,974","138,991","-134,461","-120,792","-582,839","-177,376","-159,702","-19,568","-456,995","-158,091","-114,326","-147,622","-61,925","-106,062","-51,573","139,575","379","-82,319","-588,247","1,041,692","1,171,421","8,839","74,727","-144,930","-343,797","-433,548","-359,486","-657,736","-370,461","-768,000","-806,981","-1,190,000","3,177,171","-543,781","-691,996","-597,901","-817,499","-643,328","-800,000","-600,000","-500,000","-300,000","-700,000","-200,000","-300,000","-300,000",,"200,000","-600,000","-1,500,000","-300,000",,"0","100,000","-700,000","-100,000","-100,000","200,000",,"100,000","0",,"200,000","400,000","200,000","200,000","100,000","200,000","200,000","200,000","300,000","300,000","200,000","200,000","200,000","200,000",,"-200,000",,"200,000",,,,,,,,,,,,
BasicEPS,,"-0.27",,"-0.17","-0.19","-0.16",,"-0.04","-0.2","-0.21","-0.18","-0.14","-0.18","-0.24","-0.13","-0.11","-0.2","-0.16","-0.07","-0.06","-0.06","-0.11","-0.17","-0.08","-0.09","-0.12","-0.12","-0.11","-0.13","-0.16",,"-0.19","-0.21","-0.24",,"-0.25","-0.31","-0.31",,"-0.2","-0.09","-0.19",,"-2.6","0.06","0.21",,"-0.11","-0.05","-0.06",,"-0.03","0.03","-0.03",,"-0.14","-0.04","-0.04",,"-0.11","-0.04","-0.03",,"-0.01","-0.03","-0.01",,"0","-0.02","-0.14",,"0.29","0","0.02",,"-0.09","-0.11","-0.09",,"-0.09","-0.19","-0.2","-0.3",,"-0.14","-0.18","-0.15",,"-0.17","-0.2","-0.16",,"-0.09","-0.17","-0.04",,"-0.07",,"0.04",,"-0.38","-0.07","0.01",,"0.04","-0.17","-0.03",,"0.05","0.01","0.02",,"0.01","0.07","0.1",,"0.06","0.02","0.07",,"0.08","0.08","0.08",,"0.08","0.08","0.07",,"-0.05","0.02","0.07",,"0.04","0.07","0.06",,"0.06","0.06","0.06",,"0.05","0.05","0.05"
DilutedEPS,,"-0.27",,"-0.17","-0.19","-0.16",,"-0.04","-0.2","-0.21","-0.18","-0.14","-0.18","-0.24","-0.13","-0.11","-0.2","-0.16","-0.07","-0.06","-0.06","-0.11","-0.17","-0.08","-0.09","-0.12","-0.12","-0.11","-0.13","-0.16",,"-0.19","-0.21","-0.24",,"-0.25","-0.31","-0.31",,"-0.2","-0.09","-0.19",,"-2.6","0.06","0.21",,"-0.11","-0.05","-0.06",,"-0.03","0.03","-0.03",,"-0.14","-0.04","-0.04",,"-0.11","-0.04","-0.03",,"-0.01","-0.03","-0.01",,"0","-0.02","-0.14",,"0.28","0","0.02",,"-0.09","-0.11","-0.09",,"-0.09","-0.19","-0.2","-0.3",,"-0.14","-0.18","-0.15",,"-0.17","-0.2","-0.16",,"-0.09","-0.17","-0.04",,"-0.07",,"0.04",,"-0.38","-0.07","0.01",,"0.04","-0.17","-0.03",,"0.05","0.01","0.02",,"0.01","0.07","0.1",,"0.06","0.02","0.07",,"0.08","0.08","0.08",,"0.08","0.08","0.07",,"-0.05","0.02","0.07",,"0.04","0.07","0.06",,"0.06","0.06","0.06",,"0.05","0.05","0.05"
BasicAverageShares,,"41,804,330",,"41,467,596","41,080,898","40,705,840",,"40,093,588","39,823,000","39,697,790","39,485,000","39,340,492","39,174,712","38,933,984","38,745,000","38,504,810","36,677,074","34,521,122","33,845,684","33,286,211","33,124,139","33,026,433","32,567,893","30,152,279","30,079,960","29,994,066","29,926,001","26,841,060","24,928,435","22,517,361",,"17,466,097","17,461,332","17,383,786",,"14,320,113","11,137,729","11,124,633",,"11,104,353","11,084,620","11,062,339",,"1,324,967","4,305,026","4,305,026",,"4,305,026","4,305,026","4,301,693",,"4,290,026","4,290,026","4,290,026",,"4,290,026","4,290,026","4,227,401",,"4,175,371","4,157,295","4,153,831",,"4,148,998","4,148,998","4,148,998",,"4,148,998","4,148,723","4,089,399",,"4,021,899","4,016,089","3,979,327",,"3,966,395","3,966,395","3,966,395",,"3,957,982","3,954,877","3,950,343","3,922,384",,"3,915,676","3,908,364","3,904,465",,"3,890,494","3,881,352","3,750,000",,"3,333,333","4,117,647","5,000,000",,"4,285,714","3,843,000","3,843,000",,"3,947,368","4,285,714","3,836,000",,"4,000,000","4,117,647","3,333,333",,"4,000,000","3,768,000","3,764,000",,"3,750,000","2,857,143","4,000,000",,"3,333,333","2,857,143","2,857,143",,"4,166,667","3,750,000","3,750,000",,"2,500,000","2,500,000","2,857,143",,"4,000,000","2,857,143","2,857,143",,"3,749,000","3,749,000","3,749,000",,"3,749,000","3,749,000","3,749,000",,"3,749,000","3,749,000","3,744,502"
DilutedAverageShares,,"41,804,330",,"41,467,596","41,080,898","40,705,840",,"40,093,588","39,823,000","39,697,790","39,485,000","39,340,492","39,174,712","38,933,984","38,745,000","38,504,810","36,677,074","34,521,122","33,845,684","33,286,211","33,124,139","33,026,433","32,567,893","30,152,279","30,079,960","29,994,066","29,926,001","26,841,060","24,928,435","22,517,361",,"17,466,097","17,461,332","17,383,786",,"14,320,113","11,137,729","11,124,633",,"11,104,353","11,084,620","11,062,339",,"1,324,967","4,308,493","4,310,661",,"4,305,026","4,305,026","4,301,693",,"4,290,026","4,305,827","4,290,026",,"4,290,026","4,290,026","4,227,401",,"4,175,371","4,157,295","4,153,831",,"4,148,998","4,148,998","4,148,998",,"4,148,998","4,148,723","4,089,399",,"4,174,772","4,047,985","4,140,735",,"3,966,395","3,966,395","3,966,395",,"3,957,982","3,954,877","3,950,343","3,922,384",,"3,915,676","3,908,364","3,904,465",,"3,890,494","3,881,352","3,750,000",,"3,333,333","4,117,647","5,000,000",,"4,285,714","3,843,000","3,843,000",,"3,947,368","4,285,714","3,836,000",,"4,000,000","4,117,647","3,333,333",,"4,000,000","3,768,000","3,764,000",,"3,750,000","2,857,143","4,000,000",,"3,333,333","2,857,143","2,857,143",,"4,166,667","3,750,000","3,750,000",,"2,500,000","2,500,000","2,857,143",,"4,000,000","2,857,143","2,857,143",,"3,749,000","3,749,000","3,749,000",,"3,749,000","3,749,000","3,749,000",,"3,749,000","3,749,000","3,744,502"
TotalOperatingIncomeAsReported,"-30,516,000","-11,320,000","-5,353,000","-6,689,000","-7,154,000","-6,220,000","-5,374,000","-1,045,000","-8,254,000","-8,509,000","-7,419,000","-6,112,000","-7,672,000","-10,203,000","-5,855,751","-4,834,581","-4,817,627","-4,992,041","-1,806,976","-1,498,425","-1,445,653","-3,200,232","-2,719,401","-1,181,687","-1,605,970","-2,622,804","-2,651,911","-1,917,826","-2,153,269","-2,543,704","-2,708,999","-1,802,904","-2,297,744","-2,991,142","-2,797,328","-2,276,994","-2,194,329","-2,323,554","-2,231,070","-2,042,988","-1,586,803","-1,941,075","-1,989,124","-2,626,434","513,189","1,487,020","-521,451","-613,505","-338,623","-374,946","16,082,957","-131,006","138,822","-134,992","-122,718","-585,847","-181,342","-166,883","-29,878","-469,283","-171,558","-129,202","-177,818","-61,925","-106,062","-51,573","137,575","-19,133","-66,653","-378,311","180,709","-141,137","1,505","79,676","-190,441","-336,772","-427,270","-290,675","-657,697","-335,922","-730,000","-768,268","-1,194,000","-1,510,979","-601,446","-640,325","-562,872","-829,002","-637,253","-800,000","-700,000","-500,000","-300,000","-700,000","-200,000","-200,000","-300,000","-100,000","200,000","200,000",,"-200,000",,"0","200,000","-700,000",,,"300,000",,,"0","100,000","200,000","500,000","200,000","200,000",,"300,000","300,000","300,000","300,000","300,000","300,000","200,000","200,000","300,000","-2,200,000","1,400,000","1,200,000","200,000",,,,,,,,,,,,
TotalExpenses,"157,844,000","42,327,000","36,890,000","37,893,000","40,734,000","37,257,000","37,869,000","34,473,000","30,370,000","32,770,000","35,581,000","34,676,000","34,373,000","33,488,000","29,288,255","27,494,720","25,402,125","22,251,900","18,777,981","17,544,678","16,613,717","15,441,305","14,128,073","12,386,911","11,987,853","10,734,563","10,460,759","10,071,501","8,570,522","7,495,020","7,502,613","6,474,244","6,511,937","6,129,398","5,782,006","5,234,456","5,056,618","4,466,486","4,275,982","4,023,837","3,599,316","3,594,505","3,350,770","3,767,202","1,730,922","2,137,987","563,568","639,878","341,877","394,475","8,151,786","155,221","471,489","177,099","155,304","599,869","186,417","187,912","130,309","469,283","171,558","129,202","177,818","96,308","106,062","143,850","116,582","87,850","105,835","459,607","884,291","141,137","1,518,641","2,399,624","2,179,263","2,314,779","2,051,686","1,936,365","2,398,337","2,349,871","2,313,000","2,282,763","3,919,000","5,211,900","4,608,082","4,696,809","4,751,766","5,182,066","4,572,078","4,100,000","3,700,000","3,600,000","3,500,000","3,800,000","3,100,000","2,900,000","3,600,000","3,400,000","3,400,000","3,100,000","3,000,000","3,200,000","3,000,000","2,600,000","3,600,000","4,000,000","3,500,000","3,700,000","3,900,000","3,700,000","2,900,000","2,800,000","2,200,000","2,300,000","2,600,000","2,700,000","2,100,000","1,900,000","1,800,000","1,800,000","1,700,000","1,600,000","1,800,000","1,900,000","1,900,000","1,800,000","1,400,000","-10,900,000","9,000,000","6,300,000","1,700,000",,,,,,,,,,,,
NetIncomeFromContinuingAndDiscontinuedOperation,"-31,800,000","-11,475,000","-5,286,000","-7,141,000","-7,898,000","-6,660,000","-6,010,000","-1,479,000","-8,105,000","-8,192,000","-7,038,000","-5,571,000","-7,023,000","-9,504,000","-5,229,514","-4,101,628","-7,427,440","-5,638,557","-2,499,179","-2,124,079","-2,060,179","-3,762,025","-5,626,984","-2,305,373","-2,802,696","-3,676,091","-3,611,493","-2,978,858","-3,190,873","-3,575,201","-6,491,266","-3,238,174","-3,741,471","-4,239,564","-4,108,795","-3,552,781","-3,457,799","-3,437,508","-4,042,105","-2,236,809","-1,029,719","-2,109,325","-2,136,986","-3,113,170","250,438","905,212","-375,072","-464,911","-230,388","-245,928","15,172,776","-130,974","138,991","-134,461","-120,792","-582,839","-177,376","-159,702","-19,568","-456,995","-158,091","-114,326","-147,622","-61,925","-106,062","-51,573","139,575","379","-82,319","-588,247","1,041,692","1,171,421","8,839","74,727","-144,930","-343,797","-433,548","-359,486","-657,736","-370,461","-768,000","-806,981","-1,190,000","3,177,171","-543,781","-691,996","-597,901","-817,499","-643,328","-800,000","-600,000","-500,000","-300,000","-700,000","-200,000","-300,000","-300,000",,"200,000","-600,000","-1,500,000","-300,000",,"0","100,000","-700,000","-100,000","-100,000","200,000",,"100,000","0",,"200,000","400,000","200,000","200,000","100,000","200,000","200,000","200,000","300,000","300,000","200,000","200,000","200,000","200,000",,"-200,000",,"200,000",,,,,,,,,,,,
NormalizedIncome,"-32,059,000","-11,681,000","-5,423,000","-7,112,000","-7,843,000","-6,694,000","-5,993,000","-1,436,000","-8,105,000","-8,503,000","-7,477,000","-6,126,000","-7,677,000","-10,220,000","-5,870,963","-4,828,743","-5,241,326","-5,638,557","-2,499,179","-2,124,079","-2,060,179","-3,762,025","-5,626,984","-2,305,373","-2,802,696","-3,676,091","-3,611,493","-2,978,858","-3,190,873","-3,575,201","-6,491,266","-3,238,174","-3,741,471","-4,239,564","-4,108,795","-3,552,781","-3,457,799","-3,437,508","-4,042,105","-2,248,427","-1,033,522.15","-2,101,151","-2,146,832.2","-3,113,551","250,438","905,212","-375,072","-464,911","-230,388","-245,928","15,042,776","-130,974","138,991","-134,461","-120,792","-582,839","-177,376","-159,702","-19,568","-456,995","-158,091","-114,326","-115,972","-61,925","-106,062","-51,573","137,575","-19,133","-66,653","-378,311","182,157","-141,137","1,330","74,821.8","-147,523","-343,455","-432,991","-309,607","-659,212","-373,777","-768,000","-807,034","-1,211,000","605,683.2","-646,378","-685,070.2","-596,558.2","-822,283.4","-639,683","-800,000","-600,000","-500,000","-300,000","-700,000","-200,000","-300,000","-300,000",,"200,000","-300,000","-540,000","-360,000",,"0","100,000","-700,000","-100,000","-100,000","200,000",,"100,000","0",,"200,000","400,000","200,000","133,333.333","100,000","200,000","200,000","200,000","300,000","300,000","133,333.333","200,000","200,000","133,333.333",,"-80,000",,"200,000",,,,,,,,,,,,
InterestIncome,,,,,,,,,"237,000",,"439,000",,,,,"5,964","156,411",,,,,,,,,,,,,,,,,,,,,,,,,,,,"23,749","1,692","10,090","4,836","4,235","4,018","1,222","32","169","531",,"3,008",,,,,"13,467",,,,,,,,,,,,,,,,,,,,,,,,,,,,,,,,,,,,,,,,,,,,,,,,,,,,,,,,,,,,,,,,,,,,,,,,,,,,,,,,,,
InterestExpense,"1,266,000","354,000","-71,000","417,000","565,000","444,000","595,000","397,000","31,000","31,000","8,000","7,000","11,000","14,000","2,810","0","564,873","646,281","686,817","624,051","600,494","552,040","2,910,829","1,120,882","1,196,109","1,033,837","959,377","1,073,677","1,054,984","1,028,494","3,790,302","1,435,687","1,444,315","1,242,533","1,346,055","1,275,819","1,264,860","1,111,837","1,827,470","205,439","185,201","160,076","163,010","487,117",,,,,,,,,,,,,,,,,,,,,,,,,,,,,,"4,791","6,457","6,683",,,,,"38,000",,,,,"40,128",,,,,,,,,,,,,,,,,,,,,,,,,,,,,,,,,,,,,,,,,,"-2,400,000",,,,,,,,,,,,,,,
NetInterestIncome,"-1,266,000","-354,000","71,000","-417,000","-565,000","-444,000","-595,000","-397,000","206,000","-31,000","-8,000","-7,000","-11,000","-14,000","-2,810","5,964","-408,462","-646,281","-686,817","-624,051","-600,494","-552,040","-2,910,829","-1,120,882","-1,196,109","-1,033,837","-959,377","-1,073,677","-1,054,984","-1,028,494","-3,790,302","-1,435,687","-1,444,315","-1,242,533","-1,346,055","-1,275,819","-1,264,860","-1,111,837","-1,827,470","-205,439","-185,201","-160,076","-163,010","-487,117","23,749","1,692","10,090","4,836","4,235","4,018","1,222","32","169","531",,"3,008",,,,,"13,467",,,,,,,,,,,,,"-4,791","-6,457","-6,683",,,,,"-38,000",,,,,"-40,128",,,,,,,,,,,,,,,,,,,,,,,,,,,,,,,,,,,,,,,,,,"2,400,000",,,,,,,,,,,,,,,
EBIT,"-30,534,000","-11,121,000","-5,357,000","-6,724,000","-7,333,000","-6,216,000","-5,415,000","-1,082,000","-8,074,000","-8,161,000","-7,030,000","-5,564,000","-7,012,000","-9,490,000","-5,226,704","-4,101,628","-6,862,567","-4,992,276","-1,812,362","-1,500,028","-1,459,685","-3,209,985","-2,716,155","-1,184,491","-1,606,587","-2,642,254","-2,652,116","-1,905,181","-2,135,889","-2,546,707","-2,700,964","-1,802,487","-2,297,156","-2,997,031","-2,762,740","-2,276,962","-2,192,939","-2,325,671","-2,216,393","-2,031,370","-1,580,952","-1,949,249","-2,041,266","-2,626,053","513,189","1,487,020","-521,451","-613,505","-338,623","-374,946","16,082,957","-131,006","138,822","-134,992","-122,718","-585,847","-181,342","-166,883","-29,878","-469,283","-171,558","-129,202","-177,818","-61,925","-106,062","-51,573","137,575","-19,133","-66,653","-378,311","180,709","-141,137","1,505","79,676","-190,441","-336,772","-427,270","-290,675","-657,697","-335,922","-730,000","-768,268","-1,194,000","-1,700,224","-436,304","-640,325","-562,872","-829,002","-637,253","-800,000","-700,000","-500,000","-300,000","-700,000","-200,000","-200,000","-300,000","-100,000","200,000","200,000","0","-200,000","0","0","200,000","-700,000","0","-400,000","300,000","0","0","0","100,000","200,000","500,000","200,000","200,000","0","300,000","300,000","300,000","300,000","300,000","300,000","200,000","200,000","300,000","-2,200,000","1,400,000","1,200,000","200,000","-4,100,000","1,600,000","1,700,000","1,500,000","-3,200,000","1,400,000","1,400,000","1,400,000","-3,100,000","1,200,000","1,200,000","1,200,000"
EBITDA,"-25,912,000"
ReconciledCostOfRevenue,"23,305,000","5,546,000","5,428,000","5,239,000","7,092,000","5,172,000","5,463,000","5,697,000","5,605,000","4,816,000","4,881,000","4,510,000","4,244,000","3,714,000","3,640,395","3,464,010","3,106,215","2,712,380","2,614,458","2,504,278","2,277,201","1,915,648","1,829,804","1,697,443","1,534,412","1,405,591","1,415,258","1,410,416","1,039,841","982,881","956,884","896,178","887,820","701,300","596,070","650,212","633,293","560,243","478,567","542,235","501,917","439,158","533,132","932,967","0","0","0","0","0","0","0","0","0","0",,,,,,,,,,,,,,,"105,835",,,,"1,146,872","1,733,535","1,468,982","1,638,530","1,233,409","1,154,391","1,651,649","1,419,673","1,115,000","1,026,144","1,784,000","3,011,524","2,569,995","2,534,179","2,390,533","2,545,182","2,215,761","1,900,000","1,900,000","1,800,000","1,900,000","1,900,000","1,700,000","1,700,000","2,300,000","2,200,000","2,200,000","1,900,000","1,700,000","1,700,000","1,600,000","1,400,000","2,000,000","1,800,000","1,800,000","1,700,000","2,300,000","2,200,000","1,400,000","1,600,000","1,300,000","1,500,000","1,700,000","1,900,000","1,300,000","1,100,000","1,000,000","1,300,000","1,000,000","1,000,000","1,200,000","1,400,000","1,300,000","1,100,000","900,000","-6,700,000","5,400,000","4,100,000","1,000,000",,,,,,,,,,,,
ReconciledDepreciation,"4,622,000","1,200,000","1,116,000","1,164,000","1,142,000","1,319,000","1,074,000","894,000","679,000","813,000","805,000","686,000","712,000","674,000","217,766","218,565","215,131","199,538","159,306","147,716","128,034","131,548","125,305","111,560","104,751","94,872","72,921","65,727","56,650","53,670","54,036","54,872","45,087","44,899","33,287","32,827","34,391","37,827","-76,064","225,353","80,430","85,110","89,491","241,792","4,118","5,274","3,110","5,760","5,681","5,216","5,161","5,054","6,452","6,342","6,533","5,833","5,807","4,951","5,063","5,622","5,735","5,853","6,115","6,224","6,382","6,739","6,936","4,180","4,504","4,422","6,544","23,649","91,248","90,843","127,763","124,025","133,194","138,285","161,051","144,085","162,706","157,294","149,000","28,272","165,142","163,532","164,330","200,621","207,403","300,000","200,000","300,000","100,000","300,000","200,000","200,000","200,000","200,000","200,000","200,000","300,000","200,000","300,000","300,000","300,000","200,000","300,000","300,000","200,000","200,000","200,000","200,000","200,000","100,000","100,000","200,000","100,000","100,000","100,000","0","100,000","100,000","100,000","100,000","0","100,000","100,000","-700,000","600,000","300,000","100,000",,,,,,,,,,,,
NetIncomeFromContinuingOperationNetMinorityInterest,"-31,800,000","-11,475,000","-5,286,000","-7,141,000","-7,898,000","-6,660,000","-6,010,000","-1,479,000","-8,105,000","-8,192,000","-7,038,000","-5,571,000","-7,023,000","-9,504,000","-5,229,514","-4,101,628","-7,427,440","-5,638,557","-2,499,179","-2,124,079","-2,060,179","-3,762,025","-5,626,984","-2,305,373","-2,802,696","-3,676,091","-3,611,493","-2,978,858","-3,190,873","-3,575,201","-6,491,266","-3,238,174","-3,741,471","-4,239,564","-4,108,795","-3,552,781","-3,457,799","-3,437,508","-4,042,105","-2,236,809","-1,029,719","-2,109,325","-2,136,986","-3,113,170","250,438","905,212","-375,072","-464,911","-230,388","-245,928","15,042,776","-130,974","138,991","-134,461","-120,792","-582,839","-177,376","-159,702","-19,568","-456,995","-158,091","-114,326","-115,972","-61,925","-106,062","-51,573","137,575","-19,133","-66,653","-378,311","182,157","-141,137","8,839","74,727","-144,930","-343,797","-433,548","-359,486","-657,736","-370,461","-768,000","-806,981","-1,190,000","3,177,171","-543,781","-691,996","-597,901","-817,499","-643,328","-800,000","-600,000","-500,000","-300,000","-700,000","-200,000","-300,000","-300,000",,"200,000","-600,000","-1,500,000","-300,000",,"0","100,000","-700,000","-100,000","-100,000","200,000",,"100,000","0",,"200,000","400,000","200,000","200,000","100,000","200,000","200,000","200,000","300,000","300,000","200,000","200,000","200,000","200,000",,"-200,000",,"200,000",,,,,,,,,,,,
TotalUnusualItemsExcludingGoodwill,"259,000","206,000","137,000","-29,000","-55,000","34,000","-17,000","-43,000","0","311,000","439,000","555,000","654,000","716,000","641,449","727,115","-2,186,114",,,"-1,603",,,,,,,,,,,,,,,"34,588",,,,,"11,618","5,851","-8,174","15,148","381",,,,,,,,,,,,,,,,,,,,,,,,,,,,,"12,515","-158","2,593","-342","-557","-49,879","1,476","3,316",,"53","35,000","4,285,813","102,597","-11,543","-2,238","7,974","-6,075",,,"0",,,,,,,,"-500,000","-1,600,000","100,000",,,,,,,,,,"0",,,,"0","100,000",,,"0",,,,"100,000",,,"100,000",,"-200,000",,,,,,,,,,,,,,
TotalUnusualItems,"259,000","206,000","137,000","-29,000","-55,000","34,000","-17,000","-43,000","0","311,000","439,000","555,000","654,000","716,000","641,449","727,115","-2,186,114",,,"-1,603",,,,,,,,,,,,,,,"34,588",,,,,"11,618","5,851","-8,174","15,148","381",,,,,,,,,,,,,,,,,,,,,,,,,,,,,"12,515","-158","2,593","-342","-557","-49,879","1,476","3,316",,"53","35,000","4,285,813","102,597","-11,543","-2,238","7,974","-6,075",,,"0",,,,,,,,"-500,000","-1,600,000","100,000",,,,,,,,,,"0",,,,"0","100,000",,,"0",,,,"100,000",,,"100,000",,"-200,000",,,,,,,,,,,,,,
NormalizedEBITDA,"-26,171,000","-10,127,000","-4,378,000","-5,531,000","-6,136,000","-4,931,000","-4,324,000","-145,000","-7,395,000","-7,659,000","-6,664,000","-5,433,000","-6,954,000","-9,532,000","-5,650,387","-4,610,178","-4,461,322","-4,792,738","-1,653,056","-1,352,312","-1,331,651","-3,078,437","-2,590,850","-1,072,931","-1,501,836","-2,547,382","-2,579,195","-1,839,454","-2,079,239","-2,493,037","-2,646,928","-1,747,615","-2,252,069","-2,952,132","-2,729,453","-2,244,135","-2,158,548","-2,287,844","-2,216,393","-1,817,635","-1,506,373","-1,855,965","-1,966,923","-2,384,642","517,307","1,492,294","-518,341","-607,745","-332,942","-369,730","16,088,118","-125,952","145,274","-128,650","-116,185","-580,014","-175,535","-161,932","-24,815","-463,661","-165,823","-123,349","-171,703","-55,701","-99,680","-44,834","144,511","-14,953","-62,149","-373,889","187,253","-117,488","80,238","170,677","-65,271","-212,405","-293,519","-102,511","-498,122","-195,153","-567,294","-611,027","-1,080,000","-5,957,765","-373,759","-465,250","-396,304","-636,355","-423,775","-500,000","-500,000","-200,000","-200,000","-400,000","0","0","-100,000","100,000","400,000","900,000","1,900,000","-100,000","300,000","300,000","500,000","-500,000","300,000","-100,000","500,000","200,000","200,000","200,000","300,000","300,000","600,000","400,000","200,000","100,000","400,000","300,000","400,000","400,000","400,000","300,000","200,000","300,000","300,000","-2,900,000","2,400,000","1,500,000","300,000","-4,100,000","1,600,000","1,700,000","1,500,000","-3,200,000","1,400,000","1,400,000","1,400,000","-3,100,000","1,200,000","1,200,000","1,200,000"
TaxRateForCalcs,"0","0","0","0","0","0","0","0","0","0","0","0","0","0","0","0","0","0","0","0","0","0","0","0","0","0","0","0","0","0","0","0","0","0","0","0","0","0","0","0","0.35","0","0.35","0","0.35","0.392","0.267","0.236","0.311","0.337","0.35","0.35","0.35","0.35","0.35","0.35","0.35","0.35","0.35","0.35","0.35","0.35","0.4","0.4","0.4","0.4","0.4","0","0.4","0.4","0.4","0.4","0.4","0.4","0","0","0","0","0","0","0","0","0.4","0.4","0","0.4","0.4","0.4","0.4","0.4","0.4","0.4","0.4","0.4","0.4","0.4","0.4",,"0.4","0.4","0.4","0.4",,"0.4","0.4","0.4","0.4","0.4","0.333",,"0.4","0",,"0.333","0.333","0","0.333","0.4","0.333","0.333","0.333","0.25","0.25","0.333","0.333","0.333","0.333",,"0.4",,"0.4",,,,,,,,,,,,
TaxEffectOfUnusualItems,"0","0","0","0","0","0","0","0","0","0","0","0","0","0","0","0","0","0","0","0","0","0","0","0","0","0","0","0","0","0","0","0","0","0","0","0","0","0","0","0","2,047.85","0","5,301.8","0","0","0","0","0","0","0","0","0","0","0","0","0","0","0","0","0","0","0","0","0","0","0","0","0","0","0","0","0","5,006","-63.2","0","0","0","0","0","0","0","0","14,000","1,714,325.2","0","-4,617.2","-895.2","3,189.6","-2,430","0","0","0","0","0","0","0","0",,"0","-200,000","-640,000","40,000",,"0","0","0","0","0","0",,"0","0",,"0","0","0","33,333.333","0","0","0","0","0","0","33,333.333","0","0","33,333.333",,"-80,000",,"0",,,,,,,,,,,,