name,ttm,03/31/2022,12/31/2021,09/30/2021,06/30/2021,03/31/2021,12/31/2020,09/30/2020,06/30/2020,03/31/2020,12/31/2019,09/30/2019,06/30/2019,03/31/2019,12/31/2018,09/30/2018,06/30/2018,03/31/2018,12/31/2017,09/30/2017,06/30/2017,03/31/2017,12/31/2016,09/30/2016,06/30/2016,03/31/2016,12/31/2015,09/30/2015,06/30/2015,03/31/2015,12/31/2014,09/30/2014,06/30/2014,03/31/2014,12/31/2013,09/30/2013,06/30/2013,03/31/2013,12/31/2012,09/30/2012,06/30/2012,03/31/2012,12/31/2011,09/30/2011,06/30/2011,03/31/2011,12/31/2010,09/30/2010,06/30/2010,03/31/2010,12/31/2009,09/30/2009,06/30/2009,03/31/2009,12/31/2008,09/30/2008,06/30/2008,03/31/2008,12/31/2007,09/30/2007,06/30/2007,03/31/2007,12/31/2006,09/30/2006,06/30/2006,03/31/2006,12/31/2005,09/30/2005,06/30/2005,03/31/2005,12/31/2004,09/30/2004,06/30/2004,03/31/2004,12/31/2003,09/30/2003,06/30/2003,03/31/2003,12/31/2002,09/30/2002,06/30/2002,03/31/2002,12/31/2001,09/30/2001,06/30/2001,03/31/2001
TotalRevenue,"924,788,000","256,426,000","217,578,000","231,989,000","218,795,000","195,019,000","226,140,000","166,442,000","141,259,000","147,162,000","171,851,000","130,837,000","112,362,000","115,810,000","114,791,000","104,836,000","99,226,000","101,215,000","94,651,000","90,262,000","79,643,000","79,242,000","82,077,000","71,882,000","58,756,000","55,530,000","56,041,000","50,376,000","46,713,000","44,762,000","46,816,000","44,349,000","37,175,000","36,185,000","40,024,729","35,196,822","32,175,797","30,433,652","32,115,957","28,772,956","28,222,443","25,641,392","21,329,791","24,383,110","21,198,055","23,116,949","22,881,512","21,084,081","19,120,525","23,843,901","34,502,925","23,310,457","21,833,398","24,604,780","26,398,218","22,859,459","21,101,309","22,486,504","31,028,581","28,533,419","25,863,376","15,301,815","19,287,548","18,311,543","16,225,197","13,893,563","12,607,750","11,675,611","13,206,659","10,204,161","19,233,770","18,947,548","16,322,007","13,136,553","10,780,446","6,089,410","4,184,018","3,401,632","2,817,308","1,922,754","2,689,582","2,366,875","2,830,091","1,279,276","1,537,574","1,206,331"
	OperatingRevenue,"924,788,000","256,426,000","217,578,000","231,989,000","218,795,000","195,019,000","226,140,000","166,442,000","141,259,000","147,162,000","171,851,000","130,837,000","112,362,000","115,810,000","114,791,000","104,836,000","99,226,000","101,215,000","94,651,000","90,262,000","79,643,000","79,242,000","82,077,000","71,882,000","58,756,000","55,530,000","56,041,000","50,376,000","46,713,000","44,762,000","46,816,000","44,349,000","37,175,000","36,185,000","40,024,729","35,196,822","32,175,797","30,433,652","32,115,957","28,772,956","28,222,443","25,641,392","21,329,791","24,383,110","21,198,055","23,116,949","22,881,512","21,084,081","19,120,525","23,843,901","34,502,925","23,310,457","21,833,398","24,604,780","26,398,218","22,859,459","21,101,309","22,486,504","31,028,581","28,533,419","25,863,376","15,301,815","19,287,548","18,311,543","16,225,197","13,893,563","12,607,750","11,675,611","13,206,659","10,204,161","19,233,770","18,947,548","16,322,007","13,136,553","10,780,446","6,089,410","4,184,018","3,401,632","2,817,308","1,922,754","2,689,582","2,366,875","2,830,091","1,279,276","1,537,574","1,206,331"
CostOfRevenue,"351,492,000","100,687,000","82,517,000","87,422,000","80,866,000","71,666,000","84,834,000","68,202,000","53,082,000","58,554,000","79,211,000","50,668,000","46,802,000","46,893,000","49,445,000","39,203,000","36,083,000","36,754,000","31,635,000","40,497,000","34,006,000","30,572,000","32,307,000","25,317,000","21,457,000","18,628,000","19,053,000","19,308,000","15,990,000","14,894,000","19,403,000","15,636,000","13,961,000","13,977,000","14,471,101","13,100,817","12,433,434","11,982,648","12,948,025","11,969,944","11,720,070","10,400,133","14,353,518","11,279,502","8,956,362","10,908,086","11,043,253","10,668,399","9,489,815","10,353,480","12,734,307","10,044,645","8,094,670","9,975,529","9,657,125","8,963,917","7,496,286","9,723,186","13,845,873","12,526,647","10,332,117","6,412,786","7,085,784","6,679,563","5,834,574","3,529,401","4,410,959","3,827,241","4,816,099","4,528,025","6,735,593","5,768,312","5,459,784","4,532,501","3,510,125","2,591,448","1,708,571","1,592,972","1,125,931","934,396","1,183,059","1,047,569","1,025,860","633,634","658,169","554,407"
GrossProfit,"573,296,000","155,739,000","135,061,000","144,567,000","137,929,000","123,353,000","141,306,000","98,240,000","88,177,000","88,608,000","92,640,000","80,169,000","65,560,000","68,917,000","65,346,000","65,633,000","63,143,000","64,461,000","63,016,000","49,765,000","45,637,000","48,670,000","49,770,000","46,565,000","37,299,000","36,902,000","36,988,000","31,068,000","30,723,000","29,868,000","27,413,000","28,713,000","23,214,000","22,208,000","25,553,628","22,096,005","19,742,363","18,451,004","19,167,932","16,803,012","16,502,373","15,241,259","6,976,273","13,103,608","12,241,693","12,208,863","11,838,259","10,415,682","9,630,710","13,490,421","21,768,618","13,265,812","13,738,728","14,629,251","16,741,093","13,895,542","13,605,023","12,763,318","17,182,708","16,006,772","15,531,259","8,889,029","12,201,764","11,631,980","10,390,623","10,364,162","8,196,791","7,848,370","8,390,560","5,676,136","12,498,177","13,179,236","10,862,223","8,604,052","7,270,321","3,497,962","2,475,447","1,808,660","1,691,377","988,358","1,506,523","1,319,306","1,804,231","645,642","879,405","651,924"
OperatingExpense,"673,963,000","138,545,000","162,127,000","141,677,000","231,614,000","173,615,000","135,531,000","103,689,000","101,853,000","89,408,000","107,026,000","73,553,000","66,855,000","66,246,000","63,353,000","61,667,000","57,844,000","50,878,000","55,368,000","50,564,000","44,813,000","43,320,000","40,357,000","35,479,000","31,089,000","31,760,000","28,478,000","24,362,000","21,350,000","19,123,000","18,489,000","16,200,000","17,002,000","17,352,000","15,129,563","15,215,792","12,932,149","13,223,456","14,270,169","11,525,697","10,443,441","10,986,242","15,495,140","11,840,269","13,209,586","12,098,678","11,868,782","11,140,415","13,066,444","14,439,070","14,545,131","18,076,063","15,213,497","15,646,892","10,189,955","12,386,757","5,686,169","11,272,237","9,952,168","9,123,128","9,607,776","8,552,694","8,402,753","7,898,384","25,816,026","7,918,122","7,788,585","7,269,707","7,809,974","5,599,527","4,692,355","3,167,661","3,572,305","2,836,383","2,433,722","1,734,697","1,898,420","1,404,853","1,560,437","1,108,212","1,376,872","1,099,033","1,100,295","784,392","609,780","487,186"
	SellingGeneralAndAdministration,"468,715,000","90,129,000","101,629,000","99,295,000","177,662,000","126,597,000","91,444,000","74,443,000","72,293,000","63,027,000","72,542,000","48,424,000","43,362,000","42,892,000","36,048,000","39,685,000","39,343,000","35,759,000","39,613,000","36,398,000","31,824,000","30,857,000","30,743,000","28,121,000","24,379,000","24,340,000","21,220,000","17,303,000","15,075,000","14,240,000","14,115,000","12,116,000","13,236,000","13,445,000","10,455,995","12,775,980","10,940,085","11,210,900","12,287,561","9,539,996","8,404,611","8,854,022","13,414,341","9,477,548","9,065,847","9,346,213","9,337,920","9,454,353","10,011,395","10,299,154","9,789,544","11,419,527","10,821,238","11,448,923","10,935,025","9,055,060","14,910,804","9,160,589","8,742,218","8,145,117","8,344,927","7,581,908","7,698,009","7,125,408","7,603,035","8,663,780","7,318,130","6,909,018","7,458,533","5,252,164","4,492,234","3,062,422","3,359,395","2,569,288","2,348,024","1,620,926","1,675,365","1,329,407","1,494,905","1,087,261","1,390,589","1,065,958","1,301,511","776,871","596,476","444,687"
		GeneralAndAdministrativeExpense,,,,,,,,,,,,,,,,,,,"34,327,000","32,179,000","27,374,000","27,444,000","26,863,000","25,196,000","20,859,000","19,533,000","16,879,000","15,190,000","12,958,000","12,035,000","11,284,000","10,376,000","11,776,000","11,352,000",,,,,,,,,,,,,,,,,,"0",,,,,,,,,,,,,,,,,,,,,,,,,,,,,,,,,,
			SalariesAndWages,,,,,,,,,,,,,,,,,,,"18,008,000","17,447,000","15,938,000","16,104,000","14,611,000","12,304,000","10,786,000","11,064,000","8,953,000","7,531,000","6,551,000","6,296,000","6,324,000","5,525,000","4,995,000","4,893,000",,,,,,,,,,,,,,,,,,,,,,,,,,,,,,,,,,,,,,,,,,,,,,,,,,,,
			InsuranceAndClaims,,,,,,,,,,,,,,,,,,,,,,,,,,"403,000","402,000","358,000","370,000","312,000","353,000","351,000","211,000","243,000",,,,,,,,,,,,,,,,,,,,,,,,,,,,,,,,,,,,,,,,,,,,,,,,,,,,
			OtherGandA,,,,,,,,,,,,,,,,,,,"16,319,000","14,732,000","11,436,000","11,340,000","12,252,000","12,892,000","10,073,000","8,066,000","7,524,000","7,301,000","6,037,000","5,427,000","4,607,000","4,500,000","6,570,000","6,216,000",,,,,,,,,,,,,,,,,,,,,,,,,,,,,,,,,,,,,,,,,,,,,,,,,,,,
		SellingAndMarketingExpense,,,,,,,,,,,,,,,,,,,"5,286,000","4,219,000","4,450,000","3,413,000","3,880,000","2,925,000","3,520,000","4,807,000","4,341,000","2,113,000","2,117,000","2,205,000","2,831,000","1,740,000","1,460,000","2,093,000",,,,,,,,,,,,,,,,,,,,,,,,,,,,,,,,,,,,,,,,,,,,,,,,,,,,
	ResearchAndDevelopment,"195,424,000","48,416,000","50,674,000","42,382,000","53,952,000","47,018,000","38,008,000","29,246,000","29,560,000","26,381,000","28,745,000","25,129,000","23,493,000","23,354,000","21,254,000","21,982,000","18,501,000","15,119,000","15,755,000","14,166,000","12,989,000","12,463,000","9,614,000","7,358,000","6,710,000","6,927,000","6,622,000","6,528,000","5,906,000","4,558,000","4,065,000","3,759,000","3,455,000","3,606,000","3,443,568","2,439,812","1,992,064","2,012,556","1,982,608","1,985,701","2,038,830","2,132,220","2,080,799","2,362,721","2,793,235","2,752,465","2,530,862","1,686,062","3,055,049","4,139,916","4,755,587","6,656,536","4,392,259","4,197,969","4,454,930","3,331,697","3,019,886","2,111,648","1,209,950","978,011","1,262,849","970,786","704,744","772,976","562,991","663,810","470,455","360,689","351,441","347,363","200,121","105,239","212,910","267,095","85,698","113,771","223,055","75,446","65,532","20,951","32,541","33,075","22,387","7,521","13,304",
	DepreciationAmortizationDepletionIncomeStatement,,,,,,,,,,,,,,,,,,,,,,,,,,"493,000","636,000","531,000","369,000","325,000","309,000","325,000","311,000","301,000",,,,,,,,,,,,,,,,,,,,,,,,,,,,,,,,,,,,,,,,,,,,,,,,,,,,"42,499"
		DepreciationAndAmortizationInIncomeStatement,,,,,,,,,,,,,,,,,,,,,,,,,,"493,000","636,000","531,000","369,000","325,000","309,000","325,000","311,000","301,000",,,,,,,,,,,,,,,,,,,,,,,,,,,,,,,,,,,,,,,,,,,,,,,,,,,,"42,499"
	OtherOperatingExpenses,,,,,,,,,,,,,,,,,,,,,,,,,,,,,"-1,000",,,,,,,,,,,,,,,,"1,350,504",,,,,,,,,,,,"-12,244,521",,,,,,"0",,"17,650,000","-1,409,468",,,,,,,,,,,,,,,"-46,258",,,,,
OperatingIncome,"-100,667,000","17,194,000","-27,066,000","2,890,000","-93,685,000","-50,262,000","5,775,000","-5,449,000","-13,676,000","-800,000","-14,386,000","6,616,000","-1,295,000","2,671,000","1,993,000","3,966,000","5,299,000","13,583,000","7,648,000","-799,000","824,000","5,350,000","9,413,000","11,086,000","6,210,000","5,142,000","8,510,000","6,706,000","9,373,000","10,745,000","8,924,000","12,513,000","6,212,000","4,856,000","10,424,065","6,880,213","6,810,214","5,227,548","4,897,763","5,277,315","6,058,932","4,255,017","-8,518,867","1,263,339","-967,893","110,185","-30,523","-724,733","-3,435,734","-948,649","7,223,487","-4,810,251","-1,474,769","-1,017,641","6,551,138","1,508,785","7,918,854","1,491,081","7,230,540","6,883,644","5,923,483","336,335","3,799,011","3,733,596","-15,425,403","2,446,040","408,206","578,663","580,586","76,609","7,805,822","10,011,575","7,289,918","5,767,669","4,836,599","1,763,265","577,027","403,807","130,940","-119,854","129,651","220,273","703,936","-138,750","269,625","164,738"
NetNonOperatingInterestIncomeExpense,"81,462,000","55,299,000","-10,148,000","-5,530,000","41,841,000","585,000","3,265,000","2,040,000","1,613,000","941,000","2,486,000","1,820,000","1,845,000","2,313,000","1,021,000","1,274,000","-295,000","1,263,000","-582,000","1,430,000","1,684,000","206,000","106,000","-455,000","-123,000","118,000","14,000","-22,000","99,000","-65,000","-106,000","-160,000","42,000","30,000","55,193","34,891","18,677","-22,761","57,297","11,418","7,133","6,994","-16,278","15,265","1,261,885","26,322","1,353","10,364","6,203","7,899","8,503","19,994","47,375","94,675",,,,,,,,,,,,,,,,,,,,,,,,,,,,,,,,
	InterestIncomeNonOperating,,,"-10,148,000",,"41,841,000",,"3,265,000","2,040,000",,,,,,,,,,,,,,,,,,,,,"99,000",,,,,,"53,000",,,,,,,,,,,,,,,,,,,,,,,,,,,,,,,,,,,,,,,,,,,,,,,,,,,
	InterestExpenseNonOperating,,,,"5,530,000",,,,,,,,,,,,,,,,,,,,,,,,,,,,,,,,,,,,,,,,,,,,,,,,,,,,,,,,,,,,,,,,,,,,,,,,,,,,,,,,,,
	TotalOtherFinanceCost,"-8,464,000","-55,299,000","10,148,000",,,"-585,000","-3,265,000","-2,040,000","-1,613,000","-941,000","-2,486,000","-1,820,000","-1,845,000","-2,313,000","-1,021,000","-1,274,000","295,000","-1,263,000","582,000","-1,430,000","-1,684,000","-206,000","-106,000","455,000","123,000","-118,000","-14,000","22,000","-99,000","65,000","106,000","160,000","-42,000","-30,000","-55,193","-34,891","-18,677","22,761","-57,297","-11,418","-7,133","-6,994","16,278","-15,265","-1,261,885","-26,322","-1,353","-10,364","-6,203","-7,899","-8,503","-19,994","-47,375","-94,675",,,,,,,,,,,,,,,,,,,,,,,,,,,,,,,,
OtherIncomeExpense,,,,,,,,,,,,,,,,,,,"0","0","0","0","0","0","0","236,000","0","0","0","0","0",,"0","0","1,100,000","0","18,677","28,960","-160,506","0","-1","2,200,000","1,297,200","-51,247","-4,048,652","0","0","0","0","0","0","0","0","0","0","0","0","0","-3,000","0","0",,"-253","0","-17,650,116","-112","-37",,"-59,360","-375","-2,171","1,000","5,788","297","-248,188","-785","-3,567","-1,937","3,148","-2,615","45,796","-72","-219,343","241,500","0","42,499"
	SpecialIncomeCharges,,,,,,,,,,,,,,,,,,,,,,,,,,,,,,,"0",,,,"-1,423,000","0","0","28,960","-160,506","0","0","2,200,000","1,297,200","-51,247","-4,048,652",,,,,,,,"0",,,,,,,,,,"-253",,"-17,650,116","-112","-37",,"-59,360","-375","-2,171","1,000","5,788","297","-248,188","-785","-3,567","-1,937",,"-2,615","45,796","-72",,,,
		ImpairmentOfCapitalAssets,,,,,,,,,,,,,,,,,,,,,,,,,,,,,,,,,,,,,,"-28,960","160,506","0","0",,"2,800,396","3,353","1,350,504",,,,,,,,,,,,,,,,,,,,,,,,,,,,,,,,,,,,,,,,,
		WriteOff,,,,,,,,,,,,,,,,,,,,,,,,,,,,,,,,,,,,,,,,"0","0",,,"47,894",,,,,,,,,,,,,,,,,,,,,,,,,,,,,,,,,,,,,,,,,,
		OtherSpecialCharges,,,,,,,,,,,,,,,,,,,,,,,,,,,,,,,,,,,"-1,100,000",,,,"0",,,,,"47,894","4,048,652",,,,,,,,,,,,,,,,,,,,,,,,,,,,,,,,,,,,,,,,,
	OtherNonOperatingIncomeExpenses,,,,,,,,,,,,,,,,,,,,,,,,,,,,,,,,,,,,,"18,677",,,,,,,,,,,,,,,,,,,,,,,,,,,,,,,,,,,,,,,,,,,,,,,,,
PretaxIncome,"-19,205,000","72,493,000","-37,214,000","-2,640,000","-51,844,000","-49,677,000","9,040,000","-3,409,000","-12,063,000","141,000","-11,900,000","8,436,000","550,000","4,984,000","3,014,000","5,240,000","5,004,000","14,846,000","7,066,000","631,000","2,508,000","5,556,000","9,519,000","10,631,000","6,087,000","5,260,000","8,524,000","6,684,000","9,473,000","10,680,000","8,818,000","12,353,000","6,254,000","4,886,000","9,056,258","6,915,104","6,828,891","5,233,747","4,794,554","5,288,733","6,066,065","6,462,011","-7,237,945","1,227,357","-3,754,660","136,507","-29,170","-714,369","-3,429,531","-940,750","7,231,990","-4,790,257","-1,427,394","-922,966","6,776,657","1,778,503","-3,604,301","1,992,445","7,926,705","7,403,315","6,350,516","842,704","4,396,135","4,215,207","-14,996,809","1,401,888","792,057","885,424","869,048","275,021","8,057,309","10,101,038","7,350,432","5,807,039","4,612,060","1,769,020","579,137","407,074","142,704","-119,478","137,659","219,860","482,456","120,750","195,425","62,904"
TaxProvision,"-61,975,000","17,622,000","-23,706,000","-51,164,000","-4,727,000","-1,760,000","-16,794,000","-2,536,000","18,696,000","-3,933,000","479,000","2,332,000","-188,000","-1,435,000","931,000","-471,000","-3,481,000","1,920,000","9,137,000","209,000","232,000","976,000","3,178,000","6,788,000","2,437,000","1,797,000","3,420,000","5,163,000","3,370,000","3,475,000","3,732,000","4,795,000","2,370,000","1,495,000","3,681,205","1,801,512","2,371,357","1,935,926","979,748","1,611,861","2,623,818","2,658,193","-1,336,894","91,072","-1,459,828","116,775","167,793","1,621,109","-2,070,142","-448,145","2,865,917","-1,614,241","-703,990","-455,207","2,990,844","1,128,126","-1,588,565","775,858","3,251,029","1,249,277","2,651,308","348,150","2,079,107","1,819,309","-5,390,225","595,909","670,861","555,000","360,000","107,000","3,100,000","3,975,000","2,860,000","2,256,000","1,810,238","693,229","232,078","178,056","75,207","-50,582","57,063","90,154","49,968","-48,409","78,170","25,266"
NetIncomeCommonStockholders,"42,770,000","54,871,000","-13,508,000","48,524,000","-47,117,000","-47,917,000","25,834,000","-873,000","-30,759,000","4,074,000","-12,379,000","6,104,000","738,000","6,419,000","2,083,000","5,711,000","8,485,000","12,926,000","-2,071,000","422,000","2,276,000","4,580,000","6,341,000","3,843,000","3,650,000","3,463,000","5,104,000","1,521,000","6,103,000","7,205,000","5,086,000","7,558,000","3,884,000","3,391,000","5,375,053","5,113,592","4,457,534","3,297,821","3,814,806","3,676,872","3,442,247","3,803,818","-5,901,051","1,136,285","-2,294,832","19,732","-196,963","-2,335,478","-1,359,389","-492,605","4,366,073","-3,176,016","-723,404","-467,759","3,785,813","650,377","-2,015,736","1,216,587","4,678,676","6,154,038","3,699,208","494,554","2,317,028","2,395,898","-9,606,584","805,979","108,774","330,424","509,048","168,021","4,957,309","6,126,038","4,490,432","3,551,039","2,801,822","1,075,791","347,059","229,018","67,497","-68,896","80,596","129,706","432,487","-72,340","117,255","37,638"
	NetIncome,"42,770,000","54,871,000","-13,508,000","48,524,000","-47,117,000","-47,917,000","25,834,000","-873,000","-30,759,000","4,074,000","-12,379,000","6,104,000","738,000","6,419,000","2,083,000","5,711,000","8,485,000","12,926,000","-2,071,000","422,000","2,276,000","4,580,000","6,341,000","3,843,000","3,650,000","3,463,000","5,104,000","1,521,000","6,103,000","7,205,000","5,086,000","7,558,000","3,884,000","3,391,000","5,375,053","5,113,592","4,457,534","3,297,821","3,814,806","3,676,872","3,442,247","3,803,818","-5,901,051","1,136,285","-2,294,832","19,732","-196,963","-2,335,478","-1,359,389","-492,605","4,366,073","-3,176,016","-723,404","-467,759","3,785,813","650,377","-2,015,736","1,216,587","4,678,676","6,154,038","3,699,208","494,554","2,317,028","2,395,898","-9,606,584","805,979","108,774","330,424","509,048","168,021","4,957,309","6,126,038","4,490,432","3,551,039","2,801,822","1,075,791","347,059","229,018","67,497","-68,896","80,596","129,706","432,487","-72,340","117,255","37,638"
		NetIncomeIncludingNoncontrollingInterests,"42,770,000","54,871,000","-13,508,000","48,524,000","-47,117,000","-47,917,000","25,834,000","-873,000","-30,759,000","4,074,000","-12,379,000","6,104,000","738,000","6,419,000","2,083,000","5,711,000","8,485,000","12,926,000","-2,071,000","422,000","2,276,000","4,580,000","6,341,000","3,843,000","3,650,000","3,463,000","5,104,000","1,521,000","6,103,000","7,205,000","5,086,000","7,558,000","3,884,000","3,391,000","5,375,053","5,113,592","4,457,534","3,297,821","3,814,806","3,676,872","3,442,247","3,803,818","-5,901,051","1,136,285","-2,294,832","19,732","-196,963","-2,335,478","-1,359,389","-492,605","4,366,073","-3,176,016","-723,404","-467,759","3,785,813","650,377","-2,015,736","1,216,587","4,678,676","6,154,038","3,699,208","494,554","2,317,028","2,395,898","-9,606,584","805,979","108,774","330,424","509,048","168,021","4,957,309","6,126,038","4,490,432","3,551,039","2,801,822","1,075,791","347,059","229,018","67,497","-68,896","80,596","129,706","432,487","-72,340","117,255","37,638"
			NetIncomeContinuousOperations,"42,770,000","54,871,000","-13,508,000","48,524,000","-47,117,000","-47,917,000","25,834,000","-873,000","-30,759,000","4,074,000","-12,379,000","6,104,000","738,000","6,419,000","2,083,000","5,711,000","8,485,000","12,926,000","-2,071,000","422,000","2,276,000","4,580,000","6,341,000","3,843,000","3,650,000","3,463,000","5,104,000","1,521,000","6,103,000","7,205,000","5,086,000","7,558,000","3,884,000","3,391,000","5,375,053","5,113,592","4,457,534","3,297,821","3,814,806","3,676,872","3,442,247","3,803,818","-5,901,051","1,136,285","-2,294,832","19,732","-196,963","-2,335,478","-1,359,389","-492,605","4,366,073","-3,176,016","-723,404","-467,759","3,785,813","650,377","-2,015,736","1,216,587","4,678,676","6,154,038","3,699,208","494,554","2,317,028","2,395,898","-9,606,584","805,979","108,774","330,424","509,048","168,021","4,957,309","6,126,038","4,490,432","3,551,039","2,801,822","1,075,791","347,059","229,018","67,497","-68,896","80,596","129,706","432,487","-72,340","117,255","37,638"
DilutedNIAvailtoComStockholders,"42,770,000","54,871,000","-13,508,000","48,524,000","-47,117,000","-47,917,000","25,834,000","-873,000","-30,759,000","4,074,000","-12,379,000","6,104,000","738,000","6,419,000","2,083,000","5,711,000","8,485,000","12,926,000","-2,071,000","422,000","2,276,000","4,580,000","6,341,000","3,843,000","3,650,000","3,463,000","5,104,000","1,521,000","6,103,000","7,205,000","5,086,000","7,558,000","3,884,000","3,391,000","5,375,053","5,113,592","4,457,534","3,297,821","3,814,806","3,676,872","3,442,247","3,803,818","-5,901,051","1,136,285","-2,294,832","19,732","-196,963","-2,335,478","-1,359,389","-492,605","4,366,073","-3,176,016","-723,404","-467,759","3,785,813","650,377","-2,015,736","1,216,587","4,678,676","6,154,038","3,699,208","494,554","2,317,028","2,395,898","-9,606,584","805,979","108,774","330,424","509,048","168,021","4,957,309","6,126,038","4,490,432","3,551,039","2,801,822","1,075,791","347,059","229,018","67,497","-68,896","80,596","129,706","432,487","-72,340","117,255","37,638"
BasicEPS,,"0.77","-0.19","0.73","-0.72","-0.75","0.41","-0.01","-0.51","0.07","-0.21","0.1","0.01","0.11","0.04","0.1","0.15","0.24","-0.04","0.01","0.04","0.09","0.12","0.07","0.07","0.06","0.1","0.03","0.11","0.14","0.1","0.14","0.07","0.06","0.13","0.1","0.09","0.06",,"0.07","0.06","0.07",,"0.02","-0.04","0",,"-0.04","-0.02","-0.01",,"-0.05","-0.01","-0.01",,"0.01","-0.03","0.02",,"0.1","0.06","0.01",,"0.04","-0.15","0.01",,"0.01","0.01","0",,"0.105","0.08","0.07",,"0.03","0.01","0.007",,"-0.002","0.003","0.004",,"-0.003","0.004","0.002"
DilutedEPS,,"0.76","-0.19","0.67","-0.72","-0.75","0.4","-0.01","-0.51","0.07","-0.21","0.1","0.01","0.11","0.03","0.1","0.15","0.24","-0.04","0.01","0.04","0.09","0.12","0.07","0.07","0.06","0.09","0.03","0.11","0.13","0.09","0.14","0.07","0.06","0.13","0.1","0.08","0.06",,"0.07","0.06","0.07",,"0.02","-0.04","0",,"-0.04","-0.02","-0.01",,"-0.05","-0.01","-0.01",,"0.01","-0.03","0.02",,"0.09","0.06","0.01",,"0.04","-0.15","0.01",,"0.01","0.01","0",,"0.095","0.07","0.06",,"0.021","0.008","0.007",,"-0.002","0.002","0.003",,"-0.003","0.004","0.002"
BasicAverageShares,,"70,950,000","69,310,000","66,192,000","65,166,000","64,036,000","63,639,000","63,496,000","60,346,000","59,609,000","59,374,000","59,278,000","59,187,000","58,914,000","58,502,000","58,340,000","55,527,000","53,119,000","52,913,000","52,831,000","52,736,000","52,418,000","52,299,000","52,206,000","52,480,000","53,693,000","53,665,000","53,709,000","53,644,000","53,167,000","52,754,000","52,475,000","53,383,000","53,190,000","52,334,000","51,341,785","51,109,060","52,746,178",,"52,509,068","54,520,889","55,700,395",,"58,787,274","60,605,140","62,409,267",,"62,342,775","62,333,929","62,332,170",,"61,937,769","61,907,735","61,832,808",,"61,714,889","62,642,618","63,328,336",,"62,950,482","62,374,946","62,010,198",,"62,031,850","62,035,485","61,947,048",,"61,385,863","61,319,959","61,101,125",,"57,954,454","57,558,688","52,732,944",,"36,015,504","33,940,356","33,810,492",,"33,673,164","33,596,256","33,522,540",,"32,529,048","26,542,536","18,129,048"
DilutedAverageShares,,"72,349,000","69,310,000","72,441,000","65,166,000","64,036,000","65,362,000","63,496,000","60,346,000","60,394,000","60,257,000","60,059,000","60,000,000","59,751,000","59,665,000","59,805,000","57,054,000","54,532,000","52,913,000","53,843,000","53,770,000","53,677,000","53,173,000","53,141,000","53,289,000","54,498,000","54,523,000","54,691,000","54,800,000","54,513,000","54,213,000","53,821,000","54,755,000","55,124,000","54,589,000","53,320,918","52,853,166","54,599,980",,"53,106,325","55,166,644","56,358,066",,"60,037,328","60,605,140","63,250,334",,"62,342,775","62,333,929","62,332,170",,"61,937,769","61,907,735","61,832,808",,"63,313,702","62,642,618","65,784,447",,"66,186,297","65,214,726","64,692,636",,"64,717,904","62,035,485","64,053,031",,"63,694,740","63,951,739","63,948,784",,"64,541,234","64,437,526","60,100,316",,"50,636,292","42,849,732","35,318,832",,"33,673,164","46,344,960","45,780,768",,"32,529,048","28,287,924","19,883,604"
TotalOperatingIncomeAsReported,"-100,667,000","17,194,000","-27,066,000","2,890,000","-93,685,000","-50,262,000","5,775,000","-5,449,000","-13,676,000","-800,000","-14,386,000","6,616,000","-1,295,000","2,671,000","1,993,000","3,966,000","5,299,000","13,583,000","7,648,000","-799,000","824,000","5,350,000","9,413,000","11,086,000","6,210,000","5,142,000","8,510,000","6,706,000","9,374,000","10,745,000","8,924,000","12,513,000","6,212,000","4,856,000","9,001,065","6,880,213","6,810,214","5,256,508","4,737,257","5,277,315","6,058,932","6,455,017","-7,221,667","1,212,092","-5,016,545","110,185","-30,523","-724,733","-3,435,734","-948,649","7,223,487","-4,810,251","-1,474,769","-1,017,641","6,551,138","1,508,785","-4,325,667","1,491,081","7,230,540","6,883,644","5,923,483","336,335","3,799,011","3,733,596","-15,425,403","1,036,572","408,206","578,663","580,586","76,609","7,805,822","10,011,575","7,289,918","5,767,669","4,836,599","1,763,265","577,027","403,807","130,940","-119,854","129,651","220,273","703,936","-138,750","269,625","122,239"
TotalExpenses,"1,025,455,000","239,232,000","244,644,000","229,099,000","312,480,000","245,281,000","220,365,000","171,891,000","154,935,000","147,962,000","186,237,000","124,221,000","113,657,000","113,139,000","112,798,000","100,870,000","93,927,000","87,632,000","87,003,000","91,061,000","78,819,000","73,892,000","72,664,000","60,796,000","52,546,000","50,388,000","47,531,000","43,670,000","37,340,000","34,017,000","37,892,000","31,836,000","30,963,000","31,329,000","29,600,664","28,316,609","25,365,583","25,206,104","27,218,194","23,495,641","22,163,511","21,386,375","29,848,658","23,119,771","22,165,948","23,006,764","22,912,035","21,808,814","22,556,259","24,792,550","27,279,438","28,120,708","23,308,167","25,622,421","19,847,080","21,350,674","13,182,455","20,995,423","23,798,041","21,649,775","19,939,893","14,965,480","15,488,537","14,577,947","31,650,600","11,447,523","12,199,544","11,096,948","12,626,073","10,127,552","11,427,948","8,935,973","9,032,089","7,368,884","5,943,847","4,326,145","3,606,991","2,997,825","2,686,368","2,042,608","2,559,931","2,146,602","2,126,155","1,418,026","1,267,949","1,041,593"
NetIncomeFromContinuingAndDiscontinuedOperation,"42,770,000","54,871,000","-13,508,000","48,524,000","-47,117,000","-47,917,000","25,834,000","-873,000","-30,759,000","4,074,000","-12,379,000","6,104,000","738,000","6,419,000","2,083,000","5,711,000","8,485,000","12,926,000","-2,071,000","422,000","2,276,000","4,580,000","6,341,000","3,843,000","3,650,000","3,463,000","5,104,000","1,521,000","6,103,000","7,205,000","5,086,000","7,558,000","3,884,000","3,391,000","5,375,053","5,113,592","4,457,534","3,297,821","3,814,806","3,676,872","3,442,247","3,803,818","-5,901,051","1,136,285","-2,294,832","19,732","-196,963","-2,335,478","-1,359,389","-492,605","4,366,073","-3,176,016","-723,404","-467,759","3,785,813","650,377","-2,015,736","1,216,587","4,678,676","6,154,038","3,699,208","494,554","2,317,028","2,395,898","-9,606,584","805,979","108,774","330,424","509,048","168,021","4,957,309","6,126,038","4,490,432","3,551,039","2,801,822","1,075,791","347,059","229,018","67,497","-68,896","80,596","129,706","432,487","-72,340","117,255","37,638"
NormalizedIncome,"42,770,000","54,871,000","-13,508,000","48,524,000","-47,117,000","-47,917,000","25,834,000","-873,000","-30,759,000","4,074,000","-12,379,000","6,104,000","738,000","6,419,000","2,083,000","5,711,000","8,485,000","12,926,000","-2,071,000","422,000","2,276,000","4,580,000","6,341,000","3,843,000","3,650,000","3,463,000","5,104,000","1,521,000","6,103,000","7,205,000","5,086,000","7,558,000","3,884,000","3,391,000","6,300,003","5,113,592","4,457,534","3,279,576.2","3,942,513.239","3,676,872","3,442,247","2,373,818","-6,958,649.995","1,183,729.384","179,686.643","19,732","-196,963","-2,335,478","-1,359,389","-492,605","4,366,073","-3,176,016","-723,404","-467,759","3,785,813","650,377","-2,015,736","1,216,587","4,678,676","6,154,038","3,699,208","494,554","2,317,179.8","2,395,898","1,699,642.676","806,046.2","108,796.2","330,424","544,664","168,250.102","4,958,644.721","6,125,431.524","4,486,896.069","3,550,857.383","2,952,595.971","1,076,268.381","349,199.2","230,180.2","67,497","-67,327","53,118.4","129,749.2","432,487","-72,340","117,255","37,638"
InterestIncome,,,"-10,148,000",,"41,841,000",,"3,265,000","2,040,000",,,,,,,,,,,,,,,,,,,,,"99,000",,,,,,"53,000",,,,,,,,,,,,,,,,,,,,"225,519","269,718","721,366","501,364","699,165","519,671","427,033",,"599,008","483,371","430,593","367,435","375,571",,"347,837","198,875","255,143",,"55,118","40,005","26,539","8,004",,,"11,557","13,721","13,901","18,752","22,889","47,477","16,239",
InterestExpense,,,,"5,530,000",,,,,,,,,,,,,,,,,,,,,,,,,,,,,,,,,,,,,,,,,,,,,,,,,,,,,,,,,,,"1,631","1,760","1,883","2,007","4,105",,"15","88",,,"392","932","2,890","1,464",,,"2,941","10,730","5,431","19,093","25,026","29,477","90,439","101,834"
NetInterestIncome,"81,462,000","55,299,000","-10,148,000","-5,530,000","41,841,000","585,000","3,265,000","2,040,000","1,613,000","941,000","2,486,000","1,820,000","1,845,000","2,313,000","1,021,000","1,274,000","-295,000","1,263,000","-582,000","1,430,000","1,684,000","206,000","106,000","-455,000","-123,000","118,000","14,000","-22,000","99,000","-65,000","-106,000","-160,000","42,000","30,000","55,193","34,891","18,677","-22,761","57,297","11,418","7,133","6,994","-16,278","15,265","1,261,885","26,322","1,353","10,364","6,203","7,899","8,503","19,994","47,375","94,675","225,519","269,718","721,366","501,364","699,165","519,671","427,033",,"597,377","481,611","428,710","365,428","371,466",,"347,822","198,787","253,658",,"54,726","39,073","23,649","6,540",,,"8,616","2,991","8,470","-341","-2,137","18,000","-74,200","-101,834"
EBIT,"-100,667,000","17,194,000","-27,066,000","2,890,000","-93,685,000","-50,262,000","5,775,000","-5,449,000","-13,676,000","-800,000","-14,386,000","6,616,000","-1,295,000","2,671,000","1,993,000","3,966,000","5,299,000","13,583,000","7,648,000","-799,000","824,000","5,350,000","9,413,000","11,086,000","6,210,000","5,142,000","8,510,000","6,706,000","9,373,000","10,745,000","8,924,000","12,513,000","6,212,000","4,856,000","10,424,065","6,880,213","6,810,214","5,227,548","4,897,763","5,277,315","6,058,932","4,255,017","-8,518,867","1,263,339","-967,893","110,185","-30,523","-724,733","-3,435,734","-948,649","7,223,487","-4,810,251","-1,474,769","-1,017,641","6,551,138","1,508,785","7,918,854","1,491,081","7,230,540","6,883,644","5,923,483","336,335","3,799,011","3,733,596","-15,425,403","2,446,040","408,206","578,663","580,586","76,609","7,805,822","10,011,575","7,289,918","5,767,669","4,836,599","1,763,265","577,027","403,807","130,940","-119,854","129,651","220,273","703,936","-138,750","269,625","164,738"
EBITDA,"-80,509,000"
ReconciledCostOfRevenue,"351,492,000","100,687,000","82,517,000","87,422,000","80,866,000","71,666,000","84,834,000","68,202,000","53,082,000","58,554,000","79,211,000","50,668,000","46,802,000","46,893,000","49,445,000","39,203,000","36,083,000","36,754,000","31,635,000","40,497,000","34,006,000","30,572,000","32,307,000","25,317,000","21,457,000","18,220,000","18,708,000","18,891,000","15,614,000","14,602,000","18,763,000","14,860,000","13,167,000","13,116,000","14,471,101","13,100,817","12,433,434","11,982,648","12,948,025","11,969,944","11,720,070","10,400,133","14,353,518","11,279,502","8,956,362","10,908,086","11,043,253","10,668,399","9,489,815","10,353,480","12,734,307","10,044,645","8,094,670","9,975,529","9,657,125","8,963,917","7,496,286","9,723,186","13,845,873","12,526,647","10,332,117","6,412,786","7,085,784","6,679,563","5,834,574","3,529,401","4,410,959","3,827,241","4,816,099","4,528,025","6,735,593","5,768,312","5,459,784","4,532,501","3,510,125","2,591,448","1,708,571","1,592,972","1,125,931","934,396","1,183,059","1,047,569","1,025,860","633,634","658,169","554,407"
ReconciledDepreciation,"20,158,000","5,755,000","5,274,000","4,838,000","4,291,000","4,291,000","3,531,000","3,133,000","2,930,000","2,881,000","3,165,000","2,709,000","2,687,000","2,800,000","2,389,000","3,065,000","2,750,000","2,411,000","2,364,000","2,277,000","1,796,000","1,604,000","914,000","901,000","942,000","901,000","981,000","948,000","745,000","617,000","949,000","1,101,000","1,105,000","1,162,000","1,094,663","1,088,071","1,529,507","1,418,759","1,405,261","1,718,546","1,728,933","1,666,510","1,983,931","1,995,032","2,049,488","2,068,092","2,043,690","2,114,897","1,588,171","1,540,157","1,226,143","924,382","769,081","714,806","692,247","646,776","641,871","656,879","677,965","672,170","601,778","569,324","548,480","505,046","526,329","516,740","527,364","479,319","439,278","266,777","216,167","80,262","133,664","121,700","113,422","106,418","92,022","81,706","74,483","64,424","53,313","63,282","77,773","43,284","32,943","42,499"
NetIncomeFromContinuingOperationNetMinorityInterest,"42,770,000","54,871,000","-13,508,000","48,524,000","-47,117,000","-47,917,000","25,834,000","-873,000","-30,759,000","4,074,000","-12,379,000","6,104,000","738,000","6,419,000","2,083,000","5,711,000","8,485,000","12,926,000","-2,071,000","422,000","2,276,000","4,580,000","6,341,000","3,843,000","3,650,000","3,463,000","5,104,000","1,521,000","6,103,000","7,205,000","5,086,000","7,558,000","3,884,000","3,391,000","5,375,053","5,113,592","4,457,534","3,297,821","3,814,806","3,676,872","3,442,247","3,803,818","-5,901,051","1,136,285","-2,294,832","19,732","-196,963","-2,335,478","-1,359,389","-492,605","4,366,073","-3,176,016","-723,404","-467,759","3,785,813","650,377","-2,015,736","1,216,587","4,678,676","6,154,038","3,699,208","494,554","2,317,028","2,395,898","-9,606,584","805,979","108,774","330,424","509,048","168,021","4,957,309","6,126,038","4,490,432","3,551,039","2,801,822","1,075,791","347,059","229,018","67,497","-68,896","80,596","129,706","432,487","-72,340","117,255","37,638"
TotalUnusualItemsExcludingGoodwill,,,,,,,,,,,,,,,,,,,,,,,,,,,,,,,"0",,,,"-1,423,000","0","0","28,960","-160,506","0","0","2,200,000","1,297,200","-51,247","-4,048,652",,,,,,,,"0",,,,,,,,,,"-253",,"-17,650,116","-112","-37",,"-59,360","-375","-2,171","1,000","5,788","297","-248,188","-785","-3,567","-1,937",,"-2,615","45,796","-72",,,,
TotalUnusualItems,,,,,,,,,,,,,,,,,,,,,,,,,,,,,,,"0",,,,"-1,423,000","0","0","28,960","-160,506","0","0","2,200,000","1,297,200","-51,247","-4,048,652",,,,,,,,"0",,,,,,,,,,"-253",,"-17,650,116","-112","-37",,"-59,360","-375","-2,171","1,000","5,788","297","-248,188","-785","-3,567","-1,937",,"-2,615","45,796","-72",,,,
NormalizedEBITDA,"-80,509,000","22,949,000","-21,792,000","7,728,000","-89,394,000","-45,971,000","9,306,000","-2,316,000","-10,746,000","2,081,000","-11,221,000","9,325,000","1,392,000","5,471,000","4,382,000","7,031,000","8,049,000","15,994,000","10,012,000","1,478,000","2,620,000","6,954,000","10,327,000","11,987,000","7,152,000","6,043,000","9,491,000","7,654,000","10,118,000","11,362,000","9,873,000","13,614,000","7,317,000","6,018,000","12,941,728","7,968,284","8,339,721","6,617,347","6,463,530","6,995,861","7,787,865","3,721,527","-7,832,136","3,309,618","5,130,247","2,178,277","2,013,167","1,390,164","-1,847,563","591,508","8,449,630","-3,885,869","-705,688","-302,835","7,243,385","2,155,561","8,560,725","2,147,960","7,908,505","7,555,814","6,525,261","905,659","4,347,744","4,238,642","2,751,042","2,962,892","935,607","1,057,982","1,079,224","343,761","8,024,160","10,090,837","7,417,794","5,889,072","5,198,209","1,870,468","672,616","487,450","205,423","-52,815","137,168","283,627","781,709","-95,466","302,568","207,237"
TaxRateForCalcs,"0.4","0.243","0.27","0.27","0.091","0.035","0.27","0.27","0.27","0.27","0.27","0.276","0.27","0.27","0.309","0.27","0.27","0.129","0.4","0.331","0.093","0.176","0.334","0.4","0.4","0.342","0.4","0.4","0.326","0.326","0.35","0.388","0.379","0.306","0.35","0.261","0.347","0.37","0.204","0.305","0.35","0.35","0.185","0.074","0.389","0.35","0.35","0.35","0.35","0.35","0.396","0.337","0.35","0.35","0.35","0.35","0.35","0.389","0.35","0.169","0.35","0.35","0.4","0.4","0.359","0.4","0.4","0.4","0.4","0.389","0.385","0.394","0.389","0.388","0.393","0.392","0.4","0.4","0.4","0.4","0.4","0.4","0.104","0.4","0.4","0.4"
TaxEffectOfUnusualItems,"0","0","0","0","0","0","0","0","0","0","0","0","0","0","0","0","0","0","0","0","0","0","0","0","0","0","0","0","0","0","0","0","0","0","-498,050","0","0","10,715.2","-32,798.761","0","0","770,000","239,601.005","-3,802.616","-1,574,133.357","0","0","0","0","0","0","0","0","0","0","0","0","0","0","0","0","0","-101.2","0","-6,343,889.324","-44.8","-14.8","0","-23,744","-145.898","-835.279","393.524","2,252.069","115.383","-97,414.029","-307.619","-1,426.8","-774.8","0","-1,046","18,318.4","-28.8","0","0","0","0"