name,ttm,02/28/2022,11/30/2021,08/31/2021,05/31/2021,02/28/2021,11/30/2020,08/31/2020,05/31/2020,02/29/2020,11/30/2019,08/31/2019,05/31/2019,02/28/2019,11/30/2018,08/31/2018,05/31/2018,02/28/2018,11/30/2017,08/31/2017,05/31/2017,02/28/2017,11/30/2016,08/31/2016,05/31/2016,02/29/2016,11/30/2015,08/31/2015,05/31/2015,02/28/2015,11/30/2014,08/31/2014,05/31/2014,02/28/2014,11/30/2013,08/31/2013,05/31/2013,02/28/2013,11/30/2012,08/31/2012,05/31/2012,02/29/2012,11/30/2011,08/31/2011,05/31/2011,02/28/2011,11/30/2010,08/31/2010,05/31/2010,02/28/2010,11/30/2009,08/31/2009,05/31/2009,02/28/2009,11/30/2008,08/31/2008,05/31/2008,02/29/2008,11/30/2007,08/31/2007,05/31/2007,02/28/2007,11/30/2006,08/31/2006,05/31/2006,02/28/2006,11/30/2005,08/31/2005,05/31/2005,02/28/2005,11/30/2004,08/31/2004,05/31/2004,02/29/2004,11/30/2003,08/31/2003,05/31/2003,02/28/2003,11/30/2002,08/31/2002,05/31/2002,02/28/2002,11/30/2001,08/31/2001,05/31/2001,02/28/2001,11/30/2000,08/31/2000,05/31/2000,02/29/2000,11/30/1999,08/31/1999,05/31/1999,02/28/1999,11/30/1998,08/31/1998,05/31/1998,02/28/1998,11/30/1997,08/31/1997,05/31/1997,02/28/1997,11/30/1996,08/31/1996,05/31/1996,02/29/1996,11/30/1995,08/31/1995,05/31/1995,02/28/1995,11/30/1994,08/31/1994,05/31/1994,02/28/1994,11/30/1993,08/31/1993,05/31/1993,02/28/1993,11/30/1992,08/31/1992,05/31/1992,02/29/1992,11/30/1991,08/31/1991,05/31/1991,02/28/1991,11/30/1990,08/31/1990,05/31/1990,02/28/1990,11/30/1989,08/31/1989,05/31/1989,02/28/1989,11/30/1988,08/31/1988,05/31/1988,02/29/1988,11/30/1987,08/31/1987,05/31/1987,02/28/1987,11/30/1986,08/31/1986,05/31/1986,02/28/1986,11/30/1985,08/31/1985
TotalRevenue,"902,664,000","224,654,000","231,737,000","216,447,000","229,826,000","195,630,000","226,623,000","203,372,000","213,293,000","245,365,000","291,139,000","236,190,000","289,123,000","202,548,000","239,516,000","222,787,000","262,236,000","200,660,000","208,158,000","190,407,000","208,551,000","193,759,000","227,459,000","195,045,000","242,667,000","217,611,000","242,447,000","214,246,000","228,888,000","182,311,500","224,833,465","193,415,643","216,126,392","181,011,218","197,755,332","189,782,229","183,174,619","140,391,467","149,674,616","153,385,291","127,142,864","123,625,506","116,492,703","114,661,270","114,332,931","100,686,247","102,897,545","99,591,069","77,474,546","84,862,684","81,518,198","95,157,192","95,492,001","100,286,364","108,860,233","103,259,467","99,958,257","76,616,603","86,593,180","81,606,288","75,377,033","79,647,536","65,361,000","62,881,570","52,453,095","50,274,926","44,323,246","47,846,903","44,739,018","37,927,013","38,296,935","36,510,459","39,693,479","32,504,384","33,337,831","34,010,636","36,347,690","39,796,888","45,116,879","48,773,366","49,682,725","50,481,134","35,257,018","32,873,513","34,305,642","30,901,601","32,086,000","30,473,979","27,944,451","26,244,434","24,700,000","21,000,000","20,700,000","20,000,000","19,400,000","20,700,000","20,700,000","20,300,000","18,100,000","18,800,000","18,400,000","15,300,000","14,300,000","13,900,000","14,200,000","12,800,000","13,000,000","11,300,000","12,100,000","11,700,000","10,500,000","11,100,000","11,300,000","10,700,000","9,900,000","10,400,000","9,800,000","7,900,000","7,600,000","7,700,000","7,500,000","7,200,000","7,500,000","8,000,000","7,500,000","8,300,000","7,700,000","5,800,000","5,400,000","4,400,000","4,300,000","4,600,000","4,500,000","3,800,000","4,900,000","6,800,000","5,800,000","4,300,000","4,000,000","3,400,000","2,800,000","2,600,000","2,100,000","2,400,000","3,400,000","3,700,000","3,500,000","4,500,000"
	OperatingRevenue,"902,664,000","224,654,000","231,737,000","216,447,000","229,826,000","195,630,000","226,623,000","203,372,000","213,293,000","245,365,000","291,139,000","236,190,000","289,123,000","202,548,000","239,516,000","222,787,000","262,236,000","200,660,000","208,158,000","190,407,000","208,551,000","193,759,000","227,459,000","195,045,000","242,667,000","217,611,000","242,447,000","214,246,000","228,888,000","182,311,500","224,833,465","193,415,643","216,126,392","181,011,218","197,755,332","189,782,229","183,174,619","140,391,467","149,674,616","153,385,291","127,142,864","123,625,506","116,492,703","114,661,270","114,332,931","100,686,247","102,897,545","99,591,069","77,474,546","84,862,684","81,518,198","95,157,192","95,492,001","100,286,364","108,860,233","103,259,467","99,958,257","76,616,603","86,593,180","81,606,288","75,377,033","79,647,536","65,361,000","62,881,570","52,453,095","50,274,926","44,323,246","47,846,903","44,739,018","37,927,013","38,296,935","36,510,459","39,693,479","32,504,384","33,337,831","34,010,636","36,347,690","39,796,888","45,116,879","48,773,366","49,682,725","50,481,134","35,257,018","32,873,513","34,305,642","30,901,601","32,086,000","30,473,979","27,944,451","26,244,434","24,700,000","21,000,000","20,700,000","20,000,000","19,400,000","20,700,000","20,700,000","20,300,000","18,100,000","18,800,000","18,400,000","15,300,000","14,300,000","13,900,000","14,200,000","12,800,000","13,000,000","11,300,000","12,100,000","11,700,000","10,500,000","11,100,000","11,300,000","10,700,000","9,900,000","10,400,000","9,800,000","7,900,000","7,600,000","7,700,000","7,500,000","7,200,000","7,500,000","8,000,000","7,500,000","8,300,000","7,700,000","5,800,000","5,400,000","4,400,000","4,300,000","4,600,000","4,500,000","3,800,000","4,900,000","6,800,000","5,800,000","4,300,000","4,000,000","3,400,000","2,800,000","2,600,000","2,100,000","2,400,000","3,400,000","3,700,000","3,500,000","4,500,000"
CostOfRevenue,"677,441,000","169,437,000","174,773,000","161,332,000","171,899,000","149,859,000","171,948,000","157,278,000","171,085,000","194,261,000","223,808,000","183,504,000","223,016,000","159,291,000","189,761,000","175,883,000","203,531,000","162,650,000","177,041,000","148,938,000","159,285,000","148,055,000","173,593,000","153,159,000","179,340,000","162,757,000","179,999,000","160,741,000","169,584,000","134,879,342","164,058,332","151,315,672","160,737,654","135,286,860","144,394,673","133,877,304","132,459,556","102,399,255","104,671,793","110,073,078","89,277,551","91,294,550","85,685,729","84,281,092","83,264,145","73,304,384","75,252,872","70,538,383","53,911,073","61,232,110","55,804,749","64,543,362","65,803,751","72,167,187","79,372,838","73,782,379","73,689,403","56,707,877","66,369,431","60,365,388","56,208,362","60,606,343","48,247,000","45,850,330","38,707,784","38,951,577","35,476,076","39,693,997","35,733,458","30,129,346","31,275,844","30,001,809","32,496,335","25,848,148","26,606,757","27,739,569","30,019,152","32,293,955","35,966,785","38,306,766","38,483,488","40,126,888","27,149,034","25,480,688","24,750,832","27,214,069","22,866,000","21,301,162","19,331,577","17,960,114","15,500,000","14,500,000","14,300,000","15,300,000","14,100,000","14,900,000","14,600,000","14,700,000","12,800,000","13,000,000","12,500,000","10,000,000","9,700,000","9,400,000","9,500,000","8,700,000","9,000,000","7,800,000","8,600,000","9,800,000","7,600,000","7,100,000","7,900,000","7,200,000","7,000,000","7,600,000","6,800,000","5,400,000","6,100,000","5,900,000","5,500,000","5,500,000","5,300,000","5,900,000","5,400,000","6,300,000","5,300,000","4,100,000","3,500,000",,,,,,,,,,,,,,,,,,,
GrossProfit,"225,223,000","55,217,000","56,964,000","55,115,000","57,927,000","45,771,000","54,675,000","46,094,000","42,208,000","51,104,000","67,331,000","52,686,000","66,107,000","43,257,000","49,755,000","46,904,000","58,705,000","38,010,000","31,117,000","41,469,000","49,266,000","45,704,000","53,866,000","41,886,000","63,327,000","54,854,000","62,448,000","53,505,000","59,304,000","47,432,158","60,775,133","42,099,971","55,388,738","45,724,358","53,360,659","55,904,925","50,715,063","37,992,212","45,002,823","43,312,213","37,865,313","32,330,956","30,806,974","30,380,178","31,068,786","27,381,863","27,644,673","29,052,686","23,563,473","23,630,574","25,713,449","30,613,830","29,688,250","28,119,177","29,487,395","29,477,088","26,268,854","19,908,726","20,223,749","21,240,900","19,168,671","19,041,193","17,114,000","17,031,240","13,745,311","11,323,349","8,847,170","8,152,906","9,005,560","7,797,667","7,021,091","6,508,650","7,197,144","6,656,236","6,731,074","6,271,067","6,328,538","7,502,933","9,150,094","10,466,600","11,199,237","10,354,246","8,107,984","7,392,825","9,554,810","3,687,532","9,220,000","9,172,817","8,612,874","8,284,320","9,200,000","6,500,000","6,400,000","4,700,000","5,300,000","5,800,000","6,100,000","5,600,000","5,300,000","5,800,000","5,900,000","5,300,000","4,600,000","4,500,000","4,700,000","4,100,000","4,000,000","3,500,000","3,500,000","1,900,000","2,900,000","4,000,000","3,400,000","3,500,000","2,900,000","2,800,000","3,000,000","2,500,000","1,500,000","1,800,000","2,000,000","1,700,000","2,200,000","2,100,000","2,100,000","2,000,000","2,400,000","1,700,000","1,900,000",,,,,,,,,,,,,,,,,,,
OperatingExpense,"113,680,000","31,006,000","26,872,000","28,587,000","27,215,000","27,267,000","25,228,000","26,749,000","27,890,000","39,738,000","33,903,000","30,479,000","35,133,000","29,871,000","26,986,000","29,799,000","35,009,000","28,726,000","29,563,000","26,413,000","27,359,000","25,526,000","25,082,000","26,997,000","28,819,000","28,278,000","26,040,000","27,086,000","26,419,000","24,338,825","27,847,356","19,143,533","27,541,286","24,612,787","28,112,999","26,178,490","26,686,938","17,169,567","17,894,549","15,768,242","15,356,217","12,755,045","11,320,064","11,740,423","13,049,354","11,222,128","10,918,206","12,230,450","12,274,335","8,673,395","10,238,451","11,389,428","12,123,549","10,675,988","11,316,621","11,372,056","9,856,521","8,445,262","7,449,000","8,363,061","12,004,319","7,408,814","8,738,000","8,524,044","7,277,868","7,132,964","6,137,635","5,427,078","5,201,077","5,372,136","4,740,256","4,629,767","4,749,758","4,381,290","4,166,379","4,173,832","4,416,594","4,744,257","4,959,981","5,101,712","5,747,447","6,593,088","4,175,972","3,917,506","5,508,042","-161,093","5,189,000","5,193,787","4,926,634","5,178,323","5,600,000","3,600,000","3,700,000","3,300,000","3,300,000","3,400,000","3,300,000","3,200,000","3,100,000","3,200,000","3,100,000","2,700,000","2,700,000","2,600,000","2,800,000","2,600,000","2,400,000","2,400,000","2,300,000","2,100,000","1,900,000","2,500,000","1,900,000","2,500,000","2,000,000","1,900,000","2,100,000","1,400,000","1,300,000","1,500,000","1,500,000","1,500,000","1,500,000","1,500,000","1,400,000","1,600,000","1,500,000","1,100,000","1,000,000",,,,,,,,,,,,,,,,,,,
	SellingGeneralAndAdministration,"113,680,000","31,006,000","26,872,000","28,587,000","27,215,000","-74,306,000","25,228,000","26,749,000","27,890,000","39,738,000","33,903,000","30,479,000","35,133,000","29,871,000","26,986,000","29,799,000","35,009,000","28,726,000","29,563,000","26,413,000","27,359,000","25,526,000","25,082,000","26,997,000","28,819,000","28,278,000","26,040,000","27,086,000","26,419,000","24,338,825","27,847,356","19,143,533","27,541,286","24,612,787","28,112,999","26,178,490","26,686,938","17,169,567","17,894,549","15,768,242","15,356,217","12,755,045","11,320,064","11,740,423","13,049,354","11,222,128","10,918,206","12,230,450","12,274,335","9,665,596","10,238,451","11,389,428","12,123,549","10,675,988","11,316,621","11,372,056","9,856,521","8,445,262","7,449,000","8,363,061","12,004,319","7,408,814","8,738,000","8,524,044","7,277,868","7,132,964","6,137,635","5,427,078","5,201,077","5,372,136","4,740,256","4,629,767","4,749,758","4,381,290","4,166,379","4,173,832","4,416,594","4,744,257","4,959,981","5,101,712","5,747,447","6,593,088","4,175,972","3,917,506","4,013,617","4,156,907","3,750,000","3,766,848","3,513,518","3,707,958","3,300,000","2,600,000","2,700,000","2,300,000","2,400,000","2,500,000",,"2,400,000","2,400,000","2,400,000","2,400,000","2,000,000","2,000,000","2,000,000","2,100,000","2,000,000","1,900,000","1,800,000","1,800,000","1,500,000","1,500,000","1,700,000","1,900,000","2,000,000","1,600,000","1,500,000","1,700,000","1,100,000","1,000,000","1,200,000","1,200,000","1,100,000","1,200,000","1,200,000","1,100,000","1,200,000","1,200,000","800,000","800,000",,,,,,,,,,,,,,,,,,,
	ResearchAndDevelopment,,,,,,,,,,,,,,,,,,,,,,,,,,,,,,,,,,,,,,,,,,,,,,,,,,,,,,,,,,,,,,,,,,,,,,,,,,,,,,,,,,,,,,,,,,,,,,,,,"2,500,000",,,,,,,,,,,,,,,,,,,,,,,,,,,,,,,,,,,,,,,,,,,,,,,,,,,
	DepreciationAmortizationDepletionIncomeStatement,,,,,,,,,,,,,,,,,,,,,,,,,,,,,,,,,,,,,,,,,,,,,,,,,,,,,,,,,,,,,,,,,,,,,,,,,,,,,,,,,,,,,"1,494,425",,"1,439,000","1,426,939","1,413,116","1,470,365","2,300,000","1,000,000","1,000,000","1,000,000","900,000","900,000","800,000","800,000","700,000","800,000","700,000","700,000","700,000","600,000","700,000","600,000","500,000","600,000","500,000","600,000","400,000","800,000",,"500,000","400,000","400,000","400,000","300,000","300,000","300,000","300,000","400,000","300,000","300,000","300,000","400,000","300,000","300,000","200,000",,,,,,,,,,,,,,,,,,,
		DepreciationAndAmortizationInIncomeStatement,,,,,,,,,,,,,,,,,,,,,,,,,,,,,,,,,,,,,,,,,,,,,,,,,,,,,,,,,,,,,,,,,,,,,,,,,,,,,,,,,,,,,"1,494,425",,"1,439,000","1,426,939","1,413,116","1,470,365","2,300,000","1,000,000","1,000,000","1,000,000","900,000","900,000","800,000","800,000","700,000","800,000","700,000","700,000","700,000","600,000","700,000","600,000","500,000","600,000","500,000","600,000","400,000","800,000",,"500,000","400,000","400,000","400,000","300,000","300,000","300,000","300,000","400,000","300,000","300,000","300,000","400,000","300,000","300,000","200,000",,,,,,,,,,,,,,,,,,,
	OtherOperatingExpenses,,,,,,,,,,,,,,,,,,,,,,,,,,,,,,,,,,,,,,,,,,,"-200,000",,,,,,,,,,,,,,,,,,,,,,,,,,,,,,,,,,,,,,,,,,,,,,,,,,,,,,,,,,,,,,,,,,,,,,,,,,,,,,,,,,,,,,,,,,,,,,,,,,,,,,,,,
OperatingIncome,"111,543,000","24,211,000","30,092,000","26,528,000","30,712,000","18,504,000","29,447,000","19,345,000","14,318,000","11,366,000","33,428,000","22,207,000","30,974,000","13,386,000","22,769,000","17,105,000","23,696,000","9,284,000","1,554,000","15,056,000","21,907,000","20,178,000","28,784,000","14,889,000","34,508,000","26,576,000","36,408,000","26,419,000","32,885,000","23,093,333","32,927,777","22,956,438","27,847,452","21,111,571","25,247,660","29,726,435","24,028,125","20,822,645","27,108,274","27,543,971","22,509,096","19,575,911","19,486,910","18,639,755","18,019,432","16,159,735","16,726,467","16,822,236","11,289,138","14,957,179","15,474,998","19,224,402","17,564,701","17,443,189","18,170,774","18,105,032","16,412,333","11,463,464","12,774,749","12,877,839","7,164,352","11,632,379","8,376,000","8,507,196","6,467,443","4,190,385","2,709,535","2,725,828","3,804,483","2,425,531","2,280,835","1,878,883","2,447,386","2,274,946","2,564,695","2,097,235","1,911,944","2,758,676","4,190,113","5,364,888","5,451,790","3,761,158","3,932,012","3,475,319","4,046,768","3,848,625","4,031,000","3,979,030","3,686,240","3,105,997","3,600,000","2,900,000","2,700,000","1,400,000","2,000,000","2,400,000","2,800,000","2,400,000","2,200,000","2,600,000","2,800,000","2,600,000","1,900,000","1,900,000","1,900,000","1,500,000","1,600,000","1,100,000","1,200,000","-200,000","1,000,000","1,500,000","1,500,000","1,000,000","900,000","900,000","900,000","1,100,000","200,000","300,000","500,000","200,000","700,000","600,000","700,000","400,000","900,000","600,000","900,000","-12,000,000","4,300,000","4,600,000","4,500,000","-16,500,000","4,900,000","6,800,000","5,800,000","-9,100,000","4,000,000","3,400,000","2,800,000","-8,000,000","2,100,000","2,400,000","3,400,000","-13,900,000","3,500,000","4,500,000"
NetNonOperatingInterestIncomeExpense,"-6,395,000","-1,314,000","-1,630,000","-1,754,000","-1,697,000","-2,272,000","-2,272,000","-2,470,000","-2,634,000","-3,030,000","-3,301,000","-3,548,000","-3,584,000","-3,430,000","-3,723,000","-3,980,000","-3,838,000","-3,593,000","-3,507,000","-3,400,000","-3,360,000","-3,573,000","-3,654,000","-3,580,000","-3,925,000","-3,543,000","-3,743,000","-4,023,000","-3,847,000","-4,029,602","-4,099,062","-4,223,791","-4,208,545","-4,662,772","-4,614,787","-4,651,412","-4,477,687","-3,270,193","-3,234,340","-3,227,906","-3,340,166","-3,485,993","-3,518,978","-3,463,639","-3,470,539","-2,484,151","-1,787,161","-1,768,129","-1,691,115","-1,691,844","-1,728,621","-1,731,006","-1,686,557",,,,,,,,,,,,,,,,,,,,,,,,,,,,,,,,,,,,,,,,,,,,,,,,,,,,,,,,,,,,,,,,,,,,,,,,,,,,,,,,,,,,,,,,,,,,,,,
	InterestExpenseNonOperating,"6,395,000","1,314,000","1,630,000","1,754,000","1,697,000","2,272,000","2,272,000","2,470,000","2,634,000","3,030,000","3,301,000","3,548,000","3,584,000","3,430,000","3,723,000","3,980,000","3,838,000","3,593,000","3,507,000","3,400,000","3,360,000","3,573,000","3,654,000","3,580,000","3,925,000","3,543,000","3,743,000","4,023,000","3,847,000","4,029,602","4,099,062","4,223,791","4,208,545","4,662,772","4,614,787","4,651,412","4,477,687","3,270,193","3,234,340","3,227,906","3,340,166","3,485,993","3,518,978","3,463,639","3,470,539","2,484,151","1,787,161","1,768,129","1,691,115","1,691,844","1,728,621","1,731,006","1,686,557",,,,,,,,,,,,,,,,,,,,,,,,,,,,,,,,,,,,,,,,,,,,,,,,,,,,,,,,,,,,,,,,,,,,,,,,,,,,,,,,,,,,,,,,,,,,,,,
OtherIncomeExpense,"1,197,000","2,559,000","-1,413,000","-918,000","969,000","124,000","-852,000","-18,785,000","-1,456,000","-19,255,000","743,000","-686,000","-424,000","181,000","-309,000","857,000","291,000","-3,399,000","-15,000","-260,000","185,000","198,000","816,000","-124,000","232,000","-2,402,000","43,000","-522,000","117,000","-20,823","-150,339","-20,450","57,612","331,481","7,279,125","742,137","3,851,378","2,962,755","296,788","277,137","5,920,772","796,896","199,670","445,060","416,420","623,168","250,298","444,150","373,380",,"129,796","366,139","85,675","434,515","305,553","1,727,299","481,160","221,486","270,458","363,867","191,410","61,217","345,000","73,456","632,046","174,394","108,084","-68,491","76,150","25,635","23,639","-10,614","-27,918","172,064","-11,333","89,896","185,305","414,420","-112,187","-107,791","-119,715","45,690","-110,243","-71,982","-71,683","134,120","-81,000","-73,410","-64,476","217,622","-200,000",,,"200,000",,,,"300,000","100,000","300,000",,"-200,000","100,000","-100,000","-200,000",,"-200,000",,"100,000","-200,000","100,000","-200,000","-100,000",,,,,"-300,000","100,000",,,"100,000",,,,"100,000",,"100,000","100,000",,,,,,,,,,,,,,,,,,,
	SpecialIncomeCharges,"1,797,000","1,797,000",,"0",,"270,000","-1,576,000","-18,693,000",,"-18,632,000",,,,,,,,"-189,000","-22,000","-654,000","100,000","-50,000","57,000","-192,000","110,000","-138,000","16,000","25,000","424,000","1,330,056","1,171,443","-3,062","26,563","-217,097","7,372,927","859,576","23,341","1,808,073","296,788","277,137","5,969,081","796,896","199,670","445,060","416,420","-992,774","250,298","444,150","373,380",,"129,796","366,139","85,675","434,515","305,553","1,727,299","481,160","221,486","270,458","363,867","191,410","61,217","345,000","73,456","632,046","174,394","108,084","-68,491","76,150","25,635","23,639","-10,614","-27,918","172,064","-11,333","89,896","185,305","414,420","-112,187","-107,791","-119,715","45,690","-110,243","-71,982","-71,683","134,120","-81,000","-73,410","-64,476","217,622","-200,000",,,"200,000",,,,"300,000","100,000","300,000",,"-200,000","100,000","-100,000","-200,000",,"-200,000",,"100,000","-200,000","100,000","-200,000","-100,000",,,,,"-300,000","100,000",,,"100,000",,,,"100,000",,"100,000","100,000",,,,,,,,,,,,,,,,,,,
		RestructuringAndMergernAcquisition,"-1,797,000","-1,797,000",,"0",,"-270,000","1,576,000","18,693,000",,,,,,,,,,,,,,,,,,,,,,,,,,,,,,,,,,,,,,,,,,,,,,,,,,,,,,,,,,,,,,,,,,,,,,,,,,,,,,,,,,,,,,,,,,,,,,,,,,,,,,,,,,,,,,,,,,,,,,,,,,,,,,,,,,,,,,,,,,,,
		OtherSpecialCharges,,,,,,,,,,,,,,,,,,,,,,,,,,,,,,,,,,,,,,,"-453,853","-294,530","48,309","-799,302","-192,569","-384,929","-647,429",,"-256,803","-396,462","-363,950",,"-82,108","-300,687","-80,644",,,,,,,,,,,,,,,,,,,,,,,,,,,,,,,,,,,,,,,,,,,,,,,,,,,,,,,,,,,,,,,,,,,,,,,,,,,,,,,,,,,,,,,,,,,,,,,
		GainOnSaleOfBusiness,,,,,,,,,,"-18,632,000",,,,,,,,,,,,,,,,,,,,,,,,,,,,,,,,,,,,,,,,,,,,,,,,,,,,,,,,,,,,,,,,,,,,,,,,,,,,,,,,,,,,,,,,,,,,,,,,,,,,,,,,,,,,,,,,,,,,,,,,,,,,,,,,,,,,,,,,,,
		GainOnSaleOfPPE,,,,,,,,,,,,,,,,,,"-189,000","-22,000","-654,000","100,000","-50,000","57,000","-192,000","110,000","-138,000","16,000","25,000","424,000","1,330,056","1,171,443","-3,062","26,563","-217,097","7,372,927","859,576","23,341","2,508,147","-157,065","-17,393","5,969,081","-2,406","7,101","60,131","-231,009","24,441","-6,505","47,688","9,430",,"47,688","65,452","5,031",,,,,,,,,,,,,,,,,,,,,,,,,,,,,,,,,,,,,,,,,,,,,,,,,,,,,,,,,,,,,,,,,,,,,,,,,,,,,,,,,,,,,,,,,,,,,,,
	OtherNonOperatingIncomeExpenses,"-600,000","762,000","-1,413,000","-918,000","969,000","-146,000","724,000","-92,000","-1,456,000","-623,000","743,000","-686,000","-424,000","181,000","-309,000","857,000","291,000","-3,210,000","7,000","394,000","85,000","248,000","759,000","68,000","122,000","-2,264,000","27,000","-547,000","-307,000","-1,350,879","-1,321,782","-17,388","31,049","548,578","-93,802","-117,439","3,828,037","455,000","454,000",,"-48,309",,,,,,,,,,,,,,,,,,,,,,,,,,,,,,,,,,,,,,,,,,,,,,,,,,,,,,,,,,,,,,,,,,,,,,,,,,,,,,,,,,,,,,,,,,,,,,,,,,,,,,,,,,,
PretaxIncome,"106,345,000","25,456,000","27,049,000","23,856,000","29,984,000","16,356,000","26,323,000","-1,910,000","10,228,000","-10,919,000","30,870,000","17,973,000","26,966,000","10,137,000","18,737,000","13,982,000","20,149,000","2,292,000","-1,968,000","11,396,000","18,732,000","16,803,000","25,946,000","11,185,000","30,815,000","20,631,000","32,708,000","21,874,000","29,155,000","19,042,908","28,678,376","18,712,197","23,696,519","16,780,280","27,911,998","25,817,160","23,401,816","20,515,207","24,170,722","24,593,202","25,089,702","16,886,814","16,167,602","15,621,176","14,965,313","14,298,752","15,189,604","15,498,257","9,971,403","12,683,725","13,876,173","17,859,535","15,963,819","16,192,072","16,794,686","18,150,669","15,772,705","11,451,516","12,703,253","12,857,487","6,820,638","11,206,111","8,379,000","8,302,565","6,711,769","3,981,326","2,405,071","2,204,849","3,439,954","2,077,452","1,911,478","1,440,212","1,977,351","1,981,552","1,864,748","1,607,205","1,424,090","2,357,711","3,155,349","4,202,623","4,179,716","2,838,578","3,283,652","2,965,356","3,509,581","3,451,230","3,389,000","3,293,155","2,993,639","2,849,185","2,900,000","2,500,000","2,200,000","1,100,000","1,800,000","2,300,000","2,500,000","2,400,000","2,100,000","2,700,000","2,600,000","2,100,000","1,800,000","1,500,000","1,500,000","1,200,000","1,200,000","1,000,000","1,000,000","-600,000","900,000","1,200,000","1,200,000","1,000,000","800,000","800,000","1,000,000","700,000","200,000","300,000","500,000","300,000","600,000","500,000","500,000","200,000","800,000","600,000","800,000",,,,,,,,,,,,,,,,,,,
TaxProvision,"22,323,000","3,834,000","5,964,000","4,878,000","7,647,000","196,000","6,620,000","-120,000","4,687,000","-276,000","8,835,000","2,415,000","5,682,000","1,286,000","3,342,000","2,738,000","4,431,000","-21,195,000","-1,802,000","3,067,000","5,492,000","5,219,000","7,695,000","1,162,000","9,752,000","4,555,000","9,161,000","4,631,000","9,231,000","2,759,330","8,713,055","4,943,487","8,771,128","6,537,939","9,466,843","9,454,391","8,855,033","7,281,558","8,807,042","8,720,265","9,103,762","5,243,158","6,146,684","6,015,155","5,500,112","5,073,897","5,472,062","5,851,502","3,597,914","4,717,592","5,133,442","6,740,635","6,063,659","6,225,071","5,981,668","6,847,028","5,650,140","4,123,796","4,611,672","4,735,653","2,674,183","4,252,081","3,135,000","3,023,591","2,500,300","1,388,627","670,685","837,300","1,307,700","617,428","712,600","532,400","732,068","753,489","708,716","611,100","541,100","938,652","1,191,500","1,583,100","1,567,000","1,080,617","1,248,850","1,129,786","1,333,800","1,301,161","1,290,000","1,240,807","1,122,913","1,055,945","1,100,000","900,000","800,000","400,000","700,000","900,000","900,000","-200,000","800,000","1,000,000","1,000,000","800,000","700,000","600,000","600,000","500,000","500,000","400,000","400,000","-300,000","400,000","500,000","500,000","400,000","300,000","300,000","400,000","300,000","100,000","100,000","200,000","100,000","200,000","200,000","200,000","0","300,000","200,000","300,000",,,,,,,,,,,,,,,,,,,
NetIncomeCommonStockholders,"84,022,000","21,622,000","21,085,000","18,978,000","22,337,000","16,160,000","19,703,000","-1,790,000","5,541,000","-10,643,000","22,035,000","15,558,000","21,284,000","8,851,000","15,395,000","11,244,000","15,718,000","23,487,000","-166,000","8,329,000","13,240,000","11,584,000","18,251,000","10,023,000","21,063,000","16,076,000","23,547,000","17,243,000","19,924,000","16,283,578","19,965,321","13,768,710","14,925,391","10,242,341","18,445,155","16,362,769","14,546,783","13,233,649","15,363,680","15,872,937","15,985,940","11,643,656","10,020,918","9,606,021","9,465,201","9,224,855","9,717,542","9,646,755","6,373,489","7,966,133","8,742,731","11,118,900","9,900,160","9,967,001","10,813,018","11,303,641","10,122,565","7,327,720","8,091,581","8,121,834","4,146,455","6,954,030","5,244,000","5,278,974","4,296,813","2,592,699","1,734,386","1,367,549","2,132,254","1,460,024","1,198,878","907,812","1,245,283","1,228,063","1,156,032","996,105","882,990","1,419,059","1,963,849","2,619,523","2,612,716","1,757,961","2,034,802","1,835,570","2,175,781","2,150,069","2,099,000","2,052,348","1,870,726","1,793,240","1,800,000","1,600,000","1,400,000","700,000","1,100,000","1,400,000","1,600,000","2,600,000","1,300,000","1,700,000","1,600,000","1,300,000","1,100,000","900,000","900,000","700,000","700,000","600,000","600,000","-300,000","500,000","700,000","700,000","600,000","500,000","500,000","600,000","400,000","100,000","200,000","300,000","200,000","400,000","300,000","300,000","200,000","500,000","400,000","500,000",,,,,,,,,,,,,,,,,,,
	NetIncome,"84,022,000","21,622,000","21,085,000","18,978,000","22,337,000","16,160,000","19,703,000","-1,790,000","5,541,000","-10,643,000","22,035,000","15,558,000","21,284,000","8,851,000","15,395,000","11,244,000","15,718,000","23,487,000","-166,000","8,329,000","13,240,000","11,584,000","18,251,000","10,023,000","21,063,000","16,076,000","23,547,000","17,243,000","19,924,000","16,283,578","19,965,321","13,768,710","14,925,391","10,242,341","18,445,155","16,362,769","14,546,783","13,233,649","15,363,680","15,872,937","15,985,940","11,643,656","10,020,918","9,606,021","9,465,201","9,224,855","9,717,542","9,646,755","6,373,489","7,966,133","8,742,731","11,118,900","9,900,160","9,967,001","10,813,018","11,303,641","10,122,565","7,327,720","8,091,581","8,121,834","4,146,455","6,954,030","5,244,000","5,278,974","4,296,813","2,592,699","1,734,386","1,367,549","2,132,254","1,460,024","1,198,878","907,812","1,245,283","1,228,063","1,156,032","996,105","882,990","1,419,059","1,963,849","2,619,523","2,612,716","1,757,961","2,034,802","1,835,570","2,175,781","2,150,069","2,099,000","2,052,348","1,870,726","1,793,240","1,800,000","1,600,000","1,400,000","700,000","1,100,000","1,400,000","1,600,000","2,600,000","1,300,000","1,700,000","1,600,000","1,300,000","1,100,000","900,000","900,000","700,000","700,000","600,000","600,000","-300,000","500,000","700,000","700,000","600,000","500,000","500,000","600,000","400,000","100,000","200,000","300,000","200,000","400,000","300,000","300,000","200,000","500,000","400,000","500,000",,,,,,,,,,,,,,,,,,,
		NetIncomeIncludingNoncontrollingInterests,"84,022,000","21,622,000","21,085,000","18,978,000","22,337,000","16,160,000","19,703,000","-1,790,000","5,541,000","-10,643,000","22,035,000","15,558,000","21,284,000","8,851,000","15,395,000","11,244,000","15,718,000","23,487,000","-166,000","8,329,000","13,240,000","11,584,000","18,251,000","10,023,000","21,063,000","16,076,000","23,547,000","17,243,000","19,924,000","16,283,578","19,965,321","13,768,710","14,925,391","10,242,341","18,445,155","16,362,769","14,546,783","13,233,649","15,363,680","15,872,937","15,985,940","11,643,656","10,020,918","9,606,021","9,465,201","9,224,855","9,717,542","9,646,755","6,373,489","7,966,133","8,742,731","11,118,900","9,900,160","9,967,001","10,813,018","11,303,641","10,122,565","7,327,720","8,091,581","8,121,834","4,146,455","6,954,030","5,244,000","5,278,974","4,296,813","2,592,699","1,734,386","1,367,549","2,132,254","1,460,024","1,198,878","907,812","1,245,283","1,228,063","1,156,032","996,105","882,990","1,419,059","1,963,849","2,619,523","2,612,716","1,757,961","2,034,802","1,835,570","2,175,781","2,150,069","2,099,000","2,052,348","1,870,726","1,793,240","1,800,000","1,600,000","1,400,000","700,000","1,100,000","1,400,000","1,600,000","2,600,000","1,300,000","1,700,000","1,600,000","1,300,000","1,100,000","900,000","900,000","700,000","700,000","600,000","600,000","-300,000","500,000","700,000","700,000","600,000","500,000","500,000","600,000","400,000","100,000","200,000","300,000","200,000","400,000","300,000","300,000","200,000","500,000","400,000","500,000","300,000","200,000","200,000","400,000","-200,000","200,000","300,000","400,000","100,000","200,000","300,000","200,000","-3,800,000",,"-100,000",,"-7,500,000","-300,000","-100,000"
			NetIncomeContinuousOperations,"84,022,000","21,622,000","21,085,000","18,978,000","22,337,000","16,160,000","19,703,000","-1,790,000","5,541,000","-10,643,000","22,035,000","15,558,000","21,284,000","8,851,000","15,395,000","11,244,000","15,718,000","23,487,000","-166,000","8,329,000","13,240,000","11,584,000","18,251,000","10,023,000","21,063,000","16,076,000","23,547,000","17,243,000","19,924,000","16,283,578","19,965,321","13,768,710","14,925,391","10,242,341","18,445,155","16,362,769","14,546,783","13,233,649","15,363,680","15,872,937","15,985,940","11,643,656","10,020,918","9,606,021","9,465,201","9,224,855","9,717,542","9,646,755","6,373,489","7,966,133","8,742,731","11,118,900","9,900,160","9,967,001","10,813,018","11,303,641","10,122,565","7,327,720","8,091,581","8,121,834","4,146,455","6,954,030","5,244,000","5,278,974","4,211,469","2,592,699","1,734,386","1,367,549","2,132,254","1,460,024","1,198,878","907,812","1,245,283","1,228,063","1,156,032","996,105","882,990","1,419,059","1,963,849","2,619,523","2,612,716","1,757,961","2,034,802","1,835,570","2,175,781","2,150,069","2,099,000","2,052,348","1,870,726","1,793,240","1,800,000","1,600,000","1,400,000","700,000","1,100,000","1,400,000","1,600,000","2,600,000","1,300,000","1,700,000","1,600,000","1,300,000","1,100,000","900,000","900,000","700,000","700,000","600,000","600,000","-300,000","500,000","700,000","700,000","600,000","500,000","500,000","600,000","400,000","100,000","200,000","300,000","200,000","400,000","300,000","300,000","200,000","500,000","400,000","500,000","300,000","200,000","200,000","400,000","-200,000","200,000","300,000","400,000","100,000","200,000","300,000","200,000","-3,800,000",,"-100,000",,"-7,500,000","-300,000","-100,000"
			NetIncomeExtraordinary,,,,,,,,,,,,,,,,,,,,,,,,,,,,,,,,,,,,,,,,,,,,,,,,,,,,,,,,,,,,,,"0",,,"85,344",,,,,,,,,,,,,,,,,,,,,,,,,,,,,,,,,,,,,,,,,,,,,,,,,,,,,,,,,,,,,,,,,,,,,,,,,,,,,,,,,,,
DilutedNIAvailtoComStockholders,"84,022,000","21,622,000","21,085,000","18,978,000","22,337,000","16,160,000","19,703,000","-1,790,000","5,541,000","-10,643,000","22,035,000","15,558,000","21,284,000","8,851,000","15,395,000","11,244,000","15,718,000","23,487,000","-166,000","8,329,000","13,240,000","11,584,000","18,251,000","10,023,000","21,063,000","16,076,000","23,547,000","17,243,000","19,924,000","16,283,578","19,965,321","13,768,710","14,925,391","10,242,341","18,445,155","16,362,769","14,546,783","13,233,649","15,363,680","15,872,937","15,985,940","11,643,656","10,020,918","9,606,021","9,465,201","9,224,855","9,717,542","9,646,755","6,373,489","7,966,133","8,742,731","11,118,900","9,900,160","9,967,001","10,813,018","11,303,641","10,122,565","7,327,720","8,091,581","8,121,834","4,146,455","6,954,030","5,244,000","5,278,974","4,296,813","2,592,699","1,734,386","1,367,549","2,132,254","1,460,024","1,198,878","907,812","1,245,283","1,228,063","1,156,032","996,105","882,990","1,419,059","1,963,849","2,619,523","2,612,716","1,757,961","2,034,802","1,835,570","2,175,781","2,150,069","2,099,000","2,052,348","1,870,726","1,793,240","1,800,000","1,600,000","1,400,000","700,000","1,100,000","1,400,000","1,600,000","2,600,000","1,300,000","1,700,000","1,600,000","1,300,000","1,100,000","900,000","900,000","700,000","700,000","600,000","600,000","-300,000","500,000","700,000","700,000","600,000","500,000","500,000","600,000","400,000","100,000","200,000","300,000","200,000","400,000","300,000","300,000","200,000","500,000","400,000","500,000",,,,,,,,,,,,,,,,,,,
BasicEPS,,"0.88","0.85","0.76","0.89","0.64","0.76","-0.07","0.21","-0.41","0.84","0.59","0.81","0.34","0.59","0.43","0.6","0.91","-0.01","0.32","0.51","0.45","0.7","0.39","0.81","0.62","0.91","0.67","0.77","0.63","0.78","0.54","0.58","0.4","0.72","0.64","0.57","0.52","0.61","0.63","0.635",,"0.4","0.38","0.375",,"0.39","0.385","0.255",,"0.355","0.455","0.405",,"0.445","0.465","0.415",,"0.335","0.335","0.175",,"0.225","0.228","0.18",,"0.078","0.063","0.098",,"0.055","0.043","0.058",,"0.053","0.048","0.043",,"0.093","0.125","0.125",,"0.098","0.09","0.11",,"0.108","0.105","0.098",,"0.095","0.083","0.075",,"0.05","0.063","0.068",,"0.053","0.07","0.07",,"0.05","0.04","0.043",,"0.033","0.025","0.025",,"0.023","0.03","0.03",,"0.023","0.023","0.025",,"0.005","0.01","0.015",,"0.018","0.013","0.015",,"0.023","0.018","0.02",,"0.015","0.015","0.015",,"0.015","0.015","0.015",,"0.015","0.015","0.015",,,,,,"-0.015",
DilutedEPS,,"0.87","0.85","0.76","0.88","0.63","0.76","-0.07","0.21","-0.41","0.84","0.59","0.81","0.34","0.59","0.43","0.6","0.9","-0.01","0.32","0.51","0.44","0.7","0.38","0.81","0.62","0.91","0.67","0.77","0.63","0.77","0.53","0.58","0.4","0.72","0.64","0.57","0.52","0.6","0.62","0.63",,"0.395","0.38","0.375",,"0.385","0.385","0.255",,"0.35","0.445","0.4",,"0.44","0.46","0.41",,"0.33","0.33","0.17",,"0.22","0.225","0.178",,"0.075","0.06","0.095",,"0.055","0.04","0.058",,"0.053","0.048","0.043",,"0.093","0.123","0.123",,"0.098","0.09","0.108",,"0.105","0.103","0.095",,"0.095","0.083","0.075",,"0.05","0.063","0.065",,"0.053","0.068","0.068",,"0.05","0.04","0.04",,"0.033","0.025","0.025",,"0.023","0.03","0.03",,"0.023","0.023","0.025",,"0.005","0.01","0.015",,"0.018","0.013","0.015",,"0.023","0.018","0.02",,"0.015","0.015","0.015",,"0.015","0.015","0.015",,"0.015","0.015","0.015",,,,,,"-0.015",
BasicAverageShares,,"24,570,455","24,729,000","24,947,000","25,051,000","25,250,000","25,936,000","26,175,000","26,157,000","25,958,537","26,234,000","26,369,492","26,276,543","26,032,353","26,064,000","26,148,837","26,196,667","25,809,890","25,965,000","25,970,000","26,012,000","25,742,222","26,005,000","25,987,000","25,913,000","25,929,032","25,823,000","25,782,000","25,756,000","25,847,619","25,699,772","25,656,945","25,622,958","25,605,000","25,536,918","25,567,188","25,521,053","25,450,000","25,186,885","25,195,138","25,174,709",,"25,374,000","25,120,350","25,078,000",,"24,990,364","24,909,864","24,794,000",,"24,628,169","24,546,856","24,338,000",,"24,298,917","24,274,654","24,391,723",,"24,153,973","24,244,281","23,694,029",,"23,306,667","23,204,281","23,871,183",,"22,379,174","21,880,784","21,869,272",,"21,797,782","21,360,282","21,657,096",,"22,019,657","20,970,632","20,776,235",,"21,230,800","20,956,184","20,901,728",,"20,869,764","20,395,222","19,779,827",,"19,525,581","19,546,171","19,186,933",,"18,947,368","19,393,939","18,666,667",,"22,000,000","22,400,000","23,703,704",,"24,761,905","24,285,714","22,857,143",,"22,000,000","22,500,000","21,176,471",,"21,538,462","24,000,000","24,000,000",,"22,222,222","23,333,333","23,333,333",,"22,222,222","22,222,222","24,000,000",,"20,000,000","20,000,000","20,000,000",,"22,857,143","24,000,000","20,000,000",,"22,222,222","22,857,143","25,000,000",,"22,472,000","22,472,000","22,444,000",,"22,444,000","22,444,000","22,444,000",,"22,444,000","22,432,000","22,360,000",,"22,332,000","22,332,000","22,332,000",,"22,332,000","22,332,000"
DilutedAverageShares,,"24,918,000","24,945,000","25,135,000","25,270,000","25,648,000","26,051,000","26,175,000","26,192,000","26,209,000","26,263,000","26,369,492","26,276,543","26,153,000","26,151,000","26,148,837","26,196,667","25,998,000","25,965,000","26,036,000","26,093,000","26,110,000","26,133,000","26,119,000","26,043,000","25,988,000","25,977,000","25,922,000","25,862,000","25,847,619","25,793,566","25,758,174","25,738,766","25,721,000","25,719,878","25,664,000","25,665,000","25,635,000","25,603,000","25,601,511","25,374,508",,"25,374,000","25,353,964","25,290,000",,"25,244,206","25,198,780","25,098,000",,"25,042,000","24,949,618","24,820,000",,"24,575,041","24,689,432","24,689,183",,"24,519,942","24,611,618","24,390,912",,"23,836,364","23,462,107","24,207,397",,"23,125,147","22,792,483","22,444,779",,"21,797,782","22,695,300","21,657,096",,"22,019,657","20,970,632","20,776,235",,"21,230,800","21,383,861","21,328,294",,"20,869,764","20,395,222","20,239,823",,"19,990,476","20,022,907","19,691,853",,"18,947,368","19,393,939","18,666,667",,"22,000,000","22,400,000","24,615,385",,"24,761,905","25,185,185","23,703,704",,"22,000,000","22,500,000","22,500,000",,"21,538,462","24,000,000","24,000,000",,"22,222,222","23,333,333","23,333,333",,"22,222,222","22,222,222","24,000,000",,"20,000,000","20,000,000","20,000,000",,"22,857,143","24,000,000","20,000,000",,"22,222,222","22,857,143","25,000,000",,"22,472,000","22,472,000","22,444,000",,"22,444,000","22,444,000","22,444,000",,"22,444,000","22,432,000","22,360,000",,"22,332,000","22,332,000","22,332,000",,"22,332,000","22,332,000"
TotalOperatingIncomeAsReported,"113,340,000","26,008,000","30,092,000","26,528,000","30,712,000","18,774,000","27,871,000","652,000","14,318,000","-7,266,000","33,428,000","22,207,000","30,974,000","13,386,000","22,769,000","17,105,000","23,696,000","9,284,000","1,554,000","15,056,000","21,907,000","20,178,000","28,784,000","14,889,000","34,508,000","26,576,000","36,408,000","26,419,000","32,885,000","23,093,333","32,927,777","22,956,438","27,847,452",,,,,,"27,108,274","27,543,971",,,"19,486,910","18,639,755",,,"16,726,467","16,822,236","11,289,138",,,"19,224,402",,,"18,170,774","18,105,032","16,412,333","11,463,464","12,774,749","12,877,839","7,164,352","11,632,379","8,376,000","8,507,196","6,467,443","4,190,385","2,709,535","2,725,828","3,804,483","2,425,531","2,280,835","1,878,883","2,447,386","2,274,946","2,564,695","2,097,235","1,911,944","2,758,676","4,190,113","5,364,888","5,451,790","3,761,158","3,932,012","3,475,319","4,046,768","3,848,625","4,031,000","3,979,030","3,686,240","3,105,997","3,600,000","2,900,000","2,700,000","1,400,000","2,000,000","2,400,000","2,800,000","2,400,000","2,200,000","2,600,000","2,800,000","2,600,000","1,900,000","1,900,000","1,900,000","1,500,000","1,600,000","1,100,000","1,200,000","-200,000","1,000,000","1,500,000","1,500,000","1,000,000","900,000","900,000","900,000","1,100,000","200,000","300,000","500,000","200,000","700,000","600,000","700,000","400,000","900,000","600,000","900,000",,,,,,,,,,,,,,,,,,,
TotalExpenses,"791,121,000","200,443,000","201,645,000","189,919,000","199,114,000","177,126,000","197,176,000","184,027,000","198,975,000","233,999,000","257,711,000","213,983,000","258,149,000","189,162,000","216,747,000","205,682,000","238,540,000","191,376,000","206,604,000","175,351,000","186,644,000","173,581,000","198,675,000","180,156,000","208,159,000","191,035,000","206,039,000","187,827,000","196,003,000","159,218,167","191,905,688","170,459,205","188,278,940","159,899,647","172,507,672","160,055,794","159,146,494","119,568,822","122,566,342","125,841,320","104,633,768","104,049,595","97,005,793","96,021,515","96,313,499","84,526,512","86,171,078","82,768,833","66,185,408","69,905,505","66,043,200","75,932,790","77,927,300","82,843,175","90,689,459","85,154,435","83,545,924","65,153,139","73,818,431","68,728,449","68,212,681","68,015,157","56,985,000","54,374,374","45,985,652","46,084,541","41,613,711","45,121,075","40,934,535","35,501,482","36,016,100","34,631,576","37,246,093","30,229,438","30,773,136","31,913,401","34,435,746","37,038,212","40,926,766","43,408,478","44,230,935","46,719,976","31,325,006","29,398,194","30,258,874","27,052,976","28,055,000","26,494,949","24,258,211","23,138,437","21,100,000","18,100,000","18,000,000","18,600,000","17,400,000","18,300,000","17,900,000","17,900,000","15,900,000","16,200,000","15,600,000","12,700,000","12,400,000","12,000,000","12,300,000","11,300,000","11,400,000","10,200,000","10,900,000","11,900,000","9,500,000","9,600,000","9,800,000","9,700,000","9,000,000","9,500,000","8,900,000","6,800,000","7,400,000","7,400,000","7,000,000","7,000,000","6,800,000","7,400,000","6,800,000","7,900,000","6,800,000","5,200,000","4,500,000",,,,,,,,,,,,,,,,,,,
NetIncomeFromContinuingAndDiscontinuedOperation,"84,022,000","21,622,000","21,085,000","18,978,000","22,337,000","16,160,000","19,703,000","-1,790,000","5,541,000","-10,643,000","22,035,000","15,558,000","21,284,000","8,851,000","15,395,000","11,244,000","15,718,000","23,487,000","-166,000","8,329,000","13,240,000","11,584,000","18,251,000","10,023,000","21,063,000","16,076,000","23,547,000","17,243,000","19,924,000","16,283,578","19,965,321","13,768,710","14,925,391","10,242,341","18,445,155","16,362,769","14,546,783","13,233,649","15,363,680","15,872,937","15,985,940","11,643,656","10,020,918","9,606,021","9,465,201","9,224,855","9,717,542","9,646,755","6,373,489","7,966,133","8,742,731","11,118,900","9,900,160","9,967,001","10,813,018","11,303,641","10,122,565","7,327,720","8,091,581","8,121,834","4,146,455","6,954,030","5,244,000","5,278,974","4,211,469","2,592,699","1,734,386","1,367,549","2,132,254","1,460,024","1,198,878","907,812","1,245,283","1,228,063","1,156,032","996,105","882,990","1,419,059","1,963,849","2,619,523","2,612,716","1,757,961","2,034,802","1,835,570","2,175,781","2,150,069","2,099,000","2,052,348","1,870,726","1,793,240","1,800,000","1,600,000","1,400,000","700,000","1,100,000","1,400,000","1,600,000","2,600,000","1,300,000","1,700,000","1,600,000","1,300,000","1,100,000","900,000","900,000","700,000","700,000","600,000","600,000","-300,000","500,000","700,000","700,000","600,000","500,000","500,000","600,000","400,000","100,000","200,000","300,000","200,000","400,000","300,000","300,000","200,000","500,000","400,000","500,000",,,,,,,,,,,,,,,,,,,
NormalizedIncome,"82,602,370","21,622,000","21,085,000","18,978,000","22,337,000","15,893,235.51","20,883,424","15,744,034","5,541,000","-10,643,000","22,035,000","15,558,000","21,284,000","8,851,000","15,395,000","11,244,000","15,718,000","23,624,970","-152,800","8,807,074","13,169,300","11,618,470.035","18,210,929","10,195,032","20,987,760","16,183,531.773","23,535,480","17,223,300","19,634,408","15,146,247.997","19,149,996.672","13,770,963.632","14,908,656.31","10,374,852.585","13,571,650.253","15,817,797.816","14,532,264.898","12,067,323.774","15,175,032.104","15,694,067.321","12,182,731.388","11,094,186.876","9,897,159.591","9,332,337.655","9,201,825.353","9,865,344.198","9,557,413.972","9,370,297.703","6,134,833.184","7,966,133","8,660,952.579","10,890,951.012","9,847,027.588","9,699,536.068","10,616,292.078","10,227,935.868","9,813,767.405","7,185,993.141","7,919,307.582","7,891,986.023","4,030,091.553","6,916,041.366","5,028,081.633","5,232,268.878","3,814,875.772","2,479,131.021","1,656,442.614","1,410,030.276","2,085,052.455","1,442,007.836","1,184,051.632","914,502.346","1,262,865.013","1,121,426.67","1,163,057.781","940,389.733","768,093.847","1,169,627.907","2,033,672.759","2,686,709.851","2,687,549.146","1,729,664.706","2,103,116.997","1,880,127.213","2,220,221.208","2,066,514.078","2,149,167.896","2,098,098.311","1,911,017.074","1,656,271.542","1,924,137.931","1,600,000","1,400,000","572,727.273","1,100,000","1,400,000","1,600,000","2,420,000","1,238,095.238","1,511,111.111","1,600,000","1,423,809.524","1,038,888.889","960,000","1,020,000","700,000","820,000","600,000","540,000","-180,000","440,000","820,000","760,000","600,000","500,000","500,000","600,000","580,000","40,000","200,000","300,000","133,333.333","400,000","300,000","300,000","100,000","500,000","333,333.333","437,500",,,,,,,,,,,,,,,,,,,
InterestExpense,"6,395,000","1,314,000","1,630,000","1,754,000","1,697,000","2,272,000","2,272,000","2,470,000","2,634,000","3,030,000","3,301,000","3,548,000","3,584,000","3,430,000","3,723,000","3,980,000","3,838,000","3,593,000","3,507,000","3,400,000","3,360,000","3,573,000","3,654,000","3,580,000","3,925,000","3,543,000","3,743,000","4,023,000","3,847,000","4,029,602","4,099,062","4,223,791","4,208,545","4,662,772","4,614,787","4,651,412","4,477,687","3,270,193","3,234,340","3,227,906","3,340,166","3,485,993","3,518,978","3,463,639","3,470,539","2,484,151","1,787,161","1,768,129","1,691,115","1,691,844","1,728,621","1,731,006","1,686,557",,,,,,,,,,,,,,,,,,,,,,,,,,,,,,,,,,,,,,,,,,,,,,,,,,,,,,,,,,,,,,,,,,,,,,,,,,,,,,,,,,,,,,,,,,,,,,,
NetInterestIncome,"-6,395,000","-1,314,000","-1,630,000","-1,754,000","-1,697,000","-2,272,000","-2,272,000","-2,470,000","-2,634,000","-3,030,000","-3,301,000","-3,548,000","-3,584,000","-3,430,000","-3,723,000","-3,980,000","-3,838,000","-3,593,000","-3,507,000","-3,400,000","-3,360,000","-3,573,000","-3,654,000","-3,580,000","-3,925,000","-3,543,000","-3,743,000","-4,023,000","-3,847,000","-4,029,602","-4,099,062","-4,223,791","-4,208,545","-4,662,772","-4,614,787","-4,651,412","-4,477,687","-3,270,193","-3,234,340","-3,227,906","-3,340,166","-3,485,993","-3,518,978","-3,463,639","-3,470,539","-2,484,151","-1,787,161","-1,768,129","-1,691,115","-1,691,844","-1,728,621","-1,731,006","-1,686,557",,,,,,,,,,,,,,,,,,,,,,,,,,,,,,,,,,,,,,,,,,,,,,,,,,,,,,,,,,,,,,,,,,,,,,,,,,,,,,,,,,,,,,,,,,,,,,,
EBIT,"112,740,000","26,770,000","28,679,000","25,610,000","31,681,000","18,628,000","28,595,000","560,000","12,862,000","-7,889,000","34,171,000","21,521,000","30,550,000","13,567,000","22,460,000","17,962,000","23,987,000","5,885,000","1,539,000","14,796,000","22,092,000","20,376,000","29,600,000","14,765,000","34,740,000","24,174,000","36,451,000","25,897,000","33,002,000","23,072,510","32,777,438","22,935,988","27,905,064","21,443,052","32,526,785","30,468,572","27,879,503","23,785,400","27,405,062","27,821,108","28,429,868","20,372,807","19,686,580","19,084,815","18,435,852","16,782,903","16,976,765","17,266,386","11,662,518","14,375,569","15,604,794","19,590,541","17,650,376","20,391,716","18,170,774","18,105,032","16,412,333","11,463,464","12,774,749","12,877,839","7,164,352","11,632,379","8,376,000","8,507,196","6,467,443","4,190,385","2,709,535","2,725,828","3,804,483","2,425,531","2,280,835","1,878,883","2,447,386","2,274,946","2,564,695","2,097,235","1,911,944","2,758,676","4,190,113","5,364,888","5,451,790","3,761,158","3,932,012","3,475,319","4,046,768","3,848,625","4,031,000","3,979,030","3,686,240","3,105,997","3,600,000","2,900,000","2,700,000","1,400,000","2,000,000","2,400,000","2,800,000","2,400,000","2,200,000","2,600,000","2,800,000","2,600,000","1,900,000","1,900,000","1,900,000","1,500,000","1,600,000","1,100,000","1,200,000","-200,000","1,000,000","1,500,000","1,500,000","1,000,000","900,000","900,000","900,000","1,100,000","200,000","300,000","500,000","200,000","700,000","600,000","700,000","400,000","900,000","600,000","900,000","-12,000,000","4,300,000","4,600,000","4,500,000","-16,500,000","4,900,000","6,800,000","5,800,000","-9,100,000","4,000,000","3,400,000","2,800,000","-8,000,000","2,100,000","2,400,000","3,400,000","-13,900,000","3,500,000","4,500,000"
EBITDA,"157,405,000"
ReconciledCostOfRevenue,"677,441,000","169,437,000","174,773,000","161,332,000","171,899,000","149,859,000","171,948,000","157,278,000","171,085,000","194,261,000","223,808,000","183,504,000","223,016,000","159,291,000","189,761,000","175,883,000","203,531,000","162,650,000","177,041,000","148,938,000","159,285,000","148,055,000","173,593,000","153,159,000","179,340,000","162,757,000","179,999,000","160,741,000","169,584,000","134,879,342","164,058,332","151,315,672","160,737,654","135,286,860","144,394,673","133,877,304","132,459,556","102,399,255","104,671,793","110,073,078","89,277,551","91,294,550","85,685,729","84,281,092","83,264,145","73,304,384","75,252,872","70,538,383","53,911,073","61,232,110","55,804,749","64,543,362","65,803,751","72,167,187","79,372,838","73,782,379","73,689,403","56,707,877","66,369,431","60,365,388","56,208,362","60,606,343","48,247,000","45,850,330","38,707,784","38,951,577","35,476,076","39,693,997","35,733,458","30,129,346","31,275,844","30,001,809","32,496,335","25,848,148","26,606,757","27,739,569","30,019,152","32,293,955","35,966,785","38,306,766","38,483,488","40,126,888","27,149,034","25,480,688","24,750,832","27,214,069","22,827,055","21,301,162","19,331,577","17,960,114","16,500,000","14,500,000","14,300,000","15,300,000","14,100,000","14,900,000","14,600,000","14,700,000","12,800,000","13,000,000","12,500,000","10,000,000","9,700,000","9,400,000","9,500,000","8,700,000","9,000,000","7,800,000","8,600,000","9,800,000","7,600,000","7,100,000","7,900,000","7,200,000","7,000,000","7,600,000","6,800,000","5,400,000","6,000,000","5,900,000","5,500,000","5,500,000","5,300,000","5,800,000","5,400,000","6,300,000","5,300,000","4,100,000","3,500,000",,,,,,,,,,,,,,,,,,,
ReconciledDepreciation,"44,665,000","11,443,000","11,139,000","10,999,000","11,084,000","10,427,000","11,027,000","11,481,000","11,668,000","12,986,000","12,624,000","12,258,000","12,326,000","12,177,000","12,370,000","12,627,000","13,071,000","12,686,000","12,856,000","12,561,000","12,423,000","12,393,000","12,594,000","12,736,000","12,634,000","12,340,000","11,952,000","12,062,000","11,063,000","10,977,015","11,740,993","11,833,402","11,537,590","11,319,233","10,936,756","10,983,693","10,065,220","8,290,570","7,909,447","7,348,203","5,814,927","5,724,762","5,572,431","5,497,427","5,800,067","6,002,302","5,893,135","5,795,909","4,474,736","4,440,928","4,541,365","4,291,420","4,152,782","3,764,547","3,898,427","3,826,087","3,038,930","2,127,288","2,064,557","2,060,153","1,946,882","1,896,692","1,683,964","1,558,499","1,520,489","1,458,637","1,434,782","1,443,674","1,382,573","1,394,170","1,445,340","1,414,261","1,399,105","1,299,943","1,454,780","1,485,118","1,491,209","1,157,300","1,937,033","1,716,798","1,744,852","1,679,518","1,627,631","1,545,213","1,494,425","1,519,854","1,477,945","1,426,939","1,413,116","1,470,365","1,300,000","1,000,000","1,000,000","1,000,000","900,000","900,000","800,000","800,000","700,000","800,000","700,000","700,000","700,000","600,000","700,000","600,000","500,000","600,000","500,000","600,000","400,000","800,000",,"500,000","400,000","400,000","400,000","300,000","400,000","300,000","300,000","400,000","300,000","400,000","300,000","400,000","300,000","300,000","200,000",,,,,,,,,,,,,,,,,,,
NetIncomeFromContinuingOperationNetMinorityInterest,"84,022,000","21,622,000","21,085,000","18,978,000","22,337,000","16,160,000","19,703,000","-1,790,000","5,541,000","-10,643,000","22,035,000","15,558,000","21,284,000","8,851,000","15,395,000","11,244,000","15,718,000","23,487,000","-166,000","8,329,000","13,240,000","11,584,000","18,251,000","10,023,000","21,063,000","16,076,000","23,547,000","17,243,000","19,924,000","16,283,578","19,965,321","13,768,710","14,925,391","10,242,341","18,445,155","16,362,769","14,546,783","13,233,649","15,363,680","15,872,937","15,985,940","11,643,656","10,020,918","9,606,021","9,465,201","9,224,855","9,717,542","9,646,755","6,373,489","7,966,133","8,742,731","11,118,900","9,900,160","9,967,001","10,813,018","11,303,641","10,122,565","7,327,720","8,091,581","8,121,834","4,146,455","6,954,030","5,244,000","5,278,974","4,211,469","2,592,699","1,734,386","1,367,549","2,132,254","1,460,024","1,198,878","907,812","1,245,283","1,228,063","1,156,032","996,105","882,990","1,419,059","1,963,849","2,619,523","2,612,716","1,757,961","2,034,802","1,835,570","2,175,781","2,150,069","2,099,000","2,052,348","1,870,726","1,793,240","1,800,000","1,600,000","1,400,000","700,000","1,100,000","1,400,000","1,600,000","2,600,000","1,300,000","1,700,000","1,600,000","1,300,000","1,100,000","900,000","900,000","700,000","700,000","600,000","600,000","-300,000","500,000","700,000","700,000","600,000","500,000","500,000","600,000","400,000","100,000","200,000","300,000","200,000","400,000","300,000","300,000","200,000","500,000","400,000","500,000",,,,,,,,,,,,,,,,,,,
TotalUnusualItemsExcludingGoodwill,"1,797,000","1,797,000",,"0",,"270,000","-1,576,000","-18,693,000",,"-18,632,000",,,,,,,,"-189,000","-22,000","-654,000","100,000","-50,000","57,000","-192,000","110,000","-138,000","16,000","25,000","424,000","1,330,056","1,171,443","-3,062","26,563","-217,097","7,372,927","859,576","23,341","1,808,073","296,788","277,137","5,969,081","796,896","199,670","445,060","416,420","-992,774","250,298","444,150","373,380",,"129,796","366,139","85,675","434,515","305,553","1,727,299","481,160","221,486","270,458","363,867","191,410","61,217","345,000","73,456","632,046","174,394","108,084","-68,491","76,150","25,635","23,639","-10,614","-27,918","172,064","-11,333","89,896","185,305","414,420","-112,187","-107,791","-119,715","45,690","-110,243","-71,982","-71,683","134,120","-81,000","-73,410","-64,476","217,622","-200,000",,,"200,000",,,,"300,000","100,000","300,000",,"-200,000","100,000","-100,000","-200,000",,"-200,000",,"100,000","-200,000","100,000","-200,000","-100,000",,,,,"-300,000","100,000",,,"100,000",,,,"100,000",,"100,000","100,000",,,,,,,,,,,,,,,,,,,
TotalUnusualItems,"1,797,000","1,797,000",,"0",,"270,000","-1,576,000","-18,693,000",,"-18,632,000",,,,,,,,"-189,000","-22,000","-654,000","100,000","-50,000","57,000","-192,000","110,000","-138,000","16,000","25,000","424,000","1,330,056","1,171,443","-3,062","26,563","-217,097","7,372,927","859,576","23,341","1,808,073","296,788","277,137","5,969,081","796,896","199,670","445,060","416,420","-992,774","250,298","444,150","373,380",,"129,796","366,139","85,675","434,515","305,553","1,727,299","481,160","221,486","270,458","363,867","191,410","61,217","345,000","73,456","632,046","174,394","108,084","-68,491","76,150","25,635","23,639","-10,614","-27,918","172,064","-11,333","89,896","185,305","414,420","-112,187","-107,791","-119,715","45,690","-110,243","-71,982","-71,683","134,120","-81,000","-73,410","-64,476","217,622","-200,000",,,"200,000",,,,"300,000","100,000","300,000",,"-200,000","100,000","-100,000","-200,000",,"-200,000",,"100,000","-200,000","100,000","-200,000","-100,000",,,,,"-300,000","100,000",,,"100,000",,,,"100,000",,"100,000","100,000",,,,,,,,,,,,,,,,,,,
NormalizedEBITDA,"155,608,000","38,213,000","39,818,000","36,609,000","42,765,000","28,785,000","41,198,000","30,734,000","24,530,000","5,097,000","46,795,000","33,779,000","42,876,000","25,744,000","34,830,000","30,589,000","37,058,000","18,760,000","14,417,000","28,011,000","34,415,000","32,819,000","42,137,000","27,693,000","47,264,000","36,652,000","48,387,000","37,934,000","43,641,000","32,719,469","43,346,988","34,772,452","39,416,091","32,979,382","36,090,614","40,592,689","37,921,382","30,267,897","35,017,721","34,892,174","28,275,714","25,300,673","25,059,341","24,137,182","23,819,499","23,777,979","22,619,602","22,618,145","15,763,874","18,816,497","20,016,363","23,515,822","21,717,483","23,721,748","21,763,648","20,203,820","18,970,103","13,369,266","14,568,848","14,574,125","8,919,824","13,467,854","9,714,964","9,992,239","7,355,886","5,474,628","4,036,233","4,237,993","5,110,906","3,794,066","3,702,536","3,303,758","3,874,409","3,402,825","4,030,808","3,492,457","3,217,848","3,501,556","6,239,333","7,189,477","7,316,357","5,394,986","5,669,886","5,092,514","5,612,876","5,234,359","5,589,945","5,479,379","5,163,832","4,358,740","6,100,000","3,900,000","3,700,000","2,200,000","2,900,000","3,300,000","3,600,000","2,900,000","2,800,000","3,100,000","3,500,000","3,500,000","2,500,000","2,600,000","2,800,000","2,100,000","2,300,000","1,700,000","1,600,000","600,000","1,300,000","2,500,000","1,600,000","1,500,000","1,300,000","1,300,000","1,300,000","1,700,000","500,000","600,000","800,000","500,000","1,000,000","1,000,000","1,000,000","700,000","1,200,000","800,000","1,000,000","-12,000,000","4,300,000","4,600,000","4,500,000","-16,500,000","4,900,000","6,800,000","5,800,000","-9,100,000","4,000,000","3,400,000","2,800,000","-8,000,000","2,100,000","2,400,000","3,400,000","-13,900,000","3,500,000","4,500,000"
TaxRateForCalcs,"0.21","0.151","0.22","0.204","0.255","0.012","0.251","0.062","0.27","0.025","0.286","0.134","0.211","0.127","0.178","0.196","0.22","0.27","0.4","0.269","0.293","0.311","0.297","0.104","0.316","0.221","0.28","0.212","0.317","0.145","0.304","0.264","0.37","0.39","0.339","0.366","0.378","0.355","0.364","0.355","0.363","0.31","0.38","0.385","0.368","0.355","0.36","0.378","0.361","0.372","0.37","0.377","0.38","0.384","0.356","0.377","0.358","0.36","0.363","0.368","0.392","0.379","0.374","0.364","0.373","0.349","0.279","0.38","0.38","0.297","0.373","0.37","0.37","0.38","0.38","0.38","0.38","0.398","0.378","0.377","0.375","0.381","0.38","0.381","0.38","0.377","0.381","0.377","0.375","0.371","0.379","0.36","0.364","0.364","0.389","0.391","0.36","0.4","0.381","0.37","0.385","0.381","0.389","0.4","0.4","0.4","0.4","0.4","0.4","0.4","0.4","0.4","0.4","0.4","0.375","0.375","0.4","0.4","0.4","0.333","0.4","0.333","0.333","0.4","0.4","0","0.375","0.333","0.375",,,,,,,,,,,,,,,,,,,
TaxEffectOfUnusualItems,"377,370","0","0","0","0","3,235.51","-395,576","-1,158,966","0","0","0","0","0","0","0","0","0","-51,030","-8,800","-175,926","29,300","-15,529.965","16,929","-19,968","34,760","-30,468.227","4,480","5,300","134,408","192,725.997","356,118.672","-808.368","9,828.31","-84,585.415","2,499,422.253","314,604.816","8,822.898","641,747.774","108,140.104","98,267.321","2,165,872.388","247,426.876","75,911.591","171,376.655","153,044.353","-352,284.802","90,169.972","167,692.703","134,724.184","0","48,017.579","138,190.012","32,542.588","167,050.068","108,827.078","651,593.868","172,362.405","79,759.141","98,184.582","134,019.023","75,046.553","23,228.366","129,081.633","26,750.878","235,452.772","60,826.021","30,140.614","-26,009.724","28,948.455","7,618.836","8,812.632","-3,923.654","-10,335.987","65,427.67","-4,307.219","34,180.733","70,408.847","164,988.907","-42,363.241","-40,604.149","-44,881.854","17,393.706","-41,928.003","-27,424.787","-27,242.792","50,565.078","-30,832.104","-27,659.689","-24,184.926","80,653.542","-75,862.069","0","0","72,727.273","0","0","0","120,000","38,095.238","111,111.111","0","-76,190.476","38,888.889","-40,000","-80,000","0","-80,000","0","40,000","-80,000","40,000","-80,000","-40,000","0","0","0","0","-120,000","40,000","0","0","33,333.333","0","0","0","0","0","33,333.333","37,500",,,,,,,,,,,,,,,,,,,