name,ttm,03/31/2022,12/31/2021,09/30/2021,06/30/2021,03/31/2021,12/31/2020,09/30/2020,06/30/2020,03/31/2020,12/31/2019,09/30/2019,06/30/2019,03/31/2019,12/31/2018,09/30/2018,06/30/2018,03/31/2018,12/31/2017,09/30/2017,06/30/2017,03/31/2017,12/31/2016,09/30/2016,06/30/2016,03/31/2016,12/31/2015,09/30/2015,06/30/2015,03/31/2015,12/31/2014,09/30/2014,06/30/2014,03/31/2014,12/31/2013,09/30/2013,06/30/2013,03/31/2013,12/31/2012,09/30/2012,06/30/2012,03/31/2012,12/31/2011,09/30/2011,06/30/2011,03/31/2011,12/31/2010,09/30/2010,06/30/2010,03/31/2010,12/31/2009,09/30/2009,06/30/2009,03/31/2009,12/31/2008,09/30/2008,06/30/2008,03/31/2008,12/31/2007,09/30/2007,06/30/2007,03/31/2007,12/31/2006,09/30/2006,06/30/2006,03/31/2006,12/31/2005,09/30/2005,06/30/2005,03/31/2005,12/31/2004,09/30/2004,06/30/2004,03/31/2004,12/31/2003,09/30/2003,06/30/2003,03/31/2003,12/31/2002,09/30/2002,06/30/2002,03/31/2002,12/31/2001,09/30/2001,06/30/2001,03/31/2001,12/31/2000,09/30/2000,06/30/2000,03/31/2000,12/31/1999,09/30/1999,06/30/1999,03/31/1999,12/31/1998,09/30/1998,06/30/1998,03/31/1998,12/31/1997,09/30/1997,06/30/1997,03/31/1997,12/31/1996,09/30/1996,06/30/1996,03/31/1996,12/31/1995,09/30/1995,06/30/1995,03/31/1995,12/31/1994,09/30/1994,06/30/1994,03/31/1994,12/31/1993,09/30/1993,06/30/1993,03/31/1993,12/31/1992,09/30/1992,06/30/1992,03/31/1992,12/31/1991,09/30/1991,06/30/1991,03/31/1991,12/31/1990,09/30/1990,06/30/1990,03/31/1990,12/31/1989,09/30/1989,06/30/1989,03/31/1989,12/31/1988,09/30/1988,06/30/1988,03/31/1988,12/31/1987,09/30/1987,06/30/1987,03/31/1987,12/31/1986,09/30/1986,06/30/1986,03/31/1986,12/31/1985,09/30/1985
TotalRevenue,"1,269,600,000","312,383,000","311,000,000","325,059,000","321,158,000","301,629,000","289,125,000","269,059,000","235,537,000","330,671,000","370,171,000","372,587,000","371,669,000","376,692,000","384,117,000","369,797,000","375,315,000","366,660,000","373,048,000","357,156,000","364,493,000","341,802,000","324,168,000","311,561,000","306,693,000","288,332,000","287,026,000","291,434,000","314,941,000","300,573,000","310,174,000","317,659,000","322,074,000","312,099,000","291,136,000","269,491,000","267,394,000","263,545,000","327,382,000","306,059,000","293,422,000","303,096,000","197,257,000","325,394,000","327,950,000","318,754,000","283,269,000","289,901,000","281,892,000","278,137,000","256,469,000","260,339,000","255,201,000","262,150,000","253,515,000","337,135,000","382,873,000","388,568,000","358,940,000","360,386,000","359,526,000","360,650,000","328,830,000","322,048,000","308,927,000","299,851,000","276,406,000","271,518,000","280,520,000","273,730,000","251,602,000","243,928,000","251,951,000","247,228,000","220,337,000","222,160,000","229,587,000","218,734,000","183,616,000","196,799,000","209,385,000","194,236,000","183,607,000","186,500,000","199,464,000","199,250,000","187,991,000","190,570,000","188,465,000","173,007,000","149,800,000","154,000,000","156,300,000","162,200,000","154,900,000","158,300,000","169,200,000","168,900,000","160,200,000","158,500,000","165,900,000","158,100,000","145,200,000","147,100,000","152,600,000","150,100,000","141,200,000","141,700,000","151,000,000","158,600,000","143,700,000","140,300,000","143,200,000","142,100,000","124,700,000","123,100,000","127,500,000","127,000,000","125,200,000","132,000,000","137,300,000","134,600,000","127,800,000","136,700,000","140,200,000","130,900,000","129,600,000","134,000,000","141,100,000","141,200,000","126,100,000","122,200,000","134,100,000","128,700,000","118,800,000","121,400,000","130,600,000","125,300,000","114,800,000","113,100,000","116,500,000","113,600,000","104,800,000","113,000,000","112,600,000","109,300,000","108,500,000","104,200,000"
	OperatingRevenue,"1,269,600,000","312,383,000","311,000,000","325,059,000","321,158,000","301,629,000","289,125,000","269,059,000","235,537,000","330,671,000","370,171,000","372,587,000","371,669,000","376,692,000","384,117,000","369,797,000","375,315,000","366,660,000","373,048,000","357,156,000","364,493,000","341,802,000","324,168,000","311,561,000","306,693,000","288,332,000","287,026,000","291,434,000","314,941,000","300,573,000","310,174,000","317,659,000","322,074,000","312,099,000","291,136,000","269,491,000","267,394,000","263,545,000","327,382,000","306,059,000","293,422,000","303,096,000","197,257,000","325,394,000","327,950,000","318,754,000","283,269,000","289,901,000","281,892,000","278,137,000","256,469,000","260,339,000","255,201,000","262,150,000","253,515,000","337,135,000","382,873,000","388,568,000","358,940,000","360,386,000","359,526,000","360,650,000","328,830,000","322,048,000","308,927,000","299,851,000","276,406,000","271,518,000","280,520,000","273,730,000","251,602,000","243,928,000","251,951,000","247,228,000","220,337,000","222,160,000","229,587,000","218,734,000","183,616,000","196,799,000","209,385,000","194,236,000","183,607,000","186,500,000","199,464,000","199,250,000","187,991,000","190,570,000","188,465,000","173,007,000","149,800,000","154,000,000","156,300,000","162,200,000","154,900,000","158,300,000","169,200,000","168,900,000","160,200,000","158,500,000","165,900,000","158,100,000","145,200,000","147,100,000","152,600,000","150,100,000","141,200,000","141,700,000","151,000,000","158,600,000","143,700,000","140,300,000","143,200,000","142,100,000","124,700,000","123,100,000","127,500,000","127,000,000","125,200,000","132,000,000","137,300,000","134,600,000","127,800,000","136,700,000","140,200,000","130,900,000","129,600,000","134,000,000","141,100,000","141,200,000","126,100,000","122,200,000","134,100,000","128,700,000","118,800,000","121,400,000","130,600,000","125,300,000","114,800,000","113,100,000","116,500,000","113,600,000","104,800,000","113,000,000","112,600,000","109,300,000","108,500,000","104,200,000"
CostOfRevenue,"816,344,000","207,190,000","200,907,000","205,079,000","203,168,000","194,696,000","189,024,000","176,908,000","147,058,000","208,248,000","226,784,000","234,421,000","238,306,000","244,643,000","251,902,000","236,880,000","237,608,000","237,134,000","246,933,000","236,016,000","236,506,000","219,833,000","208,271,000","198,600,000","197,173,000","186,255,000","189,208,000","191,132,000","204,121,000","198,355,000","196,977,000","206,410,000","211,705,000","214,557,000","193,555,000","189,488,000","177,411,000","177,715,000","208,752,000","208,571,000","193,088,000","201,781,000","150,997,000","210,864,000","207,361,000","203,175,000","183,211,000","184,989,000","177,821,000","178,023,000","167,741,000","170,491,000","165,712,000","167,165,000","163,438,000","209,830,000","234,547,000","239,826,000","225,797,000","226,139,000","219,832,000","220,917,000","204,976,000","203,493,000","198,370,000","190,633,000","178,916,000","172,070,000","178,754,000","175,748,000","168,242,000","159,972,000","164,298,000","162,060,000","144,642,000","143,651,000","146,312,000","142,230,000","122,976,000","134,524,000","142,206,000","130,298,000","127,906,000","125,178,000","133,890,000","132,562,000","116,244,000","114,585,000","113,920,000","108,014,000","96,600,000","96,300,000","99,300,000","102,100,000","97,300,000","100,700,000","105,100,000","104,300,000","100,000,000","98,200,000","104,100,000","96,200,000","87,600,000","88,300,000","91,900,000","90,300,000","86,900,000","85,300,000","89,500,000","93,700,000","89,100,000","83,600,000","85,900,000","84,200,000","78,000,000","73,700,000","74,200,000","75,000,000","74,400,000","77,200,000","83,200,000","77,500,000","74,400,000","81,100,000","81,200,000","77,500,000","76,700,000","79,700,000","82,700,000","83,800,000","62,200,000","76,200,000","83,500,000",,,,,,,,,,,,,,,
GrossProfit,"453,256,000","105,193,000","110,093,000","119,980,000","117,990,000","106,933,000","100,101,000","92,151,000","88,479,000","122,423,000","143,387,000","138,166,000","133,363,000","132,049,000","132,215,000","132,917,000","137,707,000","129,526,000","126,115,000","121,140,000","127,987,000","121,969,000","115,897,000","112,961,000","109,520,000","102,077,000","97,818,000","100,302,000","110,820,000","102,218,000","113,197,000","111,249,000","110,369,000","97,542,000","97,581,000","80,003,000","89,983,000","85,830,000","118,630,000","97,488,000","100,334,000","101,315,000","46,260,000","114,530,000","120,589,000","115,579,000","100,058,000","104,912,000","104,071,000","100,114,000","88,728,000","89,848,000","89,489,000","94,985,000","90,077,000","127,305,000","148,326,000","148,742,000","133,143,000","134,247,000","139,694,000","139,733,000","123,854,000","118,555,000","110,557,000","109,218,000","97,490,000","99,448,000","101,766,000","97,982,000","83,360,000","83,956,000","87,653,000","85,168,000","75,695,000","78,509,000","83,275,000","76,504,000","60,640,000","62,275,000","67,179,000","63,938,000","55,701,000","61,322,000","65,574,000","66,688,000","71,747,000","75,985,000","74,545,000","64,993,000","53,200,000","57,700,000","57,000,000","60,100,000","57,600,000","57,600,000","64,100,000","64,600,000","60,200,000","60,300,000","61,800,000","61,900,000","57,600,000","58,800,000","60,700,000","59,800,000","54,300,000","56,400,000","61,500,000","64,900,000","54,600,000","56,700,000","57,300,000","57,900,000","46,700,000","49,400,000","53,300,000","52,000,000","50,800,000","54,800,000","54,100,000","57,100,000","53,400,000","55,600,000","59,000,000","53,400,000","52,900,000","54,300,000","58,400,000","57,400,000","63,900,000","46,000,000","50,600,000",,,,,,,,,,,,,,,
OperatingExpense,"304,505,000","74,080,000","74,707,000","76,271,000","79,447,000","74,553,000","67,403,000","60,908,000","78,364,000","73,110,000","82,131,000","70,581,000","76,406,000","81,400,000","74,606,000","73,854,000","73,828,000","72,893,000","76,300,000","73,354,000","70,847,000","66,221,000","62,330,000","61,144,000","62,060,000","60,550,000","64,944,000","56,555,000","60,171,000","58,323,000","64,614,000","60,364,000","64,988,000","62,418,000","59,874,000","51,972,000","53,834,000","60,875,000","76,507,000","67,817,000","66,208,000","68,302,000","14,620,000","81,586,000","87,067,000","86,130,000","81,710,000","80,079,000","80,389,000","80,447,000","77,373,000","75,291,000","75,343,000","74,528,000","82,100,000","86,254,000","99,314,000","98,842,000","104,322,000","94,157,000","99,399,000","96,565,000","94,209,000","87,989,000","81,839,000","81,111,000","78,373,000","76,824,000","77,906,000","76,888,000","75,719,000","69,187,000","69,906,000","69,411,000","66,929,000","64,470,000","67,290,000","63,294,000","51,138,000","52,256,000","53,417,000","52,381,000","324,445,000","49,702,000","52,134,000","52,935,000","57,653,000","59,023,000","58,345,000","49,274,000","48,700,000","44,400,000","44,500,000","45,300,000","45,400,000","40,600,000","57,200,000","45,300,000","44,800,000","44,200,000","44,200,000","45,200,000","42,600,000","44,100,000","46,300,000","48,600,000","44,700,000","45,300,000","48,100,000","50,400,000","46,500,000","46,500,000","47,700,000","49,100,000","47,300,000","44,600,000","46,500,000","50,500,000","59,300,000","47,600,000","53,100,000","49,400,000","43,000,000","44,300,000","48,200,000","47,900,000","44,500,000","43,700,000","46,100,000","47,400,000","60,200,000","36,500,000","38,500,000",,,,,,,,,,,,,,,
	SellingGeneralAndAdministration,"304,505,000","74,080,000","74,707,000","76,271,000","79,447,000","74,553,000","67,403,000","60,908,000","78,364,000","73,110,000","82,131,000","70,581,000","76,406,000","81,400,000","74,606,000","73,854,000","73,828,000","72,893,000","76,300,000","73,354,000","70,847,000","66,221,000","62,330,000","61,144,000","62,060,000","60,550,000","64,944,000","56,555,000","60,171,000","58,323,000","64,614,000","60,364,000","64,988,000","62,418,000","59,874,000","51,972,000","53,834,000","60,875,000","76,507,000","67,817,000","66,208,000","68,302,000","14,620,000","81,586,000","87,067,000","86,130,000","81,710,000","80,079,000","80,389,000","80,447,000","77,373,000","75,291,000","75,343,000","74,528,000","82,100,000","86,254,000","99,314,000","98,842,000","104,322,000","94,157,000","99,399,000","96,565,000","94,209,000","87,989,000","81,839,000","81,111,000","78,373,000","76,824,000","77,906,000","76,888,000","75,719,000","69,187,000","69,906,000","69,411,000","66,929,000","64,470,000","67,290,000","63,294,000","51,138,000","52,256,000","53,417,000","52,381,000","54,194,000","49,702,000","52,134,000","52,935,000","47,978,000","50,058,000","49,418,000","40,970,000","40,900,000","37,000,000","36,500,000","37,900,000","37,900,000","33,800,000","50,100,000","38,200,000","37,700,000","37,100,000","37,100,000","38,400,000","36,500,000","37,500,000","39,300,000","41,700,000","38,400,000","38,700,000","41,400,000","43,200,000","41,300,000","40,400,000","41,800,000","42,600,000","42,100,000","39,000,000","40,300,000","44,400,000","53,400,000","41,500,000","47,300,000","43,400,000","37,500,000","38,600,000","41,800,000","42,400,000","38,100,000","38,900,000","40,700,000","42,000,000","42,000,000","36,500,000","38,500,000",,,,,,,,,,,,,,,
	DepreciationAmortizationDepletionIncomeStatement,,,,,,,,,,,,,,,,,,,,,,,,,,,,,,,,,,,,,,,,,,,,,,,,,,,,,,,,,,,,,,,,,,,,,,,,,,,,,,,,,,,,,,,"9,675,000","8,965,000","8,927,000","8,304,000","7,800,000","7,400,000","8,000,000","7,400,000","7,500,000","6,800,000","7,100,000","7,100,000","7,100,000","7,100,000","7,100,000","6,800,000","6,100,000","6,600,000","7,000,000","6,900,000","6,300,000","6,600,000","6,700,000","7,200,000","5,200,000","6,100,000","5,900,000","6,500,000","5,200,000","5,600,000","6,200,000","6,100,000","5,900,000","6,100,000","5,800,000","6,000,000","5,500,000","5,700,000","6,400,000","5,500,000","6,400,000","4,800,000","5,400,000","5,400,000",,,,,,,,,,,,,,,,,,
		DepreciationAndAmortizationInIncomeStatement,,,,,,,,,,,,,,,,,,,,,,,,,,,,,,,,,,,,,,,,,,,,,,,,,,,,,,,,,,,,,,,,,,,,,,,,,,,,,,,,,,,,,,,"9,675,000","8,965,000","8,927,000","8,304,000","7,800,000","7,400,000","8,000,000","7,400,000","7,500,000","6,800,000","7,100,000","7,100,000","7,100,000","7,100,000","7,100,000","6,800,000","6,100,000","6,600,000","7,000,000","6,900,000","6,300,000","6,600,000","6,700,000","7,200,000","5,200,000","6,100,000","5,900,000","6,500,000","5,200,000","5,600,000","6,200,000","6,100,000","5,900,000","6,100,000","5,800,000","6,000,000","5,500,000","5,700,000","6,400,000","5,500,000","6,400,000","4,800,000","5,400,000","5,400,000",,,,,,,,,,,,,,,,,,
OperatingIncome,"148,751,000","31,113,000","35,386,000","43,709,000","38,543,000","32,380,000","32,698,000","31,243,000","10,115,000","49,313,000","61,256,000","67,585,000","56,957,000","50,649,000","57,609,000","59,063,000","63,879,000","56,633,000","49,815,000","47,786,000","57,140,000","55,748,000","53,567,000","51,817,000","47,460,000","41,527,000","32,874,000","43,747,000","50,649,000","43,895,000","48,583,000","50,885,000","45,381,000","35,124,000","37,707,000","28,031,000","36,149,000","24,955,000","42,123,000","29,671,000","34,126,000","33,013,000","31,640,000","32,944,000","33,522,000","29,449,000","18,348,000","24,833,000","23,682,000","19,667,000","11,355,000","14,557,000","14,146,000","20,457,000","7,977,000","41,051,000","49,012,000","49,900,000","28,821,000","40,090,000","40,295,000","43,168,000","29,645,000","30,566,000","28,718,000","28,107,000","19,117,000","22,624,000","23,860,000","21,094,000","7,641,000","14,769,000","17,747,000","15,757,000","8,766,000","14,039,000","15,985,000","13,210,000","9,502,000","10,019,000","13,762,000","11,557,000","-268,744,000","11,620,000","13,440,000","13,753,000","14,094,000","16,962,000","16,200,000","15,719,000","4,500,000","13,300,000","12,500,000","14,800,000","12,200,000","17,000,000","6,900,000","19,300,000","15,400,000","16,100,000","17,600,000","16,700,000","15,000,000","14,700,000","14,400,000","11,200,000","9,600,000","11,100,000","13,400,000","14,500,000","8,100,000","10,200,000","9,600,000","8,800,000","-600,000","4,800,000","6,800,000","1,500,000","-8,500,000","7,200,000","1,000,000","7,700,000","10,400,000","11,300,000","10,800,000","5,500,000","8,400,000","10,600,000","12,300,000","10,000,000","3,700,000","9,500,000","12,100,000","128,700,000","-333,500,000","121,400,000","130,600,000","125,300,000","-298,100,000","113,100,000","116,500,000","113,600,000","-291,900,000","113,000,000","112,600,000","109,300,000","-282,500,000","104,200,000"
NetNonOperatingInterestIncomeExpense,"-15,834,000","-3,567,000","-3,766,000","-4,027,000","-4,475,000","-3,942,000","-4,020,000","-3,701,000","-3,898,000","-4,324,000","-4,773,000","-5,344,000","-5,399,000","-5,113,000","-4,763,000","-4,054,000","-4,133,000","-3,892,000","-3,933,000","-3,748,000","-3,541,000","-3,349,000","-3,057,000","-3,020,000","-2,815,000","-2,991,000","-2,754,000","-2,637,000","-2,586,000","-2,720,000","-2,834,000","-2,435,000","-2,804,000","-3,319,000","-3,090,000","-2,401,000","-3,241,000","-4,357,000","-4,192,000","-3,243,000","-2,435,000","-2,368,000","-2,321,000","-1,917,000","-2,364,000","-3,668,000","-4,741,000","-5,177,000","-4,978,000","-5,118,000","-5,362,000","-5,293,000","-6,004,000","-5,936,000",,,,,,,,,,,,,,,,,,,,,,,,,,,,,,,,,,,,,,,,,,,,,,,,,,,,,,,,,,,,,,,,,,,,,,,,,,,,,,,,,,,,,,,,,,,,,,
	InterestExpenseNonOperating,"15,834,000","3,567,000","3,766,000","4,027,000","4,475,000","3,942,000","4,020,000","3,701,000","3,898,000","4,324,000","4,773,000","5,344,000","5,399,000","5,113,000","4,763,000","4,054,000","4,133,000","3,892,000","3,933,000","3,748,000","3,541,000","3,349,000","3,057,000","3,020,000","2,815,000","2,991,000","2,754,000","2,637,000","2,586,000","2,720,000","2,834,000","2,435,000","2,804,000","3,319,000","3,090,000","2,401,000","3,241,000","4,357,000","4,192,000","3,243,000","2,435,000","2,368,000","2,321,000","1,917,000","2,364,000","3,668,000","4,741,000","5,177,000","4,978,000","5,118,000","5,362,000","5,293,000","6,004,000","5,936,000",,,,,,,,,,,,,,,,,,,,,,,,,,,,,,,,,,,,,,,,,,,,,,,,,,,,,,,,,,,,,,,,,,,,,,,,,,,,,,,,,,,,,,,,,,,,,,
OtherIncomeExpense,"-6,159,000","-1,630,000","-2,040,000","-1,217,000","-1,272,000","-1,463,000","-3,231,000","-47,000","-1,060,000","-1,594,000","-2,932,000","-2,524,000","-1,712,000","-1,806,000","-7,691,000","-2,447,000","-947,000","-1,763,000","555,000","-357,000","-394,000","-23,000","157,000","-621,000","824,000","-227,000","-2,749,000","545,000","-237,000","-81,000","-314,000","-741,000","-792,000","-234,000","-4,477,000","-241,000","-495,000","-966,000","-3,249,000","-851,000","-95,000","-853,000","-17,000","425,000","-298,000","-505,000","-319,000","-773,000","-1,065,000","-324,000","-620,000","1,252,000","1,815,000","-420,000","-489,000","69,000","-270,000","-1,637,000","14,000","-59,000","68,000","-98,000","-265,000","-330,000","772,000","-280,000","-31,000","358,000","9,097,000","-107,000","-263,000","-50,000","580,000","568,000","905,000","600,000","368,000","335,000","115,000","1,989,000","700,000","290,000","-970,000","-169,000","207,000","232,000","173,000","-178,000","78,000","682,000","-600,000","900,000","1,100,000","2,000,000","100,000","1,200,000","1,500,000","700,000","800,000","1,300,000","900,000","700,000","300,000","500,000","700,000","600,000","500,000","600,000","100,000","800,000","1,100,000","200,000","400,000","700,000","300,000","500,000","-100,000","300,000","6,100,000","500,000","100,000","200,000","-600,000","-400,000","400,000","400,000","1,400,000","-600,000","-800,000","-1,000,000","-1,100,000","-700,000","1,100,000",,,,,,,,,,,,,,,
	SpecialIncomeCharges,,,,,,,,,,,,,,,,,,,,,,,,,,,,,,,,,,,,,,,"-578,000","-851,000","-95,000","-853,000","-17,000","425,000","-298,000","-505,000","-319,000","-773,000","-1,065,000","-324,000","-620,000","1,252,000","1,815,000","-420,000","-489,000","69,000","-270,000","-1,637,000","14,000","-59,000","68,000","-98,000","-265,000","-330,000","772,000","-280,000","-31,000","358,000","9,097,000","-107,000","-263,000","-50,000","580,000","568,000","905,000","600,000","368,000","335,000","115,000","1,989,000","700,000","290,000","-970,000","-169,000","207,000","232,000","173,000","-178,000","78,000","682,000","-600,000","900,000","1,100,000","2,000,000","100,000","1,200,000","1,500,000","700,000","800,000","1,300,000","900,000","700,000","300,000","500,000","700,000","600,000","500,000","600,000","100,000","800,000","1,100,000","200,000","400,000","700,000","300,000","500,000","-100,000","300,000","6,100,000","500,000","100,000","200,000","-600,000","-400,000","400,000","400,000","1,400,000","-600,000","-800,000","-1,000,000","-1,100,000","-700,000","1,100,000",,,,,,,,,,,,,,,
	OtherNonOperatingIncomeExpenses,"-6,159,000","-1,630,000","-2,040,000","-1,217,000","-1,272,000","-1,463,000","-3,231,000","-47,000","-1,060,000","-1,594,000","-2,932,000","-2,524,000","-1,712,000","-1,806,000","-2,271,000","-2,447,000","-947,000","-1,763,000","765,000","-357,000","-394,000","-23,000","2,350,000","-621,000","824,000","-227,000","20,000","545,000","-237,000","-81,000","-314,000","-741,000","-792,000","-234,000","-835,000","-241,000","-495,000","-966,000","-873,000",,,,,,,,,,,,,,,,,,,,,,,,,,,,,,,,,,,,,,,,,,,,,,,,,,,,,,,,,,,,,,,,,,,,,,,,,,,,,,,,,,,,,,,,,,,,,,,,,,,,,,,,,,,,,
PretaxIncome,"126,758,000","25,916,000","29,580,000","38,465,000","32,796,000","26,975,000","25,447,000","27,495,000","5,157,000","43,395,000","53,551,000","59,717,000","49,846,000","43,730,000","45,155,000","52,562,000","58,799,000","50,978,000","46,437,000","43,681,000","53,205,000","52,376,000","50,667,000","48,176,000","45,469,000","38,309,000","27,371,000","41,655,000","47,826,000","41,094,000","45,435,000","47,709,000","41,785,000","31,571,000","30,140,000","25,389,000","32,413,000","19,632,000","34,682,000","25,577,000","31,596,000","29,792,000","29,302,000","31,452,000","30,860,000","25,276,000","13,288,000","18,883,000","17,639,000","14,225,000","5,373,000","10,516,000","9,957,000","14,101,000","3,129,000","36,385,000","43,617,000","42,965,000","23,315,000","33,869,000","33,874,000","36,098,000","22,595,000","23,468,000","23,739,000","23,440,000","14,427,000","18,595,000","28,619,000","16,820,000","3,251,000","10,962,000","14,623,000","12,523,000","6,037,000","10,678,000","12,218,000","9,435,000","5,689,000","8,131,000","10,834,000","8,457,000","-3,057,000","7,603,000","9,161,000","9,752,000","9,377,000","12,776,000","12,814,000","13,623,000","1,500,000","12,700,000","12,800,000","15,900,000","11,200,000","17,100,000","7,400,000","18,900,000","14,900,000","16,200,000","17,100,000","16,200,000","14,200,000","13,800,000","13,800,000","10,500,000","9,300,000","10,400,000","12,000,000","13,800,000","8,000,000","9,100,000","8,700,000","8,200,000","-1,500,000","4,100,000","5,300,000","500,000","-4,000,000","6,200,000","-800,000","6,200,000","7,600,000","8,800,000","8,800,000","3,400,000","7,200,000","7,400,000","8,800,000","6,600,000","100,000","6,300,000","10,600,000",,,,,,,,,,,,,,,
TaxProvision,"25,783,000","5,432,000","1,443,000","10,602,000","8,305,000","7,593,000","7,730,000","12,137,000","4,590,000","13,662,000","12,578,000","13,948,000","12,230,000","9,738,000","6,326,000","13,453,000","9,370,000","12,160,000","105,685,000","8,348,000","8,178,000","14,073,000","13,954,000","11,348,000","12,257,000","9,461,000","2,965,000","7,984,000","13,599,000","12,018,000","12,177,000","13,407,000","11,557,000","8,819,000","3,827,000","4,008,000","23,218,000","4,199,000","4,887,000","4,847,000","6,798,000","6,818,000","2,378,000","8,207,000","8,528,000","6,204,000","1,766,000","3,779,000","2,815,000","2,396,000","-833,000","-373,000","-490,000","2,642,000","3,025,000","7,453,000","9,002,000","9,534,000","5,681,000","6,208,000","5,487,000","8,443,000","4,091,000","4,607,000","5,721,000","4,978,000","2,388,000","1,241,000","9,887,000","4,037,000","-22,000","1,736,000","3,364,000","2,880,000","-919,000","1,725,000","2,471,000","2,076,000","887,000","1,215,000","2,167,000","1,691,000","-2,291,000","1,901,000","2,290,000","2,438,000","1,553,000","3,441,000","3,708,000","4,223,000","-100,000","3,800,000","4,600,000","5,900,000","3,900,000","6,400,000","2,800,000","7,100,000","5,500,000","6,100,000","6,400,000","6,100,000","5,600,000","5,100,000","5,100,000","3,900,000","3,700,000","4,100,000","4,700,000","5,500,000","3,500,000","3,700,000","3,200,000","3,300,000","100,000","1,300,000","2,400,000","200,000","-2,700,000","2,400,000","-400,000","2,500,000","3,600,000","3,800,000","3,900,000","1,500,000","2,700,000","3,500,000","4,100,000","2,900,000","600,000","3,000,000","4,500,000",,,,,,,,,,,,,,,
NetIncomeCommonStockholders,"100,975,000","20,484,000","28,137,000","27,863,000","24,491,000","19,382,000","17,717,000","15,358,000","567,000","29,733,000","40,973,000","45,769,000","37,616,000","33,992,000","38,829,000","39,109,000","49,429,000","38,818,000","-59,248,000","35,333,000","45,027,000","38,303,000","36,713,000","36,828,000","33,212,000","28,848,000","24,406,000","33,671,000","34,227,000","29,076,000","31,512,000","33,877,000","30,228,000","22,752,000","26,823,000","20,905,000","209,327,000","13,472,000","29,730,000","18,481,000","24,831,000","22,207,000","66,000","23,245,000","22,332,000","19,072,000","11,522,000","15,104,000","14,824,000","11,829,000","6,206,000","10,889,000","10,447,000","11,459,000","-9,999,000","28,932,000","34,615,000","33,431,000","17,634,000","27,661,000","28,387,000","27,655,000","18,504,000","18,861,000","18,018,000","18,462,000","11,648,000","17,354,000","18,732,000","12,783,000","3,273,000","9,226,000","11,259,000","9,643,000","6,956,000","8,953,000","9,747,000","7,359,000","4,802,000","6,916,000","8,667,000","6,766,000","-766,000","5,702,000","6,871,000","7,314,000","7,824,000","9,335,000","9,106,000","9,400,000","1,600,000","8,900,000","8,200,000","10,000,000","7,300,000","10,700,000","4,600,000","11,800,000","9,400,000","10,100,000","10,700,000","10,100,000","8,600,000","8,700,000","8,700,000","6,600,000","5,600,000","6,300,000","7,300,000","8,300,000","4,500,000","5,400,000","5,500,000","4,900,000","-1,600,000","2,800,000","2,900,000","300,000","-42,000,000","3,800,000","-400,000","3,700,000","4,000,000","5,000,000","4,900,000","1,900,000","4,500,000","3,900,000","4,700,000","3,700,000","-500,000","3,100,000","5,600,000",,,,,,,,,,,,,,,
	NetIncome,"100,975,000","20,484,000","28,137,000","27,863,000","24,491,000","19,382,000","17,717,000","15,358,000","567,000","29,733,000","40,973,000","45,769,000","37,616,000","33,992,000","38,829,000","39,109,000","49,429,000","38,818,000","-59,248,000","35,333,000","45,027,000","38,303,000","36,713,000","36,828,000","33,212,000","28,848,000","24,406,000","33,671,000","34,227,000","29,076,000","31,512,000","33,877,000","30,228,000","22,752,000","26,823,000","20,905,000","209,327,000","13,472,000","29,730,000","18,481,000","24,831,000","22,207,000","66,000","23,245,000","22,332,000","19,072,000","11,522,000","15,104,000","14,824,000","11,829,000","6,206,000","10,889,000","10,447,000","11,459,000","-9,999,000","28,932,000","34,615,000","33,431,000","17,634,000","27,661,000","28,387,000","27,655,000","18,504,000","18,861,000","18,018,000","18,462,000","11,648,000","17,354,000","18,732,000","12,783,000","3,273,000","9,226,000","11,259,000","9,643,000","6,956,000","8,953,000","9,747,000","7,359,000","4,802,000","6,916,000","8,667,000","6,766,000","-766,000","5,702,000","6,871,000","7,314,000","7,824,000","9,335,000","9,106,000","9,400,000","1,600,000","8,900,000","8,200,000","10,000,000","7,300,000","10,700,000","4,600,000","11,800,000","9,400,000","10,100,000","10,700,000","10,100,000","8,600,000","8,700,000","8,700,000","6,600,000","5,600,000","6,300,000","7,300,000","8,300,000","4,500,000","5,400,000","5,500,000","4,900,000","-1,600,000","2,800,000","2,900,000","300,000","-42,000,000","3,800,000","-400,000","3,700,000","4,000,000","5,000,000","4,900,000","1,900,000","4,500,000","3,900,000","4,700,000","3,700,000","-500,000","3,300,000","6,100,000",,,,,,,,,,,,,,,
		NetIncomeIncludingNoncontrollingInterests,"100,975,000","20,484,000","28,137,000","27,863,000","24,491,000","19,382,000","17,717,000","15,358,000","567,000","29,733,000","40,973,000","45,769,000","37,616,000","33,992,000","38,829,000","39,109,000","49,429,000","38,818,000","-59,248,000","35,333,000","45,027,000","38,303,000","36,713,000","36,828,000","33,212,000","28,848,000","24,406,000","33,671,000","34,227,000","29,076,000","31,512,000","33,877,000","30,228,000","22,752,000","26,823,000","20,905,000","209,327,000","13,472,000","29,730,000","18,481,000","24,831,000","22,207,000","66,000","23,245,000","22,332,000","19,072,000","11,522,000","15,104,000","14,824,000","11,829,000","6,206,000","10,889,000","10,447,000","11,459,000","-9,999,000","28,932,000","34,615,000","33,431,000","17,634,000","27,661,000","28,387,000","27,655,000","18,504,000","18,861,000","18,018,000","18,462,000","11,648,000","17,354,000","18,732,000","12,783,000","3,273,000","9,226,000","11,259,000","9,643,000","6,956,000","8,953,000","9,747,000","7,359,000","4,802,000","6,916,000","8,667,000","6,766,000","-766,000","5,702,000","6,871,000","7,314,000","7,824,000","9,335,000","9,106,000","9,400,000","1,600,000","8,900,000","8,200,000","10,000,000","7,300,000","10,700,000","4,600,000","11,800,000","9,400,000","10,100,000","10,700,000","10,100,000","8,600,000","8,700,000","8,700,000","6,600,000","5,600,000","6,300,000","7,300,000","8,300,000","4,500,000","5,400,000","5,500,000","4,900,000","-1,600,000","2,800,000","2,900,000","300,000","-42,000,000","3,800,000","-400,000","3,700,000","4,000,000","5,000,000","4,900,000","1,900,000","4,500,000","3,900,000","4,700,000","3,700,000","-500,000","3,300,000","6,100,000","3,500,000","4,000,000","5,200,000","5,700,000","3,900,000","4,600,000","5,200,000","5,500,000","2,500,000","3,000,000","5,000,000","5,000,000","3,500,000","3,100,000","4,300,000"
			NetIncomeContinuousOperations,"100,975,000","20,484,000","28,137,000","27,863,000","24,491,000","19,382,000","17,717,000","15,358,000","567,000","29,733,000","40,973,000","45,769,000","37,616,000","33,992,000","38,829,000","39,109,000","49,429,000","38,818,000","-59,248,000","35,333,000","45,027,000","38,303,000","36,713,000","36,828,000","33,212,000","28,848,000","24,406,000","33,671,000","34,227,000","29,076,000","33,258,000","34,302,000","30,228,000","22,752,000","26,313,000","21,381,000","9,195,000","15,433,000","29,795,000","20,730,000","24,798,000","22,974,000","26,924,000","23,245,000","22,332,000","19,072,000","11,522,000","15,104,000","14,824,000","11,829,000","6,206,000","10,889,000","10,447,000","11,459,000","104,000","28,932,000","34,615,000","33,431,000","17,634,000","27,661,000","28,387,000","27,655,000","18,504,000","18,861,000","18,018,000","18,462,000","12,039,000","17,354,000","18,732,000","12,783,000","3,273,000","9,226,000","11,259,000","9,643,000","6,956,000","8,953,000","9,747,000","7,359,000","4,802,000","6,916,000","8,667,000","6,766,000","-766,000","5,702,000","6,871,000","7,314,000","7,824,000","9,335,000","9,106,000","9,400,000","1,600,000","8,900,000","8,200,000","10,000,000","7,300,000","10,700,000","4,600,000","11,800,000","9,400,000","10,100,000","10,700,000","10,100,000","8,600,000","8,700,000","8,700,000","6,600,000","5,600,000","6,300,000","7,300,000","8,300,000","4,500,000","5,400,000","5,500,000","4,900,000","-1,600,000","2,800,000","2,900,000","300,000","-1,300,000","3,800,000","-400,000","3,700,000","4,000,000","5,000,000","4,900,000","1,900,000","4,500,000","3,900,000","4,700,000","3,700,000","-500,000","3,300,000","6,100,000","3,500,000","4,000,000","5,200,000","5,700,000","3,900,000","4,600,000","5,200,000","5,500,000","2,500,000","3,000,000","5,000,000","5,000,000","3,500,000","3,100,000","4,300,000"
			NetIncomeDiscontinuousOperations,,,,,,,,,,,,,,,,,,,,,,,,,,,"0","0",,,"-1,746,000","-425,000","0","0","510,000","-476,000","200,132,000","-1,961,000","-65,000","-2,249,000","33,000","-767,000",,,,,,,,,"0","0","0","0",,,,,,,,,,,,,,,,,,,,,,,,,,,,,,,,,,,,,,,,,,,,,,,,,,,,,,,,,,,,,,,,,,,,,,,,,,,,,,,,,,,,,,,,,,,,,"0",
	PreferredStockDividends,,,,,,,,,,,,,,,,,,,,,,,,,,,,,,,,,,,,,,,,,,,,,,,,,,,,,,,,,,,,,,,,,,,,,,,,,,,,,,,,,,,,,,,,,,,,,,,,,,,,,,,,,,,,,,,,,,,,,,,,,,,,,,,,,,,"0","200,000","500,000",,,,,,,,,,,,,,,
DilutedNIAvailtoComStockholders,"100,975,000","20,484,000","28,137,000","27,863,000","24,491,000","19,382,000","17,717,000","15,358,000","567,000","29,733,000","40,973,000","45,769,000","37,616,000","33,992,000","38,829,000","39,109,000","49,429,000","38,818,000","-59,248,000","35,333,000","45,027,000","38,303,000","36,713,000","36,828,000","33,212,000","28,848,000","24,406,000","33,671,000","34,227,000","29,076,000","31,512,000","33,877,000","30,228,000","22,752,000","26,823,000","20,905,000","209,327,000","13,472,000","29,730,000","18,481,000","24,831,000","22,207,000","66,000","23,245,000","22,332,000","19,072,000","11,522,000","15,104,000","14,824,000","11,829,000","6,206,000","10,889,000","10,447,000","11,459,000","-9,999,000","28,932,000","34,615,000","33,431,000","17,634,000","27,661,000","28,387,000","27,655,000","18,504,000","18,861,000","18,018,000","18,462,000","11,648,000","17,354,000","18,732,000","12,783,000","3,273,000","9,226,000","11,259,000","9,643,000","6,956,000","8,953,000","9,747,000","7,359,000","4,802,000","6,916,000","8,667,000","6,766,000","-766,000","5,702,000","6,871,000","7,314,000","7,824,000","9,335,000","9,106,000","9,400,000","1,600,000","8,900,000","8,200,000","10,000,000","7,300,000","10,700,000","4,600,000","11,800,000","9,400,000","10,100,000","10,700,000","10,100,000","8,600,000","8,700,000","8,700,000","6,600,000","5,600,000","6,300,000","7,300,000","8,300,000","4,500,000","5,400,000","5,500,000","4,900,000","-1,600,000","2,800,000","2,900,000","300,000","-42,000,000","3,800,000","-400,000","3,700,000","4,000,000","5,000,000","4,900,000","1,900,000","4,500,000","3,900,000","4,700,000","3,700,000","-500,000","3,100,000","5,600,000",,,,,,,,,,,,,,,
BasicEPS,,"0.4","0.55","0.55","0.48","0.38","0.35","0.3","0.01","0.58","0.8","0.9","0.73","0.66","0.75","0.76","0.94","0.73","-1.1","0.65","0.83","0.71","0.68","0.68","0.61","0.53","0.45","0.61","0.62","0.53","0.57","0.62","0.55","0.42","0.5","0.39","3.9","0.25","0.54","0.34","0.46","0.41",,"0.42","0.4","0.35",,"0.27","0.27","0.21",,"0.2","0.2","0.22",,"0.53","0.64","0.62",,"0.52","0.53","0.53",,"0.36","0.36","0.385",,"0.365","0.4","0.275",,"0.2","0.245","0.21",,"0.2","0.23","0.19",,"0.185","0.23","0.185",,"0.155","0.185","0.195",,"0.25","0.245","0.255",,"0.23","0.21","0.25",,"0.265","0.115","0.295",,"0.25","0.265","0.25",,"0.22","0.215","0.17",,"0.16","0.185","0.215",,"0.14","0.145","0.13",,"0.075","0.08","0.01",,"0.1","-0.01","0.1",,"0.135","0.135","0.055",,"0.105","0.13","0.1",,"0.09","0.17","0.09",,"0.14","0.16","0.105",,"0.135","0.145","0.065",,"0.13","0.13","0.09",,"0.1"
DilutedEPS,,"0.4","0.55","0.55","0.48","0.38","0.35","0.3","0.01","0.58","0.8","0.89","0.73","0.65","0.75","0.75","0.93","0.72","-1.1","0.65","0.82","0.7","0.67","0.67","0.61","0.53","0.44","0.61","0.61","0.52","0.57","0.61","0.54","0.41","0.48","0.38","3.82","0.24","0.54","0.34","0.45","0.4",,"0.41","0.4","0.34",,"0.27","0.26","0.21",,"0.2","0.19","0.22",,"0.51","0.6","0.6",,"0.47","0.49","0.5",,"0.35","0.34","0.365",,"0.35","0.385","0.27",,"0.195","0.235","0.2",,"0.19","0.23","0.185",,"0.18","0.225","0.18",,"0.15","0.18","0.195",,"0.245","0.245","0.25",,"0.225","0.205","0.25",,"0.26","0.115","0.29",,"0.245","0.26","0.245",,"0.215","0.215","0.165",,"0.16","0.185","0.215",,"0.14","0.145","0.13",,"0.075","0.08","0.01",,"0.1","-0.01","0.1",,"0.135","0.135","0.055",,"0.105","0.13","0.1",,"0.09","0.17","0.09",,"0.14","0.16","0.105",,"0.135","0.145","0.065",,"0.13","0.13","0.09",,"0.1"
BasicAverageShares,,"51,022,417","50,928,466","50,905,202","50,933,222","50,933,666","50,865,216","50,833,157","50,764,575","51,061,132","51,025,733","50,926,521","51,251,149","51,660,804","51,575,394","51,569,764","52,581,804","53,535,424","53,874,164","54,066,509","54,177,251","54,179,130","54,133,060","54,206,064","54,168,562","54,245,728","54,693,605","55,199,315","55,134,890","55,086,882","54,896,444","54,879,329","54,740,750","54,650,481","53,983,034","53,009,720","53,738,051","54,739,465","54,649,732","54,508,387","54,543,098","54,805,636",,"55,834,038","55,414,347","54,715,953",,"55,346,517","55,546,969","55,393,625",,"54,257,791","53,377,592","52,735,911",,"54,491,638","54,294,170","54,127,598",,"53,605,631","53,134,347","52,574,503",,"51,868,493","50,401,132","48,255,200",,"47,394,820","46,979,402","46,600,420",,"46,278,678","46,251,718","45,951,172",,"45,123,802","41,978,472","39,063,438",,"37,679,160","37,502,168","36,994,742",,"36,787,097","37,140,541","37,241,520",,"37,340,000","37,167,347","37,197,156",,"38,695,652","39,047,619","40,000,000",,"40,377,358","40,000,000","40,000,000",,"40,400,000","40,377,358","40,400,000",,"39,545,455","40,465,116","38,823,529",,"39,375,000","39,459,459","38,604,651",,"38,571,429","37,931,034","37,692,308",,"37,333,333","36,250,000","30,000,000",,"38,000,000","40,000,000","37,000,000",,"37,037,037","36,296,296","34,545,455",,"37,142,857","36,153,846","37,000,000",,"34,444,444","32,941,176","33,124,000",,"32,666,000","32,558,000","32,534,000",,"38,726,000","38,948,000","38,948,000",,"38,810,000","38,726,000","38,726,000",,"43,646,000"
DilutedAverageShares,,"51,168,622","51,058,961","51,060,684","51,102,303","51,087,688","51,021,633","50,937,093","51,008,922","51,501,857","51,379,008","51,230,845","51,743,483","52,189,465","52,082,632","52,080,676","53,135,742","54,089,327","53,874,164","54,570,677","54,722,211","54,651,835","54,574,734","54,572,315","54,642,071","54,672,773","55,111,974","55,588,092","55,695,258","55,658,797","55,485,643","55,509,658","55,927,881","55,972,753","55,332,376","54,304,990","54,809,896","55,524,560","55,194,226","55,098,263","55,150,806","55,455,579",,"56,380,585","56,288,447","55,603,892",,"55,839,970","56,339,770","55,965,287",,"54,563,199","53,642,123","52,909,312",,"56,336,095","57,353,889","56,087,125",,"58,427,435","57,730,886","55,188,112",,"53,526,824","52,925,307","50,755,960",,"49,320,956","48,467,458","47,696,230",,"47,559,272","47,740,648","47,754,306",,"46,515,678","42,820,804","39,788,624",,"38,301,502","38,580,254","38,052,098",,"38,013,333","38,172,222","37,875,848",,"38,102,041","37,167,347","37,506,038",,"39,555,556","40,000,000","40,000,000",,"41,153,846","40,000,000","40,689,655",,"41,224,490","41,153,846","41,224,490",,"40,465,116","40,465,116","40,000,000",,"39,375,000","39,459,459","38,604,651",,"38,571,429","37,931,034","37,692,308",,"37,333,333","36,250,000","30,000,000",,"38,000,000","40,000,000","37,000,000",,"37,037,037","36,296,296","34,545,455",,"37,142,857","36,153,846","37,000,000",,"34,444,444","32,941,176","33,124,000",,"32,666,000","32,558,000","32,534,000",,"38,726,000","38,948,000","38,948,000",,"38,810,000","38,726,000","38,726,000",,"43,646,000"
TotalOperatingIncomeAsReported,"148,751,000","31,113,000","35,386,000","43,709,000","38,543,000","32,380,000","32,698,000","31,243,000","10,115,000","49,313,000","61,256,000","67,585,000","56,957,000","50,649,000","52,189,000","59,063,000","63,879,000","56,633,000","49,605,000","47,786,000","57,140,000","55,748,000","51,374,000","51,817,000","47,460,000","41,527,000","30,105,000","43,747,000","50,649,000","43,895,000","48,583,000","50,885,000","45,381,000","35,124,000","34,065,000","28,031,000","36,149,000","24,955,000","39,746,000","29,671,000","34,126,000","33,013,000","31,640,000","32,944,000","33,522,000","29,449,000","18,348,000","24,833,000","23,682,000","19,667,000","11,355,000","14,557,000","14,146,000","20,457,000","7,977,000","41,051,000","49,012,000","49,900,000","28,821,000","40,090,000","40,295,000","43,168,000","29,645,000","30,566,000","28,718,000","28,107,000","19,117,000","22,624,000","23,860,000","21,094,000","7,641,000","14,769,000","17,747,000","15,757,000","8,766,000","14,039,000","15,985,000","13,210,000","9,502,000","10,019,000","13,762,000","11,557,000","1,507,000","11,620,000","13,440,000","13,753,000","14,094,000","16,962,000","16,200,000","15,719,000","4,500,000","13,300,000","12,500,000","14,800,000","12,200,000","17,000,000","6,900,000","19,300,000","15,400,000","16,100,000","17,600,000","16,700,000","15,000,000","14,700,000","14,400,000","11,200,000","9,600,000","11,100,000","13,400,000","14,500,000","8,100,000","10,200,000","9,600,000","8,800,000","-600,000","4,800,000","6,800,000","1,500,000","-8,500,000","7,200,000","1,000,000","7,700,000","10,400,000","11,300,000","10,800,000","5,500,000","8,400,000","10,600,000","12,300,000","10,000,000","3,700,000","9,500,000","12,100,000",,,,,,,,,,,,,,,
TotalExpenses,"1,120,849,000","281,270,000","275,614,000","281,350,000","282,615,000","269,249,000","256,427,000","237,816,000","225,422,000","281,358,000","308,915,000","305,002,000","314,712,000","326,043,000","326,508,000","310,734,000","311,436,000","310,027,000","323,233,000","309,370,000","307,353,000","286,054,000","270,601,000","259,744,000","259,233,000","246,805,000","254,152,000","247,687,000","264,292,000","256,678,000","261,591,000","266,774,000","276,693,000","276,975,000","253,429,000","241,460,000","231,245,000","238,590,000","285,259,000","276,388,000","259,296,000","270,083,000","165,617,000","292,450,000","294,428,000","289,305,000","264,921,000","265,068,000","258,210,000","258,470,000","245,114,000","245,782,000","241,055,000","241,693,000","245,538,000","296,084,000","333,861,000","338,668,000","330,119,000","320,296,000","319,231,000","317,482,000","299,185,000","291,482,000","280,209,000","271,744,000","257,289,000","248,894,000","256,660,000","252,636,000","243,961,000","229,159,000","234,204,000","231,471,000","211,571,000","208,121,000","213,602,000","205,524,000","174,114,000","186,780,000","195,623,000","182,679,000","452,351,000","174,880,000","186,024,000","185,497,000","173,897,000","173,608,000","172,265,000","157,288,000","145,300,000","140,700,000","143,800,000","147,400,000","142,700,000","141,300,000","162,300,000","149,600,000","144,800,000","142,400,000","148,300,000","141,400,000","130,200,000","132,400,000","138,200,000","138,900,000","131,600,000","130,600,000","137,600,000","144,100,000","135,600,000","130,100,000","133,600,000","133,300,000","125,300,000","118,300,000","120,700,000","125,500,000","133,700,000","124,800,000","136,300,000","126,900,000","117,400,000","125,400,000","129,400,000","125,400,000","121,200,000","123,400,000","128,800,000","131,200,000","122,400,000","112,700,000","122,000,000",,,,,,,,,,,,,,,
NetIncomeFromContinuingAndDiscontinuedOperation,"100,975,000","20,484,000","28,137,000","27,863,000","24,491,000","19,382,000","17,717,000","15,358,000","567,000","29,733,000","40,973,000","45,769,000","37,616,000","33,992,000","38,829,000","39,109,000","49,429,000","38,818,000","-59,248,000","35,333,000","45,027,000","38,303,000","36,713,000","36,828,000","33,212,000","28,848,000","24,406,000","33,671,000","34,227,000","29,076,000","31,512,000","33,877,000","30,228,000","22,752,000","26,823,000","20,905,000","209,327,000","13,472,000","29,730,000","18,481,000","24,831,000","22,207,000","66,000","23,245,000","22,332,000","19,072,000","11,522,000","15,104,000","14,824,000","11,829,000","6,206,000","10,889,000","10,447,000","11,459,000","-9,999,000","28,932,000","34,615,000","33,431,000","17,634,000","27,661,000","28,387,000","27,655,000","18,504,000","18,861,000","18,018,000","18,462,000","12,039,000","17,354,000","18,732,000","12,783,000","3,273,000","9,226,000","11,259,000","9,643,000","6,956,000","8,953,000","9,747,000","7,359,000","4,802,000","6,916,000","8,667,000","6,766,000","-766,000","5,702,000","6,871,000","7,314,000","7,824,000","9,335,000","9,106,000","9,400,000","1,600,000","8,900,000","8,200,000","10,000,000","7,300,000","10,700,000","4,600,000","11,800,000","9,400,000","10,100,000","10,700,000","10,100,000","8,600,000","8,700,000","8,700,000","6,600,000","5,600,000","6,300,000","7,300,000","8,300,000","4,500,000","5,400,000","5,500,000","4,900,000","-1,600,000","2,800,000","2,900,000","300,000","-1,300,000","3,800,000","-400,000","3,700,000","4,000,000","5,000,000","4,900,000","1,900,000","4,500,000","3,900,000","4,700,000","3,700,000","-500,000","3,300,000","6,100,000",,,,,,,,,,,,,,,
NormalizedIncome,"100,975,000","20,484,000","28,137,000","27,863,000","24,491,000","19,382,000","17,717,000","15,358,000","567,000","29,733,000","40,973,000","45,769,000","37,616,000","33,992,000","38,829,000","39,109,000","49,429,000","38,818,000","-59,248,000","35,333,000","45,027,000","38,303,000","36,713,000","36,828,000","33,212,000","28,848,000","24,406,000","33,671,000","34,227,000","29,076,000","33,258,000","34,302,000","30,228,000","22,752,000","26,313,000","21,381,000","9,195,000","15,433,000","30,291,554.697","21,419,730.226","24,872,560.387","23,631,788.064","26,939,620.367","22,930,898.353","22,547,649.255","19,453,047.634","11,798,604.305","15,722,301.753","15,719,037.134","12,098,426.784","6,609,000","10,075,200","9,267,250","11,800,307.709","421,850","28,877,133.764","34,829,275.397","34,704,747.166","17,623,411.28","27,709,185.627","28,330,014.82","27,730,078.675","18,721,019.695","19,126,217.743","17,432,048.78","18,682,535.836","12,064,868.788","17,019,892.337","12,777,738.705","12,864,318.728","3,430,800","9,268,081.737","10,812,428.161","9,205,626.847","6,413,000","8,449,928.264","9,453,425.274","7,097,710.652","4,704,930.216","5,224,212.52","8,107,012.922","6,533,986.284","-184,000","5,828,744.443","6,715,744.351","7,140,000","7,679,651.914","9,465,058.704","9,050,570.938","8,929,413.492","1,960,000","8,269,291.339","7,495,312.5","8,742,138.365","7,234,821.429","9,949,122.807","3,667,567.568","11,362,962.963","8,895,302.013","9,289,506.173","10,136,842.105","9,663,580.247","8,418,309.859","8,384,782.609","8,258,695.652","6,222,857.143","5,298,924.731","5,936,538.462","7,239,166.667","7,818,840.58","3,840,000","5,280,000","5,247,126.437","4,480,000","-1,780,000","2,458,536.585","2,960,000","120,000","-4,960,000","3,493,548.387","-460,000","3,580,000","4,360,000","5,240,000","4,660,000","1,660,000","3,625,000","4,260,000","5,180,000","4,300,000","160,000","3,720,000","5,440,000",,,,,,,,,,,,,,,
InterestExpense,"15,834,000","3,567,000","3,766,000","4,027,000","4,475,000","3,942,000","4,020,000","3,701,000","3,898,000","4,324,000","4,773,000","5,344,000","5,399,000","5,113,000","4,763,000","4,054,000","4,133,000","3,892,000","3,933,000","3,748,000","3,541,000","3,349,000","3,057,000","3,020,000","2,815,000","2,991,000","2,754,000","2,637,000","2,586,000","2,720,000","2,834,000","2,435,000","2,804,000","3,319,000","3,090,000","2,401,000","3,241,000","4,357,000","4,192,000","3,243,000","2,435,000","2,368,000","2,321,000","1,917,000","2,364,000","3,668,000","4,741,000","5,177,000","4,978,000","5,118,000","5,362,000","5,293,000","6,004,000","5,936,000",,,,,,,,,,,,,,,,,,,,,,,,,,,,,,,,,,,,,,,,,,,,,,,,,,,,,,,,,,,,,,,,,,,,,,,,,,,,,,,,,,,,,,,,,,,,,,
NetInterestIncome,"-15,834,000","-3,567,000","-3,766,000","-4,027,000","-4,475,000","-3,942,000","-4,020,000","-3,701,000","-3,898,000","-4,324,000","-4,773,000","-5,344,000","-5,399,000","-5,113,000","-4,763,000","-4,054,000","-4,133,000","-3,892,000","-3,933,000","-3,748,000","-3,541,000","-3,349,000","-3,057,000","-3,020,000","-2,815,000","-2,991,000","-2,754,000","-2,637,000","-2,586,000","-2,720,000","-2,834,000","-2,435,000","-2,804,000","-3,319,000","-3,090,000","-2,401,000","-3,241,000","-4,357,000","-4,192,000","-3,243,000","-2,435,000","-2,368,000","-2,321,000","-1,917,000","-2,364,000","-3,668,000","-4,741,000","-5,177,000","-4,978,000","-5,118,000","-5,362,000","-5,293,000","-6,004,000","-5,936,000",,,,,,,,,,,,,,,,,,,,,,,,,,,,,,,,,,,,,,,,,,,,,,,,,,,,,,,,,,,,,,,,,,,,,,,,,,,,,,,,,,,,,,,,,,,,,,
EBIT,"142,592,000","29,483,000","33,346,000","42,492,000","37,271,000","30,917,000","29,467,000","31,196,000","9,055,000","47,719,000","58,324,000","65,061,000","55,245,000","48,843,000","49,918,000","56,616,000","62,932,000","54,870,000","50,370,000","47,429,000","56,746,000","55,725,000","53,724,000","51,196,000","48,284,000","41,300,000","30,125,000","44,292,000","50,412,000","43,814,000","48,269,000","50,144,000","44,589,000","34,890,000","33,230,000","27,790,000","35,654,000","23,989,000","38,874,000","28,820,000","34,031,000","32,160,000","31,623,000","33,369,000","33,224,000","28,944,000","18,029,000","24,060,000","22,617,000","19,343,000","10,735,000","15,809,000","15,961,000","20,037,000","5,650,000","41,051,000","49,012,000","49,900,000","28,821,000","40,090,000","40,295,000","43,168,000","29,645,000","30,566,000","28,718,000","28,107,000","19,117,000","22,624,000","23,860,000","21,094,000","7,641,000","14,769,000","17,747,000","15,757,000","8,766,000","14,039,000","15,985,000","13,210,000","9,502,000","10,019,000","13,762,000","11,557,000","-268,744,000","11,620,000","13,440,000","13,753,000","14,094,000","16,962,000","16,200,000","15,719,000","4,500,000","13,300,000","12,500,000","14,800,000","12,200,000","17,000,000","6,900,000","19,300,000","15,400,000","16,100,000","17,600,000","16,700,000","15,000,000","14,700,000","14,400,000","11,200,000","9,600,000","11,100,000","13,400,000","14,500,000","8,100,000","10,200,000","9,600,000","8,800,000","-600,000","4,800,000","6,800,000","1,500,000","-8,500,000","7,200,000","1,000,000","7,700,000","10,400,000","11,300,000","10,800,000","5,500,000","8,400,000","10,600,000","12,300,000","10,000,000","3,700,000","9,500,000","12,100,000","128,700,000","-333,500,000","121,400,000","130,600,000","125,300,000","-298,100,000","113,100,000","116,500,000","113,600,000","-291,900,000","113,000,000","112,600,000","109,300,000","-282,500,000","104,200,000"
EBITDA,"233,986,000"
ReconciledCostOfRevenue,"816,344,000","207,190,000","200,907,000","205,079,000","203,168,000","194,696,000","189,024,000","176,908,000","147,058,000","208,248,000","226,784,000","234,421,000","238,306,000","244,643,000","251,902,000","236,880,000","237,608,000","237,134,000","246,933,000","236,016,000","236,506,000","219,833,000","208,271,000","198,600,000","197,173,000","186,255,000","189,208,000","191,132,000","204,121,000","198,355,000","196,977,000","206,410,000","211,705,000","214,557,000","193,555,000","189,488,000","177,411,000","177,715,000","208,752,000","208,571,000","193,088,000","201,781,000","150,997,000","210,864,000","207,361,000","203,175,000","183,211,000","184,989,000","177,821,000","178,023,000","167,741,000","170,491,000","165,712,000","167,165,000","163,438,000","209,830,000","234,547,000","239,826,000","225,797,000","226,139,000","219,832,000","220,917,000","204,976,000","203,493,000","198,370,000","190,633,000","178,916,000","172,070,000","178,754,000","175,748,000","168,242,000","159,972,000","164,298,000","162,060,000","144,642,000","143,651,000","146,312,000","142,230,000","122,976,000","134,524,000","142,206,000","130,298,000","127,906,000","125,178,000","133,890,000","132,562,000","116,244,000","114,585,000","113,920,000","108,014,000","96,600,000","96,300,000","99,300,000","102,100,000","97,300,000","100,700,000","105,200,000","104,300,000","100,000,000","98,200,000","104,100,000","96,200,000","87,600,000","88,300,000","91,900,000","90,300,000","86,900,000","85,300,000","89,500,000","93,700,000","89,100,000","83,600,000","85,900,000","84,200,000","78,000,000","73,700,000","74,200,000","75,000,000","74,400,000","77,300,000","83,200,000","77,500,000","74,400,000","81,100,000","81,100,000","77,500,000","76,700,000","79,700,000","82,700,000","83,800,000","62,200,000","76,200,000","83,500,000",,,,,,,,,,,,,,,
ReconciledDepreciation,"91,394,000","22,301,000","23,081,000","23,321,000","22,691,000","21,992,000","21,611,000","20,787,000","21,641,000","23,617,000","23,367,000","25,441,000","25,151,000","25,100,000","23,833,000","23,335,000","23,393,000","23,677,000","21,615,000","23,047,000","24,122,000","21,366,000","21,205,000","20,310,000","19,853,000","18,786,000","18,993,000","19,607,000","20,520,000","19,122,000","18,839,000","20,041,000","21,733,000","20,782,000","20,095,000","13,847,000","14,611,000","16,499,000","17,170,000","14,278,000","12,849,000","13,063,000","15,049,000","15,033,000","14,788,000","14,034,000","13,782,000","12,906,000","13,411,000","12,671,000","12,929,000","12,775,000","12,723,000","13,060,000","12,728,000","13,311,000","13,263,000","13,101,000","14,212,000","12,802,000","11,818,000","11,775,000","11,522,000","10,832,000","10,894,000","8,978,000","8,990,000","8,274,000","8,721,000","8,873,000","9,019,000","8,322,000","8,293,000","8,543,000","8,861,000","8,493,000","8,685,000","8,532,000","8,553,000","8,696,000","8,494,000","7,883,000","8,978,000","9,006,000","9,446,000","9,615,000","9,675,000","8,965,000","8,927,000","8,304,000","7,800,000","7,400,000","8,000,000","7,400,000","7,500,000","6,800,000","7,000,000","7,100,000","7,100,000","7,100,000","7,100,000","6,800,000","6,100,000","6,600,000","7,000,000","6,900,000","6,300,000","6,600,000","6,700,000","7,200,000","5,200,000","6,100,000","5,900,000","6,500,000","5,200,000","5,600,000","6,200,000","6,100,000","5,900,000","6,000,000","5,800,000","6,000,000","5,500,000","5,700,000","6,500,000","5,500,000","6,400,000","4,800,000","5,400,000","5,400,000",,,,,,,,,,,,,,,,,,
NetIncomeFromContinuingOperationNetMinorityInterest,"100,975,000","20,484,000","28,137,000","27,863,000","24,491,000","19,382,000","17,717,000","15,358,000","567,000","29,733,000","40,973,000","45,769,000","37,616,000","33,992,000","38,829,000","39,109,000","49,429,000","38,818,000","-59,248,000","35,333,000","45,027,000","38,303,000","36,713,000","36,828,000","33,212,000","28,848,000","24,406,000","33,671,000","34,227,000","29,076,000","33,258,000","34,302,000","30,228,000","22,752,000","26,313,000","21,381,000","9,195,000","15,433,000","29,795,000","20,730,000","24,798,000","22,974,000","26,924,000","23,245,000","22,332,000","19,072,000","11,522,000","15,104,000","14,824,000","11,829,000","6,206,000","10,889,000","10,447,000","11,459,000","104,000","28,932,000","34,615,000","33,431,000","17,634,000","27,661,000","28,387,000","27,655,000","18,504,000","18,861,000","18,018,000","18,462,000","12,039,000","17,354,000","18,732,000","12,783,000","3,273,000","9,226,000","11,259,000","9,643,000","6,956,000","8,953,000","9,747,000","7,359,000","4,802,000","6,916,000","8,667,000","6,766,000","-766,000","5,702,000","6,871,000","7,314,000","7,824,000","9,335,000","9,106,000","9,400,000","1,600,000","8,900,000","8,200,000","10,000,000","7,300,000","10,700,000","4,600,000","11,800,000","9,400,000","10,100,000","10,700,000","10,100,000","8,600,000","8,700,000","8,700,000","6,600,000","5,600,000","6,300,000","7,300,000","8,300,000","4,500,000","5,400,000","5,500,000","4,900,000","-1,600,000","2,800,000","2,900,000","300,000","-1,300,000","3,800,000","-400,000","3,700,000","4,000,000","5,000,000","4,900,000","1,900,000","4,500,000","3,900,000","4,700,000","3,700,000","-500,000","3,300,000","6,100,000",,,,,,,,,,,,,,,
TotalUnusualItemsExcludingGoodwill,,,,,,,,,,,,,,,,,,,,,,,,,,,,,,,,,,,,,,,"-578,000","-851,000","-95,000","-853,000","-17,000","425,000","-298,000","-505,000","-319,000","-773,000","-1,065,000","-324,000","-620,000","1,252,000","1,815,000","-420,000","-489,000","69,000","-270,000","-1,637,000","14,000","-59,000","68,000","-98,000","-265,000","-330,000","772,000","-280,000","-31,000","358,000","9,097,000","-107,000","-263,000","-50,000","580,000","568,000","905,000","600,000","368,000","335,000","115,000","1,989,000","700,000","290,000","-970,000","-169,000","207,000","232,000","173,000","-178,000","78,000","682,000","-600,000","900,000","1,100,000","2,000,000","100,000","1,200,000","1,500,000","700,000","800,000","1,300,000","900,000","700,000","300,000","500,000","700,000","600,000","500,000","600,000","100,000","800,000","1,100,000","200,000","400,000","700,000","300,000","500,000","-100,000","300,000","6,100,000","500,000","100,000","200,000","-600,000","-400,000","400,000","400,000","1,400,000","-600,000","-800,000","-1,000,000","-1,100,000","-700,000","1,100,000",,,,,,,,,,,,,,,
TotalUnusualItems,,,,,,,,,,,,,,,,,,,,,,,,,,,,,,,,,,,,,,,"-578,000","-851,000","-95,000","-853,000","-17,000","425,000","-298,000","-505,000","-319,000","-773,000","-1,065,000","-324,000","-620,000","1,252,000","1,815,000","-420,000","-489,000","69,000","-270,000","-1,637,000","14,000","-59,000","68,000","-98,000","-265,000","-330,000","772,000","-280,000","-31,000","358,000","9,097,000","-107,000","-263,000","-50,000","580,000","568,000","905,000","600,000","368,000","335,000","115,000","1,989,000","700,000","290,000","-970,000","-169,000","207,000","232,000","173,000","-178,000","78,000","682,000","-600,000","900,000","1,100,000","2,000,000","100,000","1,200,000","1,500,000","700,000","800,000","1,300,000","900,000","700,000","300,000","500,000","700,000","600,000","500,000","600,000","100,000","800,000","1,100,000","200,000","400,000","700,000","300,000","500,000","-100,000","300,000","6,100,000","500,000","100,000","200,000","-600,000","-400,000","400,000","400,000","1,400,000","-600,000","-800,000","-1,000,000","-1,100,000","-700,000","1,100,000",,,,,,,,,,,,,,,
NormalizedEBITDA,"233,986,000","51,784,000","56,427,000","65,813,000","59,962,000","52,909,000","51,078,000","51,983,000","30,696,000","71,336,000","81,691,000","90,502,000","80,396,000","73,943,000","73,751,000","79,951,000","86,325,000","78,547,000","71,985,000","70,476,000","80,868,000","77,091,000","74,929,000","71,506,000","68,137,000","60,086,000","49,118,000","63,899,000","70,932,000","62,936,000","67,108,000","70,185,000","66,322,000","55,672,000","53,325,000","41,637,000","50,265,000","40,488,000","56,622,000","43,949,000","46,975,000","46,076,000","46,689,000","47,977,000","48,310,000","43,483,000","32,130,000","37,739,000","37,093,000","32,338,000","24,284,000","27,332,000","26,869,000","33,517,000","18,867,000","54,293,000","62,545,000","64,638,000","43,019,000","52,951,000","52,045,000","55,041,000","41,432,000","41,728,000","38,840,000","37,365,000","28,138,000","30,540,000","23,484,000","30,074,000","16,923,000","23,141,000","25,460,000","23,732,000","16,722,000","21,932,000","24,302,000","21,407,000","17,940,000","16,726,000","21,556,000","19,150,000","-258,796,000","20,795,000","22,679,000","23,136,000","23,596,000","26,105,000","25,049,000","23,341,000","12,900,000","19,800,000","19,400,000","20,200,000","19,600,000","22,600,000","12,500,000","25,700,000","21,700,000","21,900,000","23,800,000","22,800,000","20,800,000","20,800,000","20,700,000","17,500,000","15,400,000","17,100,000","20,000,000","20,900,000","12,200,000","16,100,000","15,100,000","14,600,000","4,300,000","9,900,000","13,100,000","7,300,000","-8,700,000","12,800,000","6,700,000","13,500,000","16,500,000","17,400,000","16,900,000","10,600,000","13,400,000","16,000,000","18,500,000","16,400,000","4,800,000","10,200,000","11,000,000","128,700,000","-333,500,000","121,400,000","130,600,000","125,300,000","-298,100,000","113,100,000","116,500,000","113,600,000","-291,900,000","113,000,000","112,600,000","109,300,000","-282,500,000","104,200,000"
TaxRateForCalcs,"0.203","0.21","0.049","0.276","0.253","0.281","0.304","0.27","0.27","0.315","0.235","0.234","0.245","0.223","0.14","0.256","0.159","0.239","0.4","0.191","0.154","0.269","0.275","0.236","0.27","0.247","0.108","0.192","0.284","0.292","0.268","0.281","0.277","0.279","0.127","0.158","0.35","0.214","0.141","0.19","0.215","0.229","0.081","0.261","0.276","0.245","0.133","0.2","0.16","0.168","0.35","0.35","0.35","0.187","0.35","0.205","0.206","0.222","0.244","0.183","0.162","0.234","0.181","0.196","0.241","0.212","0.166","0.067","0.345","0.24","0.4","0.158","0.23","0.23","0.4","0.162","0.202","0.22","0.156","0.149","0.2","0.2","0.4","0.25","0.25","0.25","0.166","0.269","0.289","0.31","0.4","0.299","0.359","0.371","0.348","0.374","0.378","0.376","0.369","0.377","0.374","0.377","0.394","0.37","0.37","0.371","0.398","0.394","0.392","0.399","0.4","0.4","0.368","0.4","0.4","0.317","0.4","0.4","0.4","0.387","0.4","0.4","0.4","0.4","0.4","0.4","0.375","0.4","0.4","0.4","0.4","0.4","0.4",,,,,,,,,,,,,,,
TaxEffectOfUnusualItems,"0","0","0","0","0","0","0","0","0","0","0","0","0","0","0","0","0","0","0","0","0","0","0","0","0","0","0","0","0","0","0","0","0","0","0","0","0","0","-81,445.303","-161,269.774","-20,439.613","-195,211.936","-1,379.633","110,898.353","-82,350.745","-123,952.366","-42,395.695","-154,698.247","-169,962.866","-54,573.216","-217,000","438,200","635,250","-78,692.291","-171,150","14,133.764","-55,724.603","-363,252.834","3,411.28","-10,814.373","11,014.82","-22,921.325","-47,980.305","-64,782.257","186,048.78","-59,464.164","-5,131.212","23,892.337","3,142,738.705","-25,681.272","-105,200","-7,918.263","133,428.161","130,626.847","362,000","96,928.264","74,425.274","73,710.652","17,930.216","297,212.52","140,012.922","57,986.284","-388,000","-42,255.557","51,744.351","58,000","28,651.914","-47,941.296","22,570.938","211,413.492","-240,000","269,291.339","395,312.5","742,138.365","34,821.429","449,122.807","567,567.568","262,962.963","295,302.013","489,506.173","336,842.105","263,580.247","118,309.859","184,782.609","258,695.652","222,857.143","198,924.731","236,538.462","39,166.667","318,840.58","440,000","80,000","147,126.437","280,000","120,000","158,536.585","-40,000","120,000","2,440,000","193,548.387","40,000","80,000","-240,000","-160,000","160,000","160,000","525,000","-240,000","-320,000","-400,000","-440,000","-280,000","440,000",,,,,,,,,,,,,,,