name,ttm,03/31/2022,12/31/2021,09/30/2021,06/30/2021,03/31/2021,12/31/2020,09/30/2020,06/30/2020,03/31/2020,12/31/2019,09/30/2019,06/30/2019,03/31/2019,12/31/2018,09/30/2018,06/30/2018,03/31/2018,12/31/2017,09/30/2017,06/30/2017,03/31/2017,12/31/2016,09/30/2016,06/30/2016,03/31/2016,12/31/2015,09/30/2015,06/30/2015,03/31/2015,12/31/2014,09/30/2014,06/30/2014,03/31/2014,12/31/2013,09/30/2013,06/30/2013,03/31/2013,12/31/2012,09/30/2012,06/30/2012,03/31/2012,12/31/2011,09/30/2011,06/30/2011,03/31/2011,12/31/2010,09/30/2010,06/30/2010,03/31/2010,12/31/2009,09/30/2009,06/30/2009,03/31/2009,12/31/2008,09/30/2008,06/30/2008,03/31/2008,12/31/2007,09/30/2007,06/30/2007,03/31/2007,12/31/2006,09/30/2006,06/30/2006,03/31/2006,12/31/2005,09/30/2005,06/30/2005,03/31/2005,12/31/2004,09/30/2004,06/30/2004,03/31/2004,12/31/2003,09/30/2003,06/30/2003,03/31/2003,12/31/2002,09/30/2002,06/30/2002,03/31/2002,12/31/2001,09/30/2001,06/30/2001,03/31/2001,12/31/2000,09/30/2000,06/30/2000,03/31/2000
TotalRevenue,"2,083,537,000","532,407,000","571,790,000","514,965,000","464,375,000","505,134,000","510,241,000","495,759,000","512,539,000","449,370,000","470,172,000","406,311,000","371,197,000","412,734,000","458,055,000","422,602,000","388,378,000","431,729,000","473,684,000","408,364,000","368,134,000","417,874,000","413,656,000","318,247,000","306,376,000","352,978,000","342,291,000","213,300,000","193,645,000","217,122,000","237,990,000","208,998,000","202,889,000","198,140,000","211,547,000","181,350,000","160,882,000","171,194,000","173,706,000","154,155,000","148,612,000","157,339,000","149,998,000","133,010,000","129,453,000","131,405,000","141,866,000","125,144,000","121,145,000","125,182,000","135,608,000","123,871,000","122,899,000","118,638,000","134,855,000","116,515,000","119,184,000","116,342,000","-2,918,246,000","117,003,000","118,204,000","103,745,000","111,207,000","101,854,000","105,265,000","92,980,000","102,719,000","92,316,000","94,116,000","90,111,000","96,401,000","91,941,000","93,735,000","90,677,000","101,223,000","83,310,000","76,369,000","67,454,000","78,717,000","70,900,000","77,850,000","66,210,000","87,755,000","84,632,000","88,090,000","71,956,000","93,175,000","89,080,000","95,767,000","73,394,000"
	OperatingRevenue,"2,083,537,000","532,407,000","571,790,000","514,965,000","464,375,000","505,134,000","510,241,000","495,759,000","512,539,000","449,370,000","470,172,000","406,311,000","371,197,000","412,734,000","458,055,000","422,602,000","388,378,000","431,729,000","473,684,000","408,364,000","368,134,000","417,874,000","413,656,000","318,247,000","306,376,000","352,978,000","342,291,000","213,300,000","193,645,000","217,122,000","237,990,000","208,998,000","202,889,000","198,140,000","211,547,000","181,350,000","160,882,000","171,194,000","173,706,000","154,155,000","148,612,000","157,339,000","149,998,000","133,010,000","129,453,000","131,405,000","141,866,000","125,144,000","121,145,000","125,182,000","135,608,000","123,871,000","122,899,000","118,638,000","134,855,000","116,515,000","119,184,000","116,342,000","132,384,000","117,003,000","118,204,000","103,745,000","111,207,000","101,854,000","105,265,000","92,980,000","102,719,000","92,316,000","94,116,000","90,111,000","96,401,000","91,941,000","93,735,000","90,677,000","101,223,000","83,310,000","76,369,000","67,454,000","78,717,000","70,900,000","77,850,000","66,210,000","87,755,000","84,632,000","88,090,000","71,956,000","93,175,000","89,080,000","95,767,000","73,394,000"
CostOfRevenue,"1,663,077,000","431,119,000","469,873,000","409,300,000","352,785,000","387,340,000","403,544,000","359,733,000","378,438,000","344,454,000","375,775,000","297,530,000","279,330,000","324,655,000","408,123,000","307,563,000","307,205,000","328,373,000","372,493,000","285,109,000","257,119,000","291,088,000","306,750,000","202,821,000","196,661,000","237,063,000","253,728,000","141,704,000","131,637,000","149,725,000","180,977,000","145,936,000","139,862,000","133,471,000","144,399,000","120,084,000","105,185,000","112,382,000","114,223,000","98,876,000","96,856,000","100,514,000","100,708,000","91,560,000","87,284,000","86,538,000","94,807,000","85,960,000","81,747,000","83,154,000","98,714,000","87,647,000","86,033,000","79,889,000","100,151,000","85,778,000","85,626,000","81,412,000","92,648,000","78,725,000","80,881,000","71,062,000","82,576,000","72,501,000","76,862,000","65,114,000","77,227,000","64,772,000","70,370,000","63,283,000","69,930,000","64,924,000","64,269,000","61,691,000","68,699,000","57,225,000","52,862,000","47,388,000","55,923,000","48,703,000","53,576,000","45,505,000","51,625,000","49,202,000","49,888,000","41,810,000","66,712,000","46,311,000","49,874,000","37,754,000"
GrossProfit,"420,460,000","101,288,000","101,917,000","105,665,000","111,590,000","117,794,000","106,697,000","136,026,000","134,101,000","104,916,000","94,397,000","108,781,000","91,867,000","88,079,000","49,932,000","115,039,000","81,173,000","103,356,000","101,191,000","123,255,000","111,015,000","126,786,000","106,906,000","115,426,000","109,715,000","115,915,000","88,563,000","71,596,000","62,008,000","67,397,000","57,013,000","63,062,000","63,027,000","64,669,000","67,148,000","61,266,000","55,697,000","58,812,000","59,483,000","55,279,000","51,756,000","56,825,000","49,290,000","41,450,000","42,169,000","44,867,000","47,059,000","39,184,000","39,398,000","42,028,000","36,894,000","36,224,000","36,866,000","38,749,000","34,704,000","30,737,000","33,558,000","34,930,000","-3,010,894,000","38,278,000","37,323,000","32,683,000","28,631,000","29,353,000","28,403,000","27,866,000","25,492,000","27,544,000","23,746,000","26,828,000","26,471,000","27,017,000","29,466,000","28,986,000","32,524,000","26,085,000","23,507,000","20,066,000","22,794,000","22,197,000","24,274,000","20,705,000","36,130,000","35,430,000","38,202,000","30,146,000","26,463,000","42,769,000","45,893,000","35,640,000"
OperatingExpense,"214,047,000","52,063,000","57,704,000","51,805,000","52,475,000","55,815,000","63,390,000","48,130,000","49,086,000","44,696,000","49,202,000","42,841,000","44,457,000","42,788,000","52,053,000","44,621,000","41,881,000","47,177,000","63,599,000","47,284,000","53,856,000","58,106,000","62,534,000","45,734,000","37,248,000","43,046,000","39,770,000","30,033,000","21,870,000","25,521,000","26,674,000","24,564,000","28,637,000","25,850,000","27,222,000","23,656,000","19,474,000","18,575,000","22,065,000","16,959,000","16,652,000","18,662,000","18,315,000","14,362,000","15,831,000","15,789,000","18,164,000","14,048,000","15,075,000","15,665,000","15,250,000","15,208,000","15,019,000","14,939,000","15,337,000","14,493,000","14,955,000","15,260,000","18,993,000","18,100,000","15,777,000","13,997,000","14,633,000","13,243,000","13,717,000","12,169,000","12,239,000","12,061,000","12,759,000","11,544,000","22,548,000","10,998,000","12,307,000","12,518,000","15,124,000","11,786,000","10,180,000","9,200,000","10,854,000","10,331,000","10,875,000","9,303,000","26,997,000","25,859,000","27,145,000","23,145,000","18,638,000","33,223,000","34,381,000","28,176,000"
	SellingGeneralAndAdministration,"192,633,000","46,840,000","52,308,000","46,409,000","47,076,000","50,379,000","58,476,000","43,395,000","44,347,000","39,973,000","44,480,000","38,112,000","39,856,000","38,297,000","47,562,000","39,987,000","37,272,000","42,568,000","58,990,000","43,019,000","49,591,000","53,634,000","58,770,000","42,465,000","33,886,000","39,638,000","36,587,000","27,307,000","19,197,000","22,848,000","23,968,000","21,173,000","25,289,000","22,603,000","23,946,000","21,271,000","17,318,000","16,508,000","20,006,000","14,937,000","14,629,000","16,640,000","16,549,000","12,725,000","14,194,000","14,150,000","16,545,000","12,435,000","13,463,000","14,052,000","13,638,000","13,595,000","13,407,000","13,326,000","13,725,000","12,880,000","13,343,000","13,647,000","17,380,000","16,488,000","14,164,000","13,334,000","14,444,000","13,055,000","13,363,000","12,169,000","12,239,000","12,061,000","12,759,000","11,544,000","22,923,000","10,873,000","12,182,000","12,393,000","41,218,000","1,847,000","10,055,000","9,075,000","10,254,000","10,331,000","10,750,000","9,178,000","26,747,000","25,884,000","27,020,000","21,920,000","18,513,000","33,098,000","34,006,000","28,051,000"
		GeneralAndAdministrativeExpense,,,,,,,,,,,,,,,,,,,,,,,,,,,,,,,,,,,,,,,,,,,,,,,"3,844,000","2,534,000","2,849,000","2,545,000","3,129,000","2,936,000","2,478,000","2,339,000",,,,,,,,,,,,,,,,,,,,,,,,,,,,,,,,,,,,
			OtherGandA,,,,,,,,,,,,,,,,,,,,,,,,,,,,,,,,,,,,,,,,,,,,,,,"3,844,000","2,534,000","2,849,000","2,545,000","3,129,000","2,936,000","2,478,000","2,339,000",,,,,,,,,,,,,,,,,,,,,,,,,,,,,,,,,,,,
		SellingAndMarketingExpense,,,,,,,,,,,,,,,,,,,,,,,,,,,,,,,,,,,,,,,,,,,,,,,"12,701,000","9,901,000","10,614,000","11,507,000","10,509,000","10,659,000","10,929,000","10,987,000",,,,,,,,,,,,,,,,,,,,,,,,,,,,,,,,,,,,
	DepreciationAmortizationDepletionIncomeStatement,"21,414,000","5,223,000","5,396,000","5,396,000","5,399,000","5,436,000","4,914,000","4,735,000","4,739,000","4,723,000","4,722,000","4,729,000","4,601,000","4,491,000","4,491,000","4,634,000","4,609,000","4,609,000","4,609,000","4,265,000","4,265,000","4,472,000","3,764,000","3,269,000","3,362,000","3,408,000","3,183,000","2,726,000","2,673,000","2,673,000","2,706,000","3,391,000","3,348,000","3,247,000","3,276,000","2,385,000","2,156,000","2,067,000","2,059,000","2,022,000","2,023,000","2,022,000","1,766,000","1,637,000","1,637,000","1,639,000","1,619,000","1,613,000","1,612,000","1,613,000","1,612,000","1,613,000","1,612,000","1,613,000","1,612,000","1,613,000","1,612,000","1,613,000","1,613,000","1,612,000","1,613,000","663,000","189,000","188,000","354,000",,,,,,,,,,,,,,,,,,,,,,,,,
		DepreciationAndAmortizationInIncomeStatement,"21,414,000","5,223,000","5,396,000","5,396,000","5,399,000","5,436,000","4,914,000","4,735,000","4,739,000","4,723,000","4,722,000","4,729,000","4,601,000","4,491,000","4,491,000","4,634,000","4,609,000","4,609,000","4,609,000","4,265,000","4,265,000","4,472,000","3,764,000","3,269,000","3,362,000","3,408,000","3,183,000","2,726,000","2,673,000","2,673,000","2,706,000","3,391,000","3,348,000","3,247,000","3,276,000","2,385,000","2,156,000","2,067,000","2,059,000","2,022,000","2,023,000","2,022,000","1,766,000","1,637,000","1,637,000","1,639,000","1,619,000","1,613,000","1,612,000","1,613,000","1,612,000","1,613,000","1,612,000","1,613,000","1,612,000","1,613,000","1,612,000","1,613,000","1,613,000","1,612,000","1,613,000","663,000","189,000","188,000","354,000",,,,,,,,,,,,,,,,,,,,,,,,,
			Amortization,"21,414,000","5,223,000","5,396,000","5,396,000","5,399,000","5,436,000","4,914,000","4,735,000","4,739,000","4,723,000","4,722,000","4,729,000","4,601,000","4,491,000","4,491,000","4,634,000","4,609,000","4,609,000","4,609,000","4,265,000","4,265,000","4,472,000","3,764,000","3,269,000","3,362,000","3,408,000","3,183,000","2,726,000","2,673,000","2,673,000","2,706,000","3,391,000","3,348,000","3,247,000","3,276,000","2,385,000","2,156,000","2,067,000","2,059,000","2,022,000","2,023,000","2,022,000","1,766,000","1,637,000","1,637,000","1,639,000","1,619,000","1,613,000","1,612,000","1,613,000","1,612,000","1,613,000","1,612,000","1,613,000","1,612,000","1,613,000","1,612,000","1,613,000","1,613,000","1,612,000","1,613,000","663,000","189,000","188,000","354,000",,,,,,,,,,,,,,,,,,,,,,,,,
				AmortizationOfIntangiblesIncomeStatement,"21,414,000","5,223,000","5,396,000","5,396,000","5,399,000","5,436,000","4,914,000","4,735,000","4,739,000","4,723,000","4,722,000","4,729,000","4,601,000","4,491,000","4,491,000","4,634,000","4,609,000","4,609,000","4,609,000","4,265,000","4,265,000","4,472,000","3,764,000","3,269,000","3,362,000","3,408,000","3,183,000","2,726,000","2,673,000","2,673,000","2,706,000","3,391,000","3,348,000","3,247,000","3,276,000","2,385,000","2,156,000","2,067,000","2,059,000","2,022,000","2,023,000","2,022,000","1,766,000","1,637,000","1,637,000","1,639,000","1,619,000","1,613,000","1,612,000","1,613,000","1,612,000","1,613,000","1,612,000","1,613,000","1,612,000","1,613,000","1,612,000","1,613,000","1,613,000","1,612,000","1,613,000","663,000","189,000","188,000","354,000",,,,,,,,,,,,,,,,,,,,,,,,,
	OtherOperatingExpenses,,,,,,,,,,,,,,,,,,,,,,,,,,,,,,,,,,,,,,,,,,,,,,,,,,,,,,,,,,,,,,,,,,,,,,,,"125,000","125,000","125,000","-26,094,000","9,939,000","125,000","125,000",,,"125,000","125,000","250,000","-25,000","125,000","1,225,000","125,000","125,000","375,000","125,000"
OperatingIncome,"206,413,000","49,225,000","44,213,000","53,860,000","59,115,000","61,979,000","43,307,000","87,896,000","85,015,000","60,220,000","45,195,000","65,940,000","47,410,000","45,291,000","-2,121,000","70,418,000","39,292,000","56,179,000","37,592,000","75,971,000","57,159,000","68,680,000","44,372,000","69,692,000","72,467,000","72,869,000","48,793,000","41,563,000","40,138,000","41,876,000","30,339,000","38,498,000","34,390,000","38,819,000","39,926,000","37,610,000","36,223,000","40,237,000","37,418,000","38,320,000","35,104,000","38,163,000","30,975,000","27,088,000","26,338,000","29,078,000","28,895,000","25,136,000","24,323,000","26,363,000","21,644,000","21,016,000","21,847,000","23,810,000","19,367,000","16,244,000","18,603,000","19,670,000","-3,029,887,000","20,178,000","21,546,000","18,686,000","13,998,000","16,110,000","14,686,000","15,697,000","13,253,000","15,483,000","10,987,000","15,284,000","3,923,000","16,019,000","17,159,000","16,468,000","17,400,000","14,299,000","13,327,000","10,866,000","11,940,000","11,866,000","13,399,000","11,402,000","9,133,000","9,571,000","11,057,000","7,001,000","7,825,000","9,546,000","11,512,000","7,464,000"
NetNonOperatingInterestIncomeExpense,"-106,722,000","-26,802,000","-26,577,000","-26,630,000","-26,713,000","-26,969,000","-24,316,000","-26,430,000","-24,849,000","-26,039,000","-27,721,000","-24,152,000","-23,179,000","-23,074,000","-24,489,000","-27,932,000","-27,607,000","-28,306,000","-26,765,000","-23,374,000","-21,998,000","-19,647,000","-18,921,000","-17,974,000","-18,426,000","-19,135,000","-17,258,000","-11,272,000","-11,062,000","-11,539,000","-12,041,000","-11,587,000","-11,803,000","-11,142,000","-10,913,000","-11,097,000","-10,030,000","-9,773,000","-11,815,000","-11,994,000","-11,862,000","-11,989,000","-11,821,000","-8,323,000","-8,341,000","-8,190,000","-8,487,000","-10,335,000","-10,898,000","-10,622,000","-9,436,000","-13,570,000","-12,137,000","-14,289,000",,,,,,,,,,,,,,,,,,,,,,,,,,,,,,,,,,,,
	InterestExpenseNonOperating,"106,722,000","26,802,000","26,577,000","26,630,000","26,713,000","26,969,000","24,316,000","26,430,000","24,849,000","26,039,000","27,721,000","24,152,000","23,179,000","23,074,000","24,489,000","27,932,000","27,607,000","28,306,000","26,765,000","23,374,000","21,998,000","19,647,000","18,921,000","17,974,000","18,426,000","19,135,000","17,258,000","11,272,000","11,062,000","11,539,000","12,041,000","11,587,000","11,803,000","11,142,000","10,913,000","11,097,000","10,030,000","9,773,000","11,815,000","11,994,000",,"11,989,000","11,821,000","8,323,000","8,341,000","8,190,000","8,487,000","10,335,000","10,898,000","10,622,000","9,436,000","13,570,000","12,137,000","14,289,000",,,,,,,,,,,,,,,,,,,,,,,,,,,,,,,,,,,,
	TotalOtherFinanceCost,,,,,,,,,,,"27,721,000","24,152,000","23,179,000","23,074,000","24,489,000","27,932,000","27,607,000","28,306,000","26,765,000","23,374,000","21,998,000","19,647,000","18,921,000","17,974,000","18,426,000","19,135,000","17,258,000","11,272,000","11,062,000","11,539,000","12,041,000","11,587,000","11,803,000","11,142,000","10,913,000","11,097,000","10,030,000","9,773,000","11,815,000",,"11,862,000",,,"8,323,000",,,,,,,,"13,570,000",,,,,,,,,,,,,,,,,,,,,,,,,,,,,,,,,,,,,,
OtherIncomeExpense,"-10,777,000","8,938,000","-21,962,000","1,130,000","1,117,000","1,091,000","702,000","702,000","701,000","453,000","-860,000","59,000","525,000","258,000","167,188,000","1,313,000","-934,000","-724,000","-1,258,000","-95,000","-229,000","2,026,000","-1,810,000","-127,000","-5,034,000","-907,000",,,,,"0","-34,154,000","2,458,000",,"0","-2,813,000","-28,478,000",,"-10,431,000",,,,,,,,"0",,,"15,224,000","-9,546,000","-674,000",,,,,,,,,,,"0","525,000",,,,,,,,,,,,,,,,,,,"13,332,000",,,"13,914,000",,,,
	SpecialIncomeCharges,"-15,989,000","7,099,000","-23,088,000",,,,"0",,,,"-1,177,000","0","0","0","166,575,000","0","-546,000","-2,778,000","0",,"-1,045,000","-118,000","0",,"-5,405,000","-2,836,000",,"0","0",,"0","-34,154,000","2,458,000",,"0","-2,813,000","-28,478,000",,"-10,431,000",,,,"0","0","0","0","0","0","0","15,224,000","-9,546,000","-674,000",,,,,,,,,,,"0","525,000",,,,,,,,,,,,,,,,,,,"13,332,000",,,"13,914,000",,,,
		RestructuringAndMergernAcquisition,,,,,,,,,,,,,,,,,,,,,,,,,,,,"0","0",,"0","0","-8,206,000",,,,,,,,,,,,,,,,,,,,,,,,,,,,,,,,,,,,,,,,,,,,,,,,,,,,,,,,,
		ImpairmentOfCapitalAssets,,,"23,088,000",,,,,,,,,,,,,,,,"0",,,,"0",,"5,405,000",,,"0",,,"0","34,154,000",,,,,,,,,,,,,,,,,,,,,,,,,,,,,,,,,,,,,,,,,,,,,,,,,,,,,,,,,,
		OtherSpecialCharges,,,,,,,,,,,"1,177,000",,,,"9,811,000",,"546,000","2,778,000","0",,"1,045,000","118,000","0",,,"2,836,000",,,,,"0",,"5,748,000",,"0","2,813,000","28,478,000",,"10,431,000",,,,,,,,,,,,,,,,,,,,,,,,,,,,,,,,,,,,,,,,,,,,,,,,,,,
		GainOnSaleOfPPE,,"7,099,000",,,,,,,,,"0",,,,"176,386,000",,,,,,,,,,,,,,,,,,,,,,,,,,,,,,,,,,,,,,,,,,,,,,,,,,,,,,,,,,,,,,,,,,,,,,,,,,,
	OtherNonOperatingIncomeExpenses,"5,212,000","1,839,000","1,126,000","1,130,000","1,117,000","1,091,000","702,000","702,000","701,000","453,000","317,000","59,000","525,000","258,000","613,000","1,313,000","-388,000","2,054,000","-1,258,000","-95,000","816,000","2,144,000","-1,810,000","-127,000","371,000","1,929,000",,,,,,,,,,,,,,,,,,,,,,,,,,,,,,,,,,,,,,,,,,,,,,,,,,,,,,,,,,,,,,,,
PretaxIncome,"88,914,000","31,361,000","-4,326,000","28,360,000","33,519,000","36,101,000","19,693,000","62,168,000","60,867,000","34,634,000","16,614,000","41,847,000","24,756,000","22,475,000","140,578,000","43,799,000","10,751,000","27,149,000","9,569,000","52,502,000","34,932,000","51,059,000","23,641,000","51,591,000","49,007,000","52,827,000","31,535,000","30,291,000","29,076,000","30,337,000","18,298,000","-7,243,000","25,045,000","27,677,000","29,013,000","23,700,000","-2,285,000","30,464,000","15,172,000","26,326,000","23,242,000","26,174,000","19,154,000","18,765,000","17,997,000","20,888,000","20,408,000","14,801,000","13,425,000","517,000","2,662,000","6,772,000","9,710,000","9,521,000","-1,659,000","4,682,000","5,695,000","7,099,000","8,083,000","7,804,000","6,017,000","6,561,000","3,313,000","5,626,000","3,757,000","4,839,000","2,806,000","5,025,000","559,000","4,850,000","-20,424,000","7,824,000","9,365,000","8,656,000","9,418,000","5,073,000","6,553,000","3,643,000","5,101,000","6,480,000","7,894,000","5,030,000","2,467,000","2,421,000","3,539,000","1,600,000","-1,344,000","394,000","2,383,000","-1,159,000"
TaxProvision,"24,773,000","7,705,000","487,000","7,613,000","8,968,000","9,223,000","7,521,000","15,355,000","15,956,000","6,542,000","6,355,000","10,759,000","6,505,000","5,684,000","28,654,000","11,811,000","2,775,000","6,602,000","-120,339,000","19,772,000","12,871,000","18,295,000","10,073,000","19,181,000","18,756,000","19,631,000","20,575,000","10,476,000","10,328,000","10,770,000","6,844,000","-2,830,000","8,907,000","9,900,000","10,221,000","8,350,000","-852,000","10,830,000","5,613,000","9,429,000","7,216,000","9,396,000","6,899,000","6,681,000","5,398,000","7,583,000","6,130,000","5,519,000","4,932,000","191,000","1,324,000","2,611,000","3,681,000","3,608,000","-563,000","1,792,000","2,165,000","2,690,000","2,915,000","2,958,000","2,280,000","2,487,000","444,000","2,183,000","1,448,000","1,887,000","1,155,000","1,965,000","223,000","1,892,000","-7,850,000","3,020,000","3,614,000","3,342,000","3,747,000","1,847,000","2,523,000","1,402,000","1,442,000","2,619,000","3,187,000","2,012,000","-144,000","1,336,000","1,845,000","992,000","718,000","205,000","1,239,000","-603,000"
NetIncomeCommonStockholders,"64,141,000","23,656,000","-4,813,000","20,747,000","24,551,000","26,878,000","12,172,000","46,813,000","44,911,000","28,092,000","10,259,000","31,088,000","18,251,000","16,791,000","111,924,000","31,988,000","7,976,000","20,547,000","129,908,000","32,730,000","22,061,000","32,764,000","13,568,000","32,410,000","30,251,000","33,196,000","10,960,000","19,815,000","18,748,000","19,567,000","11,454,000","-4,413,000","16,138,000","17,777,000","18,792,000","15,350,000","-1,433,000","19,634,000","9,559,000","16,897,000","16,026,000","16,778,000","12,255,000","12,084,000","12,599,000","13,305,000","14,278,000","9,282,000","8,493,000","326,000","1,338,000","4,161,000","6,029,000","5,913,000","-1,096,000","2,890,000","3,530,000","4,409,000","5,168,000","4,846,000","3,737,000","4,074,000","2,869,000","3,443,000","2,309,000","2,952,000","1,651,000","3,060,000","336,000","2,958,000","5,048,000","828,000","5,751,000","5,314,000","5,671,000","3,226,000","4,030,000","2,241,000","3,659,000","3,861,000","4,707,000","3,018,000","2,611,000","1,085,000","1,694,000","608,000","-2,062,000","189,000","1,144,000","-556,000"
	NetIncome,"64,141,000","23,656,000","-4,813,000","20,747,000","24,551,000","26,878,000","12,172,000","46,813,000","44,911,000","28,092,000","10,259,000","31,088,000","18,251,000","16,791,000","111,924,000","31,988,000","7,976,000","20,547,000","129,908,000","32,730,000","22,061,000","32,764,000","13,568,000","32,410,000","30,251,000","33,196,000","10,960,000","19,815,000","18,748,000","19,567,000","11,454,000","-4,413,000","16,138,000","17,777,000","18,792,000","15,350,000","-1,433,000","19,634,000","9,559,000","16,897,000","16,026,000","16,778,000","12,255,000","12,084,000","12,599,000","13,305,000","14,278,000","9,282,000","8,493,000","326,000","1,338,000","4,161,000","6,029,000","5,913,000","-1,096,000","2,890,000","3,530,000","4,409,000","5,168,000","4,846,000","3,737,000","4,074,000","2,869,000","3,443,000","2,309,000","2,952,000","1,651,000","3,060,000","336,000","2,958,000","-6,618,000","4,804,000","5,751,000","5,314,000","5,671,000","3,226,000","4,030,000","2,241,000","3,659,000","3,861,000","4,707,000","3,018,000","2,611,000","1,085,000","1,694,000","608,000","-2,062,000","189,000","1,144,000","-556,000"
		NetIncomeIncludingNoncontrollingInterests,"64,141,000","23,656,000","-4,813,000","20,747,000","24,551,000","26,878,000","12,172,000","46,813,000","44,911,000","28,092,000","10,259,000","31,088,000","18,251,000","16,791,000","111,924,000","31,988,000","7,976,000","20,547,000","129,908,000","32,730,000","22,061,000","32,764,000","13,568,000","32,410,000","30,251,000","33,196,000","10,960,000","19,815,000","18,748,000","19,567,000","11,454,000","-4,413,000","16,138,000","17,777,000","18,792,000","15,350,000","-1,433,000","19,634,000","9,559,000","16,897,000","16,026,000","16,778,000","12,255,000","12,084,000","12,599,000","13,305,000","14,278,000","9,282,000","8,493,000","326,000","1,338,000","4,161,000","6,029,000","5,913,000","-1,096,000","2,890,000","3,530,000","4,409,000","5,168,000","4,846,000","3,737,000","4,074,000","2,869,000","3,443,000","2,309,000","2,952,000","1,651,000","3,060,000","336,000","2,958,000","-6,618,000","4,804,000","5,751,000","5,314,000","5,671,000","3,226,000","4,030,000","2,241,000","3,659,000","3,861,000","4,707,000","3,018,000","2,611,000","1,085,000","1,694,000","608,000","-2,062,000","189,000","1,144,000","-556,000"
			NetIncomeContinuousOperations,"64,141,000","23,656,000","-4,813,000","20,747,000","24,551,000","26,878,000","12,172,000","46,813,000","44,911,000","28,092,000","10,259,000","31,088,000","18,251,000","16,791,000","111,924,000","31,988,000","7,976,000","20,547,000","129,908,000","32,730,000","22,061,000","32,764,000","13,568,000","32,410,000","30,251,000","33,196,000","10,960,000","19,815,000","18,748,000","19,567,000","11,454,000","-4,413,000","16,138,000","17,777,000","18,792,000","15,350,000","-1,433,000","19,634,000","9,559,000","16,897,000","16,026,000","16,778,000","12,255,000","12,084,000","12,599,000","13,305,000","14,278,000","9,282,000","8,493,000","326,000","1,338,000","4,161,000","6,029,000","5,913,000","-1,096,000","2,890,000","3,530,000","4,409,000","5,168,000","4,846,000","3,737,000","4,074,000","2,869,000","3,443,000","2,309,000","2,952,000","1,651,000","3,060,000","336,000","2,958,000","-12,574,000","4,804,000","5,751,000","5,314,000","5,671,000","3,226,000","4,030,000","2,241,000","3,659,000","3,861,000","4,707,000","3,018,000","2,611,000","1,085,000","1,694,000","608,000","-2,062,000","189,000","1,144,000","-556,000"
	PreferredStockDividends,,,,,,,,,,,,,,,,,,,,,,,,,,,,,,,,,,,,,,,,,,,,,,,,,,,,,,,,,,,,,,,,,,,,,,,,"3,976,000",,,,,,,,,,,,,,,,,,
DilutedNIAvailtoComStockholders,"64,141,000","23,656,000","-4,813,000","20,747,000","24,551,000","26,878,000","12,172,000","46,813,000","44,911,000","28,092,000","10,259,000","31,088,000","18,251,000","16,791,000","111,924,000","31,988,000","7,976,000","20,547,000","129,908,000","32,730,000","22,061,000","32,764,000","13,568,000","32,410,000","30,251,000","33,196,000","10,960,000","19,815,000","18,748,000","19,567,000","11,454,000","-4,413,000","16,138,000","17,777,000","18,792,000","15,350,000","-1,433,000","19,634,000","9,559,000","16,897,000","16,026,000","16,778,000","12,255,000","12,084,000","12,599,000","13,305,000","14,278,000","9,282,000","8,493,000","326,000","1,338,000","4,161,000","6,029,000","5,913,000","-1,096,000","2,890,000","3,530,000","4,409,000","5,168,000","4,846,000","3,737,000","4,074,000","2,869,000","3,443,000","2,309,000","2,952,000","1,651,000","3,060,000","336,000","2,958,000","5,048,000","828,000","5,751,000","5,314,000","5,671,000","3,226,000","4,030,000","2,241,000","3,659,000","3,861,000","4,707,000","3,018,000","2,611,000","1,085,000","1,694,000","608,000","-2,062,000","189,000","1,144,000","-556,000"
BasicEPS,,"0.34","-0.07","0.32","0.38","0.42","0.19","0.73","0.7","0.44","0.16","0.48","0.28","0.26","1.7","0.49","0.12","0.31","1.95","0.49","0.33","0.49","0.2","0.5","0.48","0.56","0.19","0.34","0.33","0.36","0.21","-0.08","0.3","0.33","0.35","0.29","-0.03","0.37","0.18","0.35","0.33","0.35",,"0.25","0.26","0.28",,"0.19","0.18","0.01",,"0.11","0.17","0.16",,"0.21","0.1","0.21",,"0.13","0.12","0.15",,"0.12","0.08","0.16",,"0.11","0.01","0.16",,"0.07","0.209","0.193",,"0.117","0.146","0.081",,"0.14","0.171","0.11",,"0.039","0.061","0.022",,"0.007","0.042","-0.02"
DilutedEPS,,"0.34","-0.07","0.32","0.38","0.41","0.19","0.72","0.7","0.44","0.16","0.48","0.28","0.26","1.7","0.48","0.12","0.31","1.95","0.49","0.33","0.49","0.2","0.5","0.48","0.56","0.19","0.34","0.33","0.36","0.21","-0.08","0.3","0.33","0.35","0.29","-0.03","0.37","0.18","0.35","0.33","0.35",,"0.25","0.26","0.27",,"0.19","0.18","0.01",,"0.11","0.17","0.16",,"0.21","0.1","0.21",,"0.13","0.12","0.15",,"0.12","0.08","0.16",,"0.11","0.01","0.16",,"0.05","0.209","0.193",,"0.117","0.146","0.081",,"0.14","0.171","0.11",,"0.039","0.061","0.022",,"0.007","0.042","-0.02"
BasicAverageShares,,"68,630,000","66,146,000","64,845,000","64,776,532","64,583,000","64,253,000","64,217,000","64,130,000","64,047,000","64,045,000","65,081,000","65,341,000","65,587,000","65,827,000","65,932,000","65,932,291","66,518,000","66,497,000","66,496,000","66,482,000","66,474,000","66,407,000","64,758,000","62,646,000","59,001,000","57,977,000","57,977,000","56,627,000","53,759,000","53,665,000","53,664,000","53,654,000","53,650,000","53,398,000","52,873,000","52,863,000","52,715,000","52,154,000","48,387,000","48,376,000","48,039,000",,"47,822,000","47,906,000","47,982,000",,"47,636,000","47,625,000","47,434,000",,"37,790,000","35,945,000","36,197,000",,"36,796,988","36,784,329","36,778,988",,"36,778,988","30,900,822","27,556,440",,"27,556,443","27,556,443","20,000,000",,"27,556,443","27,556,443","20,000,000",,"11,828,571","27,556,440","27,556,440",,"27,556,440","27,556,440","27,556,440",,"27,556,440","27,556,440","27,556,440",,"27,556,440","27,556,440","27,556,440",,"27,556,440","27,556,440","27,556,440"
DilutedAverageShares,,"69,017,000","66,874,000","65,493,000","65,409,844","65,210,000","64,927,000","64,801,000","64,410,000","64,084,000","64,045,000","65,103,000","65,391,000","65,617,000","65,934,000","66,021,000","65,932,291","66,715,000","66,687,000","66,644,000","66,711,000","66,784,000","66,666,000","65,038,000","62,872,000","59,103,000","58,084,000","58,057,000","56,683,000","53,800,000","53,797,000","53,664,000","53,719,000","53,707,000","53,660,000","53,120,000","52,863,000","52,942,000","52,602,000","48,743,000","48,724,000","48,337,000",,"48,479,000","48,637,000","48,686,000",,"48,601,000","48,450,000","47,728,000",,"37,790,000","35,945,000","36,197,000",,"36,796,988","36,784,329","36,778,988",,"36,778,988","30,900,822","27,556,440",,"27,556,443","27,556,443","20,000,000",,"27,556,443","27,556,443","20,000,000",,"16,560,000","27,556,440","27,556,440",,"27,556,440","27,556,440","27,556,440",,"27,556,440","27,556,440","27,556,440",,"27,556,440","27,556,440","27,556,440",,"27,556,440","27,556,440","27,556,440"
TotalOperatingIncomeAsReported,"190,424,000","56,324,000","21,125,000","53,860,000","59,115,000","61,979,000","43,307,000","87,896,000","85,015,000","60,220,000","45,195,000","65,940,000","47,410,000","45,291,000","174,265,000","70,418,000","39,292,000","56,179,000","37,592,000","75,971,000","57,159,000","68,680,000","44,372,000","69,692,000","67,062,000","72,869,000","48,793,000","41,563,000","40,138,000","41,876,000","30,339,000","4,344,000","42,596,000","38,819,000","39,926,000","37,610,000","36,223,000","40,237,000","37,418,000","38,320,000","35,104,000","38,163,000","30,975,000","27,088,000","26,338,000","29,078,000","28,895,000","25,136,000","24,323,000","26,363,000","21,644,000","21,016,000","21,847,000","23,810,000","19,367,000","16,244,000","308,603,000","19,670,000","20,743,000","20,178,000","21,546,000","18,686,000","13,998,000","16,110,000","14,686,000","15,697,000","13,253,000","15,483,000","10,987,000","15,284,000","3,923,000","16,019,000","17,159,000","16,468,000","17,400,000","14,299,000","13,327,000","10,866,000","11,940,000","11,866,000","13,399,000","11,402,000","9,133,000","9,571,000","11,057,000","7,001,000","7,825,000","9,546,000","11,512,000","7,464,000"
TotalExpenses,"1,877,124,000","483,182,000","527,577,000","461,105,000","405,260,000","443,155,000","466,934,000","407,863,000","427,524,000","389,150,000","424,977,000","340,371,000","323,787,000","367,443,000","460,176,000","352,184,000","349,086,000","375,550,000","436,092,000","332,393,000","310,975,000","349,194,000","369,284,000","248,555,000","233,909,000","280,109,000","293,498,000","171,737,000","153,507,000","175,246,000","207,651,000","170,500,000","168,499,000","159,321,000","171,621,000","143,740,000","124,659,000","130,957,000","136,288,000","115,835,000","113,508,000","119,176,000","119,023,000","105,922,000","103,115,000","102,327,000","112,971,000","100,008,000","96,822,000","98,819,000","113,964,000","102,855,000","101,052,000","94,828,000","115,488,000","100,271,000","100,581,000","96,672,000","111,641,000","96,825,000","96,658,000","85,059,000","97,209,000","85,744,000","90,579,000","77,283,000","89,466,000","76,833,000","83,129,000","74,827,000","92,478,000","75,922,000","76,576,000","74,209,000","83,823,000","69,011,000","63,042,000","56,588,000","66,777,000","59,034,000","64,451,000","54,808,000","78,622,000","75,061,000","77,033,000","64,955,000","85,350,000","79,534,000","84,255,000","65,930,000"
NetIncomeFromContinuingAndDiscontinuedOperation,"64,141,000","23,656,000","-4,813,000","20,747,000","24,551,000","26,878,000","12,172,000","46,813,000","44,911,000","28,092,000","10,259,000","31,088,000","18,251,000","16,791,000","111,924,000","31,988,000","7,976,000","20,547,000","129,908,000","32,730,000","22,061,000","32,764,000","13,568,000","32,410,000","30,251,000","33,196,000","10,960,000","19,815,000","18,748,000","19,567,000","11,454,000","-4,413,000","16,138,000","17,777,000","18,792,000","15,350,000","-1,433,000","19,634,000","9,559,000","16,897,000","16,026,000","16,778,000","12,255,000","12,084,000","12,599,000","13,305,000","14,278,000","9,282,000","8,493,000","326,000","1,338,000","4,161,000","6,029,000","5,913,000","-1,096,000","2,890,000","3,530,000","4,409,000","5,168,000","4,846,000","3,737,000","4,074,000","2,869,000","3,443,000","2,309,000","2,952,000","1,651,000","3,060,000","336,000","2,958,000","-12,574,000","4,804,000","5,751,000","5,314,000","5,671,000","3,226,000","4,030,000","2,241,000","3,659,000","3,861,000","4,707,000","3,018,000","2,611,000","1,085,000","1,694,000","608,000","-2,062,000","189,000","1,144,000","-556,000"
NormalizedIncome,"75,675,184.144","18,303,354","-4,813,000","20,747,000","24,551,000","26,878,000","12,172,000","46,813,000","44,911,000","28,092,000","10,985,787.228","31,088,000","18,251,000","16,791,000","-20,698,034.031","31,988,000","8,381,132","22,649,946","129,908,000","32,730,000","22,721,440","32,839,756","13,568,000","32,410,000","33,585,885","34,977,008","10,960,000","19,815,000","18,748,000","19,567,000","11,454,000","16,386,786","14,555,048","17,777,000","18,792,000","17,172,824","16,422,706","19,634,000","9,559,000","16,897,000","16,026,000","16,778,000","12,255,000","12,084,000","12,599,000","13,305,000","14,278,000","9,282,000","8,493,000","-9,273,659.574","7,542,900","4,575,133.786","6,029,000","5,913,000","-1,096,000","2,890,000","3,530,000","4,409,000","5,168,000","4,846,000","3,737,000","4,074,000","2,869,000","3,121,710.451","2,309,000","2,952,000","1,651,000","3,060,000","336,000","2,958,000","-12,574,000","4,804,000","5,751,000","5,314,000","5,671,000","3,226,000","4,030,000","2,241,000","3,659,000","3,861,000","4,707,000","3,018,000","-5,388,200","1,085,000","1,694,000","-7,740,400","-2,062,000","189,000","1,144,000","-556,000"
InterestExpense,"106,722,000","26,802,000","26,577,000","26,630,000","26,713,000","26,969,000","24,316,000","26,430,000","24,849,000","26,039,000","27,721,000","24,152,000","23,179,000","23,074,000","24,489,000","27,932,000","27,607,000","28,306,000","26,765,000","23,374,000","21,998,000","19,647,000","18,921,000","17,974,000","18,426,000","19,135,000","17,258,000","11,272,000","11,062,000","11,539,000","12,041,000","11,587,000","11,803,000","11,142,000","10,913,000","11,097,000","10,030,000","9,773,000","11,815,000","11,994,000",,"11,989,000","11,821,000","8,323,000","8,341,000","8,190,000","8,487,000","10,335,000","10,898,000","10,622,000","9,436,000","13,570,000","12,137,000","14,289,000",,,,,,,,,,,,,,,,,,,,,,,,,,,,,,,,,,,,
NetInterestIncome,"-106,722,000","-26,802,000","-26,577,000","-26,630,000","-26,713,000","-26,969,000","-24,316,000","-26,430,000","-24,849,000","-26,039,000","-27,721,000","-24,152,000","-23,179,000","-23,074,000","-24,489,000","-27,932,000","-27,607,000","-28,306,000","-26,765,000","-23,374,000","-21,998,000","-19,647,000","-18,921,000","-17,974,000","-18,426,000","-19,135,000","-17,258,000","-11,272,000","-11,062,000","-11,539,000","-12,041,000","-11,587,000","-11,803,000","-11,142,000","-10,913,000","-11,097,000","-10,030,000","-9,773,000","-11,815,000","-11,994,000","-11,862,000","-11,989,000","-11,821,000","-8,323,000","-8,341,000","-8,190,000","-8,487,000","-10,335,000","-10,898,000","-10,622,000","-9,436,000","-13,570,000","-12,137,000","-14,289,000",,,,,,,,,,,,,,,,,,,,,,,,,,,,,,,,,,,,
EBIT,"195,636,000","58,163,000","22,251,000","54,990,000","60,232,000","63,070,000","44,009,000","88,598,000","85,716,000","60,673,000","44,335,000","65,999,000","47,935,000","45,549,000","165,067,000","71,731,000","38,358,000","55,455,000","36,334,000","75,876,000","56,930,000","70,706,000","42,562,000","69,565,000","67,433,000","71,962,000","48,793,000","41,563,000","40,138,000","41,876,000","30,339,000","4,344,000","36,848,000","38,819,000","39,926,000","34,797,000","7,745,000","40,237,000","26,987,000","38,320,000","35,104,000","38,163,000","30,975,000","27,088,000","26,338,000","29,078,000","28,895,000","25,136,000","24,323,000","11,139,000","12,098,000","20,342,000","21,847,000","23,810,000","19,367,000","16,244,000","18,603,000","19,670,000","-3,029,887,000","20,178,000","21,546,000","18,686,000","13,998,000","16,110,000","14,686,000","15,697,000","13,253,000","15,483,000","10,987,000","15,284,000","3,923,000","16,019,000","17,159,000","16,468,000","17,400,000","14,299,000","13,327,000","10,866,000","11,940,000","11,866,000","13,399,000","11,402,000","9,133,000","9,571,000","11,057,000","7,001,000","7,825,000","9,546,000","11,512,000","7,464,000"
EBITDA,"292,732,000"
ReconciledCostOfRevenue,"1,587,395,000","412,657,000","449,567,000","390,614,000","334,557,000","369,327,000","388,243,000","345,910,000","364,805,000","330,662,000","362,339,000","284,084,000","266,635,000","312,645,000","398,908,000","298,671,000","298,471,000","319,918,000","364,214,000","277,637,000","249,055,000","283,342,000","300,061,000","197,435,000","190,869,000","231,467,000","248,770,000","137,294,000","127,478,000","145,854,000","177,032,000","142,489,000","136,160,000","129,823,000","140,600,000","116,486,000","101,742,000","109,029,000","110,872,000","96,369,000","94,406,000","98,095,000","98,209,000","89,159,000","84,949,000","84,223,000","92,521,000","83,812,000","79,661,000","81,108,000","95,941,000","83,361,000","84,035,000","77,942,000","100,007,000","82,712,000","82,602,000","78,544,000","89,876,000","75,702,000","78,257,000","68,494,000","79,936,000","70,020,000","74,379,000","65,114,000","77,227,000","64,772,000","70,370,000","63,283,000","69,930,000","64,924,000","64,269,000","61,691,000","68,699,000","57,225,000","52,862,000","47,388,000","55,923,000","48,703,000","53,576,000","45,505,000","51,625,000","49,202,000","49,888,000","41,810,000","66,712,000","46,311,000","49,874,000","37,754,000"
ReconciledDepreciation,"97,096,000","23,685,000","25,702,000","24,082,000","23,627,000","23,449,000","20,215,000","18,558,000","18,372,000","18,515,000","18,158,000","18,175,000","17,296,000","16,501,000","13,706,000","13,526,000","13,343,000","13,064,000","12,888,000","11,737,000","12,329,000","12,218,000","10,453,000","8,655,000","9,154,000","9,004,000","8,141,000","7,136,000","6,832,000","6,544,000","6,651,000","6,838,000","7,050,000","6,895,000","7,075,000","5,983,000","5,599,000","5,420,000","5,410,000","4,529,000","4,473,000","4,441,000","4,265,000","4,038,000","3,972,000","3,954,000","3,905,000","3,761,000","3,698,000","3,659,000","4,385,000","5,899,000","3,610,000","3,560,000","1,756,000","4,679,000","4,636,000","4,481,000","4,385,000","4,635,000","4,237,000","3,231,000","2,829,000","2,669,000","2,837,000","2,479,000","2,480,000","2,467,000","2,391,000","2,365,000","4,284,000","1,734,000","1,632,000","1,605,000","1,782,000","1,491,000","1,380,000","1,361,000","1,414,000","1,358,000","1,302,000","1,226,000","3,637,000","3,582,000","3,546,000","3,525,000","4,031,000","4,011,000","3,742,000","3,970,000"
NetIncomeFromContinuingOperationNetMinorityInterest,"64,141,000","23,656,000","-4,813,000","20,747,000","24,551,000","26,878,000","12,172,000","46,813,000","44,911,000","28,092,000","10,259,000","31,088,000","18,251,000","16,791,000","111,924,000","31,988,000","7,976,000","20,547,000","129,908,000","32,730,000","22,061,000","32,764,000","13,568,000","32,410,000","30,251,000","33,196,000","10,960,000","19,815,000","18,748,000","19,567,000","11,454,000","-4,413,000","16,138,000","17,777,000","18,792,000","15,350,000","-1,433,000","19,634,000","9,559,000","16,897,000","16,026,000","16,778,000","12,255,000","12,084,000","12,599,000","13,305,000","14,278,000","9,282,000","8,493,000","326,000","1,338,000","4,161,000","6,029,000","5,913,000","-1,096,000","2,890,000","3,530,000","4,409,000","5,168,000","4,846,000","3,737,000","4,074,000","2,869,000","3,443,000","2,309,000","2,952,000","1,651,000","3,060,000","336,000","2,958,000","-12,574,000","4,804,000","5,751,000","5,314,000","5,671,000","3,226,000","4,030,000","2,241,000","3,659,000","3,861,000","4,707,000","3,018,000","2,611,000","1,085,000","1,694,000","608,000","-2,062,000","189,000","1,144,000","-556,000"
TotalUnusualItemsExcludingGoodwill,"-15,989,000","7,099,000","-23,088,000",,,,"0",,,,"-1,177,000","0","0","0","166,575,000","0","-546,000","-2,778,000","0",,"-1,045,000","-118,000","0",,"-5,405,000","-2,836,000",,"0","0",,"0","-34,154,000","2,458,000",,"0","-2,813,000","-28,478,000",,"-10,431,000",,,,"0","0","0","0","0","0","0","15,224,000","-9,546,000","-674,000",,,,,,,,,,,"0","525,000",,,,,,,,,,,,,,,,,,,"13,332,000",,,"13,914,000",,,,
TotalUnusualItems,"-15,989,000","7,099,000","-23,088,000",,,,"0",,,,"-1,177,000","0","0","0","166,575,000","0","-546,000","-2,778,000","0",,"-1,045,000","-118,000","0",,"-5,405,000","-2,836,000",,"0","0",,"0","-34,154,000","2,458,000",,"0","-2,813,000","-28,478,000",,"-10,431,000",,,,"0","0","0","0","0","0","0","15,224,000","-9,546,000","-674,000",,,,,,,,,,,"0","525,000",,,,,,,,,,,,,,,,,,,"13,332,000",,,"13,914,000",,,,
NormalizedEBITDA,"308,721,000","74,749,000","47,953,000","79,072,000","83,859,000","86,519,000","64,224,000","107,156,000","104,088,000","79,188,000","63,670,000","84,174,000","65,231,000","62,050,000","12,198,000","85,257,000","52,247,000","71,297,000","49,222,000","87,613,000","70,304,000","83,042,000","53,015,000","78,220,000","81,992,000","83,802,000","56,934,000","48,699,000","46,970,000","48,420,000","36,990,000","45,336,000","41,440,000","45,714,000","47,001,000","43,593,000","41,822,000","45,657,000","32,397,000","42,849,000","39,577,000","42,604,000","35,240,000","31,126,000","30,310,000","33,032,000","32,800,000","28,897,000","28,021,000","-426,000","26,029,000","26,915,000","25,457,000","27,370,000","21,123,000","20,923,000","23,239,000","24,151,000","-3,025,502,000","24,813,000","25,783,000","21,917,000","16,827,000","18,254,000","17,523,000","18,176,000","15,733,000","17,950,000","13,378,000","17,649,000","8,207,000","17,753,000","18,791,000","18,073,000","19,182,000","15,790,000","14,707,000","12,227,000","13,354,000","13,224,000","14,701,000","12,628,000","-562,000","13,153,000","14,603,000","-3,388,000","11,856,000","13,557,000","15,254,000","11,434,000"
TaxRateForCalcs,"0.279","0.246","0.27","0.268","0.268","0.255","0.382","0.247","0.262","0.189","0.383","0.258","0.263","0.253","0.204","0.27","0.258","0.243","0.4","0.377","0.368","0.358","0.4","0.372","0.383","0.372","0.4","0.346","0.355","0.355","0.374","0.391","0.356","0.358","0.352","0.352","0.373","0.356","0.37","0.358","0.31","0.359","0.36","0.356","0.3","0.363","0.3","0.373","0.367","0.369","0.35","0.386","0.379","0.379","0.339","0.383","0.38","0.379","0.361","0.379","0.379","0.379","0.134","0.388","0.385","0.39","0.4","0.391","0.399","0.39","0.384","0.386","0.386","0.386","0.398","0.364","0.385","0.385","0.283","0.4","0.4","0.4","0.4","0.4","0.4","0.4","0.4","0.4","0.4","0.4"
TaxEffectOfUnusualItems,"-4,454,815.856","1,746,354","0","0","0","0","0","0","0","0","-450,212.772","0","0","0","33,952,965.969","0","-140,868","-675,054","0","0","-384,560","-42,244","0","0","-2,070,115","-1,054,992","0","0","0","0","0","-13,354,214","875,048","0","0","-990,176","-10,622,294","0","0","0","0","0","0","0","0","0","0","0","0","5,624,340.426","-3,341,100","-259,866.214","0","0","0","0","0","0","0","0","0","0","0","203,710.451","0","0","0","0","0","0","0","0","0","0","0","0","0","0","0","0","0","0","5,332,800","0","0","5,565,600","0","0","0","0"