name,ttm,03/31/2022,12/31/2021,09/30/2021,06/30/2021,03/31/2021,12/31/2020,09/30/2020,06/30/2020,03/31/2020,12/31/2019,09/30/2019,06/30/2019,03/31/2019,12/31/2018,09/30/2018,06/30/2018,03/31/2018,12/31/2017,09/30/2017,06/30/2017,03/31/2017,12/31/2016,09/30/2016,06/30/2016,03/31/2016,12/31/2015,09/30/2015,06/30/2015,03/31/2015,12/31/2014,09/30/2014,06/30/2014,03/31/2014,12/31/2013,09/30/2013,06/30/2013,03/31/2013,12/31/2012,09/30/2012,06/30/2012,03/31/2012,12/31/2011,09/30/2011,06/30/2011,03/31/2011,12/31/2010,09/30/2010,06/30/2010,03/31/2010,12/31/2009,09/30/2009,06/30/2009,03/31/2009,12/31/2008,09/30/2008,06/30/2008,03/31/2008,12/31/2007,09/30/2007,06/30/2007,03/31/2007,12/31/2006,09/30/2006,06/30/2006,03/31/2006,12/31/2005,09/30/2005,06/30/2005,03/31/2005,12/31/2004,09/30/2004,06/30/2004,03/31/2004,12/31/2003,09/30/2003,06/30/2003,03/31/2003,12/31/2002,09/30/2002,06/30/2002,03/31/2002,12/31/2001,09/30/2001,06/30/2001,03/31/2001,12/31/2000,09/30/2000,06/30/2000,03/31/2000,12/31/1999,09/30/1999,06/30/1999,03/31/1999,12/31/1998,09/30/1998,06/30/1998,03/31/1998,12/31/1997,09/30/1997,06/30/1997,03/31/1997,12/31/1996,09/30/1996,06/30/1996,03/31/1996,12/31/1995,09/30/1995,06/30/1995,03/31/1995,12/31/1994,09/30/1994,06/30/1994,03/31/1994,12/31/1993,09/30/1993,06/30/1993,03/31/1993,12/31/1992,09/30/1992,06/30/1992,03/31/1992,12/31/1991,09/30/1991,06/30/1991,03/31/1991,12/31/1990,09/30/1990,06/30/1990,03/31/1990,12/31/1989,09/30/1989,06/30/1989,03/31/1989,12/31/1988,09/30/1988,06/30/1988,03/31/1988,12/31/1987,09/30/1987,06/30/1987,03/31/1987,12/31/1986,09/30/1986,06/30/1986,03/31/1986,12/31/1985,09/30/1985
TotalRevenue,"2,139,240,000","823,570,000","562,508,000","380,590,000","372,572,000","633,432,000","486,387,000","346,590,000","326,914,000","537,050,000","477,654,000","325,548,000","333,888,000","597,810,000","501,196,000","321,979,000","355,704,000","575,389,000","436,147,000","342,138,000","347,978,000","554,003,000","463,788,000","333,786,000","325,441,000","449,959,000","318,259,000","272,105,000","272,254,000","441,987,000","378,077,000","272,087,000","283,237,000","460,169,000","355,448,000","259,907,000","279,826,000","380,671,000","318,862,000","246,808,000","242,363,000","365,851,000","339,303,000","256,460,000","273,125,000","403,300,000","329,273,000","264,355,000","271,291,000","442,332,000","348,488,000","225,799,000","257,349,000","437,943,000","407,775,000","291,892,000","153,273,000","179,211,000","183,084,000","162,354,000","163,943,000","186,533,000","173,570,000","157,608,000","153,813,000","171,890,000","413,171,000","373,011,000","309,443,000","305,685,000","287,404,000","279,614,000","280,355,000","274,328,000","258,502,000","410,862,000","300,044,000","299,332,000","111,704,000","112,572,000","394,309,000","301,874,000","275,418,000","302,398,000","419,049,000","561,693,000","585,645,000","453,231,000","336,978,000","247,959,000","217,800,000","219,800,000","186,200,000","168,300,000","262,400,000","144,200,000","141,400,000","131,100,000","131,400,000","98,200,000","40,200,000","43,800,000","41,200,000","42,600,000","37,800,000","41,100,000","40,100,000","39,300,000","34,600,000","35,900,000","36,700,000","38,600,000","34,600,000","35,700,000","35,800,000","36,300,000","32,900,000","34,400,000","35,300,000","35,400,000","32,200,000","32,500,000","33,300,000","35,200,000","31,100,000","33,800,000","32,000,000","33,200,000","30,100,000","32,300,000","30,800,000","30,000,000","27,500,000","31,700,000","84,600,000","73,700,000","61,600,000","60,200,000","30,800,000","32,300,000","31,300,000","28,000,000","30,800,000","25,900,000","27,700,000","27,500,000","29,700,000","28,100,000"
	OperatingRevenue,"2,139,240,000","823,570,000","562,508,000","380,590,000","372,572,000","633,432,000","486,387,000","346,590,000","326,914,000","537,050,000","477,654,000","325,548,000","333,888,000","597,810,000","501,196,000","321,979,000","355,704,000","575,389,000","436,147,000","342,138,000","347,978,000","554,003,000","463,788,000","333,786,000","325,441,000","449,959,000","318,259,000","272,105,000","272,254,000","441,987,000","378,077,000","272,087,000","283,237,000","460,169,000","355,448,000","259,907,000","279,826,000","380,671,000","318,862,000","246,808,000","242,363,000","365,851,000","339,303,000","256,460,000","273,125,000","403,300,000","329,273,000","264,355,000","271,291,000","442,332,000","348,488,000","225,799,000","257,349,000","437,943,000","407,775,000","291,892,000","153,273,000","179,211,000","183,084,000","162,354,000","163,943,000","186,533,000","173,570,000","157,608,000","153,813,000","171,890,000","413,171,000","373,011,000","309,443,000","305,685,000","287,404,000","279,614,000","280,355,000","274,328,000","258,502,000","410,862,000","300,044,000","299,332,000","111,704,000","112,572,000","394,309,000","301,874,000","275,418,000","302,398,000","419,049,000","561,693,000","585,645,000","453,231,000","336,978,000","247,959,000","217,800,000","219,800,000","186,200,000","168,300,000","262,400,000","144,200,000","141,400,000","131,100,000","131,400,000","98,200,000","40,200,000","43,800,000","41,200,000","42,600,000","37,800,000","41,100,000","40,100,000","39,300,000","34,600,000","35,900,000","36,700,000","38,600,000","34,600,000","35,700,000","35,800,000","36,300,000","32,900,000","34,400,000","35,300,000","35,400,000","32,200,000","32,500,000","33,300,000","35,200,000","31,100,000","33,800,000","32,000,000","33,200,000","30,100,000","32,300,000","30,800,000","30,000,000","27,500,000","31,700,000","84,600,000","73,700,000","61,600,000","60,200,000","30,800,000","32,300,000","31,300,000","28,000,000","30,800,000","25,900,000","27,700,000","27,500,000","29,700,000","28,100,000"
CostOfRevenue,"1,393,856,000","573,058,000","372,745,000","216,334,000","231,719,000","422,826,000","291,081,000","194,445,000","188,937,000","313,345,000","288,221,000","190,127,000","214,757,000","372,692,000","324,673,000","195,721,000","222,943,000","363,735,000","259,519,000","200,929,000","215,538,000","341,907,000","284,286,000","195,297,000","197,030,000","278,918,000","193,844,000","161,457,000","164,234,000","298,461,000","259,006,000","169,089,000","188,755,000","324,027,000","239,549,000","158,048,000","185,039,000","255,192,000","202,551,000","144,446,000","143,728,000","157,183,000","174,524,000","86,127,000","103,827,000","210,511,000","157,591,000","103,250,000","113,152,000","252,535,000","185,441,000","94,120,000","112,169,000","261,020,000","219,099,000","131,300,000","46,948,000","54,615,000","45,193,000","42,840,000","36,598,000","51,289,000","52,323,000","47,740,000","49,280,000","54,129,000","287,135,000","271,377,000","205,478,000","190,978,000","172,422,000","175,833,000","182,100,000","172,906,000","163,154,000","184,591,000","182,178,000","189,862,000","12,737,000","22,426,000","304,382,000","221,087,000","195,760,000","224,637,000","298,581,000","446,508,000","493,181,000","373,613,000","297,431,000","207,710,000","176,800,000","178,600,000","151,200,000","130,700,000","222,600,000","105,900,000","107,400,000","95,700,000","96,300,000","62,600,000","8,800,000","9,500,000","8,400,000","9,000,000","7,900,000","8,800,000","9,300,000","10,200,000","9,700,000","10,000,000","10,200,000","10,100,000","11,700,000","10,000,000",,,,,,,,,,,,,,,,,,,,,,,,,,,,,,,,,,
GrossProfit,"745,384,000","250,512,000","189,763,000","164,256,000","140,853,000","210,606,000","195,306,000","152,145,000","137,977,000","223,705,000","189,433,000","135,421,000","119,131,000","225,118,000","176,523,000","126,258,000","132,761,000","211,654,000","176,628,000","141,209,000","132,440,000","212,096,000","179,502,000","138,489,000","128,411,000","171,041,000","124,415,000","110,648,000","108,020,000","143,526,000","119,071,000","102,998,000","94,482,000","136,142,000","115,899,000","101,859,000","94,787,000","125,479,000","116,311,000","102,362,000","98,635,000","208,668,000","164,779,000","170,333,000","169,298,000","192,789,000","171,682,000","161,105,000","158,139,000","189,797,000","163,047,000","131,679,000","145,180,000","176,923,000","188,676,000","160,592,000","106,325,000","124,596,000","137,891,000","119,514,000","127,345,000","135,244,000","121,247,000","109,868,000","104,533,000","117,761,000","126,036,000","101,634,000","103,965,000","114,707,000","114,982,000","103,781,000","98,255,000","101,422,000","95,348,000","226,271,000","117,866,000","109,470,000","98,967,000","90,146,000","89,927,000","80,787,000","79,658,000","77,761,000","120,468,000","115,185,000","92,464,000","79,618,000","39,547,000","40,249,000","41,000,000","41,200,000","35,000,000","37,600,000","39,800,000","38,300,000","34,000,000","35,400,000","35,100,000","35,600,000","31,400,000","34,300,000","32,800,000","33,600,000","29,900,000","32,300,000","30,800,000","29,100,000","24,900,000","25,900,000","26,500,000","28,500,000","22,900,000","25,700,000",,,,,,,,,,,,,,,,,,,,,,,,,,,,,,,,,,
OperatingExpense,"300,917,000","77,159,000","75,788,000","74,383,000","73,587,000","72,291,000","69,355,000","69,911,000","71,044,000","70,520,000","68,074,000","64,870,000","65,130,000","64,987,000","62,396,000","61,173,000","63,210,000","63,380,000","54,788,000","62,690,000","63,574,000","64,585,000","69,542,000","67,787,000","67,616,000","82,955,000","53,005,000","50,817,000","52,394,000","51,574,000","49,120,000","48,594,000","47,905,000","46,544,000","44,796,000","46,293,000","45,750,000","45,633,000","42,893,000","51,837,000","51,176,000","138,620,000","118,314,000","128,894,000","126,676,000","137,076,000","126,259,000","113,163,000","127,304,000","120,095,000","112,408,000","114,770,000","119,366,000","100,153,000","226,547,000","117,904,000","80,802,000","88,032,000","92,169,000","86,956,000","82,029,000","79,289,000","81,321,000","68,922,000","72,102,000","78,392,000","79,299,000","132,139,000","66,911,000","78,190,000","73,956,000","66,468,000","70,981,000","73,417,000","186,306,000","70,060,000","79,794,000","70,702,000","66,938,000","56,472,000","57,033,000","50,595,000","64,640,000","48,322,000","56,463,000","53,605,000","52,388,000","37,099,000","24,347,000","23,377,000","25,500,000","24,500,000","21,200,000","21,500,000","37,000,000","20,500,000","20,500,000","20,300,000","20,400,000","19,900,000","18,600,000","18,800,000","18,700,000","18,600,000","18,600,000","18,100,000","18,700,000","17,300,000","15,900,000","16,400,000","16,400,000","17,000,000","15,300,000","16,000,000",,,,,,,,,,,,,,,,,,,,,,,,,,,,,,,,,,
	SellingGeneralAndAdministration,,,,,,,,,,,,,,,,,,,,,,,,,,,,,,,,,,,,,,,,,,,,,,,,"38,709,000","46,404,000","39,088,000","36,370,000","38,344,000","37,708,000","41,766,000","48,295,000","40,993,000","25,222,000","25,549,000","36,283,000","27,316,000","26,306,000","25,663,000","27,107,000","19,721,000","20,105,000","24,949,000","31,946,000","22,867,000","19,817,000","23,253,000","18,908,000","16,088,000","15,900,000","18,010,000","17,383,000","17,465,000","21,058,000","18,327,000","21,746,000","15,264,000","18,054,000","13,072,000","20,513,000","13,153,000","23,010,000","22,105,000","24,192,000","10,468,000","5,292,000","4,391,000","4,200,000","5,000,000","4,900,000","4,300,000","6,400,000","3,200,000","3,400,000","2,800,000","4,100,000","2,900,000","2,300,000","2,500,000","2,300,000","2,300,000","1,800,000","2,100,000","2,300,000","2,400,000","1,800,000","2,700,000","2,100,000","2,300,000","1,600,000","2,000,000",,,,,,,,,,,,,,,,,,,,,,,,,,,,,,,,,,
	DepreciationAmortizationDepletionIncomeStatement,"239,147,000","60,463,000","61,082,000","59,159,000","58,443,000","57,269,000","55,044,000","56,348,000","56,663,000","56,402,000","54,613,000","51,884,000","51,595,000","51,028,000","49,983,000","49,046,000","48,709,000","48,590,000","41,502,000","49,434,000","48,663,000","48,647,000","48,406,000","48,925,000","47,305,000","44,407,000","38,549,000","37,768,000","40,051,000","39,586,000","37,825,000","37,463,000","36,712,000","36,083,000","35,149,000","36,135,000","35,152,000","34,781,000","33,234,000","41,408,000","41,431,000","38,559,000","37,896,000","33,374,000","32,334,000","31,987,000","38,203,000","30,036,000","30,260,000","28,395,000","28,762,000","29,824,000","29,386,000","33,325,000","36,264,000","30,825,000","20,788,000","25,644,000","24,988,000","26,630,000","24,914,000","23,168,000","26,676,000","24,141,000","22,378,000","20,889,000","26,112,000","22,333,000","20,768,000","23,519,000","22,021,000","22,062,000","21,478,000","22,272,000","21,528,000","20,185,000","21,216,000","20,511,000","17,711,000","17,691,000","17,972,000","16,803,000","15,266,000","14,261,000","12,644,000","11,877,000","10,399,000","8,978,000","6,890,000","6,596,000","5,600,000","7,600,000","5,900,000","5,900,000","5,500,000","6,100,000","6,200,000","6,100,000","5,600,000","5,400,000","5,700,000","5,600,000","5,400,000","5,900,000","6,000,000","5,400,000","4,400,000","5,600,000","4,900,000","4,700,000","4,400,000","4,400,000","4,400,000","4,500,000",,,,,,,,,,,,,,,,,,,,,,,,,,,,,,,,,,
	OtherTaxes,"61,770,000","16,696,000","14,706,000","15,224,000","15,144,000","15,022,000","14,311,000","13,563,000","14,381,000","14,118,000","13,461,000","12,986,000","13,142,000","13,519,000","12,565,000","11,905,000","13,976,000","13,300,000","10,774,000","13,092,000","13,743,000","13,969,000","11,531,000","12,114,000","12,760,000","12,117,000","10,365,000","10,675,000","11,377,000","11,936,000","11,118,000","11,082,000","11,044,000","10,336,000","9,495,000","10,068,000","10,069,000","10,380,000","9,286,000","10,213,000","9,478,000","11,510,000","9,200,000","9,050,000","7,242,000","8,218,000","-7,128,000","10,937,000","11,120,000","12,673,000","9,760,000","11,171,000","11,811,000","11,698,000","9,704,000","11,609,000","10,472,000","10,636,000","9,479,000","8,347,000","10,091,000","9,899,000","9,160,000","8,570,000","7,546,000","10,551,000","9,029,000","8,958,000","8,660,000","8,369,000","6,693,000","5,545,000","7,793,000","8,431,000","7,513,000","6,519,000","8,576,000","7,808,000","1,892,000","5,983,000","5,621,000","6,308,000","6,356,000","5,656,000","5,410,000","5,571,000","4,226,000","3,794,000","3,195,000","3,688,000","3,800,000","3,300,000","2,300,000","3,500,000","3,100,000","3,100,000","3,100,000","3,200,000","2,600,000","3,100,000","3,100,000","3,300,000","3,000,000","3,200,000","3,200,000","3,200,000","3,100,000","2,600,000","2,700,000","2,700,000","2,700,000","2,700,000","2,400,000","2,600,000",,,,,,,,,,,,,,,,,,,,,,,,,,,,,,,,,,
	OtherOperatingExpenses,,,"900,000",,,,,,,,,,"393,000","440,000","-152,000","222,000","525,000","1,490,000","2,512,000","164,000","1,168,000","1,969,000","9,605,000","6,748,000","7,551,000","26,431,000","4,091,000","2,374,000","966,000","52,000","177,000","49,000","149,000","125,000","152,000","90,000","529,000","472,000","373,000","216,000","267,000","1,196,000","148,000","259,000","52,000","251,000","980,000","-6,238,000",,"-2,683,000","0",,,"-25,971,000",,,,,"594,000","2,721,000",,,,,,,"-7,599,000","59,210,000","-2,879,000","-1,475,000",,,,"249,000",,,,,,"864,000",,,,,,,,,,,,,,,,,,,,,,,,,,,,,,,,,,,,,,,,,,,,,,,,,,,,,,,,,,,,,,,,,,,,
OperatingIncome,"444,467,000","173,353,000","113,975,000","89,873,000","67,266,000","138,315,000","125,951,000","82,234,000","66,933,000","153,185,000","121,359,000","70,551,000","54,001,000","160,131,000","114,127,000","65,085,000","69,551,000","148,274,000","121,840,000","78,519,000","68,866,000","147,511,000","109,960,000","70,702,000","60,795,000","88,086,000","71,410,000","59,831,000","55,626,000","91,952,000","69,951,000","54,404,000","46,577,000","89,598,000","71,103,000","55,566,000","49,037,000","79,846,000","73,418,000","50,525,000","47,459,000","70,048,000","46,465,000","41,439,000","42,622,000","55,713,000","45,423,000","47,942,000","30,835,000","69,702,000","50,639,000","16,909,000","25,814,000","76,770,000","-37,871,000","42,688,000","25,523,000","36,564,000","45,722,000","32,558,000","45,316,000","55,955,000","39,926,000","40,946,000","32,431,000","39,369,000","46,737,000","-30,505,000","37,054,000","36,517,000","41,026,000","37,313,000","27,274,000","28,005,000","-90,958,000","156,211,000","38,072,000","38,768,000","32,029,000","33,674,000","32,894,000","30,192,000","15,018,000","29,439,000","64,005,000","61,580,000","40,076,000","42,519,000","15,200,000","16,872,000","15,500,000","16,700,000","13,800,000","16,100,000","2,800,000","17,800,000","13,500,000","15,100,000","14,700,000","15,700,000","12,800,000","15,500,000","14,100,000","15,000,000","11,300,000","14,200,000","12,100,000","11,800,000","9,000,000","9,500,000","10,100,000","11,500,000","7,600,000","9,700,000","35,800,000","36,300,000","32,900,000","34,400,000","35,300,000","35,400,000","32,200,000","32,500,000","33,300,000","35,200,000","31,100,000","33,800,000","32,000,000","33,200,000","30,100,000","32,300,000","30,800,000","30,000,000","27,500,000","31,700,000","84,600,000","73,700,000","61,600,000","60,200,000","30,800,000","32,300,000","31,300,000","28,000,000","30,800,000","25,900,000","27,700,000","27,500,000","29,700,000","28,100,000"
NetNonOperatingInterestIncomeExpense,"-153,349,000","-38,545,000","-38,584,000","-38,018,000","-38,202,000","-37,600,000","-36,431,000","-36,041,000","-35,545,000","-35,453,000","-35,190,000","-33,487,000","-34,265,000","-34,717,000","-35,149,000","-35,297,000","-34,534,000","-34,995,000","-34,812,000","-34,001,000","-33,889,000","-34,400,000","-35,407,000","-35,252,000","-32,641,000","-30,683,000","-23,308,000","-21,206,000","-18,556,000","-19,028,000","-18,490,000","-16,794,000","-16,808,000","-16,943,000","-42,151,000","-22,655,000","-22,212,000","-23,047,000","-31,005,000","-25,809,000","-26,041,000","-29,316,000","-24,785,000","-26,153,000","-25,728,000","-23,378,000","-23,888,000","-24,080,000","-22,538,000","-21,520,000","-21,332,000","-20,364,000","-23,009,000","-18,373,000",,,,,,,,,,,,,,,,,,,,,,,,,,,,,,,,,,,,,,,,,,,,,,,,,,,,,,,,,,,,,,,,,,,,,,,,,,,,,,,,,,,,,,,,,,,,,,
	InterestIncomeNonOperating,"1,759,000","276,000","430,000","586,000","467,000","225,000","433,000","480,000","220,000","328,000","424,000","513,000","396,000","299,000","629,000","382,000","320,000","310,000","316,000","402,000","257,000","41,000","-1,084,000","912,000","946,000","655,000","458,000","414,000","301,000","448,000","384,000","575,000","576,000","390,000","398,000","565,000","475,000","285,000","529,000","364,000","627,000","437,000","419,000","563,000","475,000","560,000","165,000","199,000","84,000","246,000","428,000","327,000","329,000","528,000",,,,,,,,,,,,,,,,,,,,,,,,,,,,,,,,,,,,,,,,,,,,,,,,,,,,,,,,,,,,,,,,,,,,,,,,,,,,,,,,,,,,,,,,,,,,,,
	InterestExpenseNonOperating,"155,108,000","38,821,000","39,014,000","38,604,000","38,669,000","37,825,000","36,864,000","36,521,000","35,765,000","35,781,000","35,614,000","34,000,000","34,661,000","35,016,000","35,778,000","35,679,000","34,854,000","35,305,000","35,128,000","34,403,000","34,146,000","34,441,000","34,323,000","36,164,000","33,587,000","31,338,000","23,766,000","21,620,000","18,857,000","19,476,000","18,874,000","17,369,000","17,384,000","17,333,000","42,549,000","23,220,000","22,687,000","23,332,000","31,534,000","26,173,000","26,668,000","29,753,000","25,204,000","26,716,000","26,203,000","23,938,000","24,053,000","24,279,000","22,622,000","21,766,000","21,760,000","20,691,000","23,338,000","18,901,000",,,,,,,,,,,,,,,,,,,,,,,,,,,,,,,,,,,,,,,,,,,,,,,,,,,,,,,,,,,,,,,,,,,,,,,,,,,,,,,,,,,,,,,,,,,,,,
	TotalOtherFinanceCost,,,,,,,,,,,"35,200,000","33,500,000",,,,,,,,,,,,,,,,,,,,,,,,,,,,,,,,,,,,,,,,,,,,,,,,,,,,,,,,,,,,,,,,,,,,,,,,,,,,,,,,,,,,,,,,,,,,,,,,,,,,,,,,,,,,,,,,,,,,,,,,,,,,,,,,,,,,,,,,
OtherIncomeExpense,"1,842,000","704,000","-231,000","1,560,000","-191,000","266,000","-1,590,000","-1,193,000","-1,863,000","-4,506,000","-5,795,000","-19,161,000","264,000","-789,000","743,000","-510,000","-1,309,000","-104,000","97,000","885,000","736,000","390,000","-53,869,000","-10,922,000","-24,562,000","-13,101,000","-69,798,000","-60,603,000","-99,182,000","387,000","592,000","558,000","702,000","830,000","1,136,000","3,547,000","19,309,000","8,061,000","6,842,000","27,799,000","-41,337,000","14,312,000","2,933,000","-34,013,000","-4,138,000","6,491,000","27,323,000","-12,796,000","-23,390,000","-589,000","20,136,000","-3,954,000","2,207,000","-26,422,000","4,849,000","1,530,000","2,129,000","576,000","-3,373,000","641,000","671,000","1,194,000","1,783,000","721,000","-1,022,000","801,000","6,571,000","3,573,000","392,000","301,000","511,000","398,000","-626,000","286,000","117,356,000","-115,994,000","5,406,000","640,000","1,768,000","1,292,000","1,355,000","1,816,000","-150,000","5,453,000","2,965,000","1,412,000","-2,165,000","2,259,000","2,816,000","1,484,000","2,700,000","2,000,000","900,000","800,000","1,000,000","300,000","900,000","900,000","700,000","400,000","400,000","400,000","1,300,000","500,000","500,000","700,000","800,000","800,000","300,000","500,000","500,000","500,000","500,000","300,000",,,,,,,,,,,,,,,,,,,,,,,,,,,,,,,,,,
	GainOnSaleOfSecurity,,,,,,,,,,,,,,,,,,,,,,,,,,,,,,,,,,,"776,000","3,144,000","18,793,000","7,456,000","4,784,000","605,000","-15,552,000",,,,,,,,,,,,,,,,,,,,,,,,,,,,,,,,,,,,,,,,,,,,,,,,,,,,,,,,,,,,,,,,,,,,,,,,,,,,,,,,,,,,,,,,,,,,,,,,,,,,,,,,,,,
	SpecialIncomeCharges,,,"0","0","0","0","0","0","0","-6,859,000","-14,000","-19,430,000","127,000","48,000","116,000","193,000","242,000","68,000","339,000","696,000","794,000","492,000","-54,301,000","-11,082,000","-24,515,000","-13,789,000","-70,114,000","-61,445,000","-99,577,000","56,000","166,000","297,000","293,000","238,000","280,000","85,000","42,000","200,000","1,716,000","27,481,000","-26,673,000","14,312,000","2,933,000","-34,013,000","-4,138,000","6,491,000","27,323,000","-12,796,000","-23,390,000","-589,000","20,136,000","-3,954,000","2,207,000","-26,422,000","4,849,000","1,530,000","2,129,000","576,000","-3,373,000","641,000","671,000","1,194,000","1,783,000","721,000","-1,022,000","801,000","6,571,000","3,573,000","392,000","301,000","511,000","398,000","-626,000","286,000","117,356,000","-115,994,000","5,406,000","640,000","1,768,000","1,292,000","1,355,000","1,816,000","-150,000","5,453,000","2,965,000","1,412,000","-2,165,000","2,259,000","2,816,000","1,484,000","2,700,000","2,000,000","900,000","800,000","1,000,000","300,000","900,000","900,000","700,000","400,000","400,000","400,000","1,300,000","500,000","500,000","700,000","800,000","800,000","300,000","500,000","500,000","500,000","500,000","300,000",,,,,,,,,,,,,,,,,,,,,,,,,,,,,,,,,,
		ImpairmentOfCapitalAssets,,,,,,,,,,,,,,,,,,,,"0","0","0","54,671,000","12,293,000","25,497,000","14,496,000","71,213,000","61,875,000","94,484,000",,,,,,"0","0","0",,"0","0","26,868,000",,,,,,"0","0","0","0","0","0","0","43,301,000",,,,,,,,,,,,,,,,,,,,,,,,,,,,,,,,,,,,,,,,,,,,,,,,,,,,,,,,,,,,,,,,,,,,,,,,,,,,,,,,,,,,,,,,,,,,,,
		WriteOff,,,"0","0","0","0","0","0","0","6,859,000","0","19,741,000",,,,,,,,,,,"0","0","0",,"-765,000","0","5,170,000",,,,,,,,,,,,,,,,,,,,,,,,,,,,,,,,,,,,,,,,,,,,,,,,,,,,,,,,,,,,,,,,,,,,,,,,,,,,,,,,,,,,,,,,,,,,,,,,,,,,,,,,,,,,,,,,,,,,,,,
		OtherSpecialCharges,,,,,,,,,,,"14,000","-311,000","-127,000","-48,000","-116,000","-193,000","-242,000","-68,000","-339,000","-696,000","-794,000","-492,000","-370,000","-1,211,000","-982,000","-707,000","-334,000","-430,000","-77,000","-56,000","-166,000","-297,000","-293,000","-238,000","-280,000","-85,000","-42,000","-200,000","128,000","-196,000","-195,000",,,,,,"-27,323,000","12,796,000","23,390,000","589,000","-20,136,000","3,954,000","-2,207,000","-16,879,000",,,,,,,,,,,,,,,,,,,,,,,,,,,,,,,,,,,,,,,,,,,,,,,,,,,,,,,,,,,,,,,,,,,,,,,,,,,,,,,,,,,,,,,,,,,,,,
		GainOnSaleOfPPE,,,,,,,,,,,,,,,,,,,,,,,,,,,,,,,,,,,"0","0",,,"1,844,000","27,285,000",,,,,,,,,,,,,,,,,,,,,,,,,,,,,,,,,,,,,,,,,,,,,,,,,,,,,,,,,,,,,,,,,,,,,,,,,,,,,,,,,,,,,,,,,,,,,,,,,,,,,,,,,,,,
	OtherNonOperatingIncomeExpenses,"1,842,000","704,000","-231,000","1,560,000","-191,000","266,000","-1,590,000","-1,193,000","-1,863,000","2,353,000","-5,781,000","269,000","137,000","-837,000","627,000","-703,000","-1,551,000","-172,000","-242,000","189,000","-58,000","-102,000","432,000","160,000","-47,000","688,000","316,000","842,000","395,000","331,000","426,000","261,000","409,000","592,000","80,000","318,000","474,000","405,000","342,000","-287,000","888,000",,,,,,,,,,,,,,,,,,,,,,,,,,,,,,,,,,,,,,,,,,,,,,,,,,,,,,,,,,,,,,,,,,,,,,,,,,,,,,,,,,,,,,,,,,,,,,,,,,,,,,,,,,,
PretaxIncome,"292,960,000","135,512,000","75,160,000","53,415,000","28,873,000","100,981,000","87,930,000","45,000,000","29,525,000","113,226,000","80,374,000","17,903,000","20,000,000","124,625,000","79,721,000","29,278,000","33,708,000","113,175,000","87,125,000","45,403,000","35,713,000","113,501,000","20,684,000","24,528,000","3,592,000","44,302,000","-21,696,000","-21,978,000","-62,112,000","73,311,000","52,053,000","38,168,000","30,471,000","73,485,000","30,088,000","36,458,000","46,134,000","64,860,000","49,255,000","52,515,000","-19,919,000","55,044,000","24,613,000","-18,727,000","12,756,000","38,826,000","48,858,000","11,066,000","-15,093,000","47,593,000","49,443,000","-7,409,000","38,294,000","31,648,000","-147,963,000","29,834,000","19,025,000","25,444,000","34,156,000","25,269,000","37,826,000","48,513,000","30,781,000","29,561,000","18,754,000","28,752,000","41,481,000","-37,730,000","24,547,000","24,379,000","29,484,000","25,917,000","14,226,000","14,290,000","13,741,000","26,606,000","26,996,000","25,571,000","21,067,000","26,862,000","22,606,000","20,701,000","5,332,000","26,525,000","56,020,000","50,744,000","33,468,000","24,894,000","11,752,000","13,092,000","14,700,000","14,300,000","10,800,000","13,100,000","-300,000","14,400,000","11,000,000","12,200,000","11,800,000","12,500,000","9,900,000","12,500,000","11,900,000","12,000,000","8,400,000","11,600,000","9,100,000","10,100,000","8,300,000","8,700,000","9,400,000","10,200,000","6,400,000","8,200,000",,,,,,,,,,,,,,,,,,,,,,,,,,,,,,,,,,
TaxProvision,"21,163,000","14,488,000","836,000","5,253,000","586,000","494,000","7,434,000","4,651,000","4,831,000","16,002,000","7,502,000","2,508,000","2,307,000","17,263,000","-11,883,000","7,477,000","6,541,000","-25,802,000","15,805,000","13,805,000","10,402,000","33,355,000","-730,000","6,644,000","309,000","4,252,000","-7,520,000","-12,035,000","-20,317,000","25,120,000","18,046,000","11,332,000","10,651,000","25,366,000","11,081,000","13,334,000","15,616,000","21,577,000","18,343,000","17,914,000","-7,574,000","19,717,000","8,430,000","-8,159,000","5,044,000","12,909,000","15,426,000","-1,461,000","-5,143,000","16,476,000","17,015,000","-3,437,000","13,713,000","6,023,000","-51,384,000","10,312,000","5,875,000","8,872,000","9,406,000","7,627,000","12,595,000","16,013,000","9,863,000","7,362,000","6,386,000","10,191,000","14,863,000","-14,080,000","8,507,000","8,514,000","9,129,000","8,569,000","4,674,000","4,326,000","4,015,000","8,965,000","10,336,000","8,713,000","4,937,000","9,413,000","7,887,000","6,778,000","566,000","10,159,000","21,167,000","18,652,000","14,064,000","8,572,000","3,691,000","4,031,000","4,100,000","4,600,000","3,000,000","4,100,000","-400,000","4,800,000","3,500,000","3,700,000","3,400,000","3,900,000","3,100,000","3,900,000","3,700,000","3,800,000","2,500,000","3,600,000","2,100,000","3,200,000","2,700,000","2,700,000","2,800,000","3,200,000","2,000,000","2,400,000",,,,,,,,,,,,,,,,,,,,,,,,,,,,,,,,,,
EarningsFromEquityInterestNetOfTax,,,,,,,,,,,,,,,,,,,,,,,"0","0","0","0","0","0","-47,000","-297,000","0","0","0","-1,000","0","0","0","-86,000","22,000","22,000","22,000","-56,000","45,000","43,000","40,000","993,000","88,000","-137,000","1,291,000","317,000",,,,,,,,,,,,,,,,,,,,,,,,,,,,,,,,,,,,,,,,,,,,,,,,,,,,,,,,,,,,,,,,,,,,,,,,,,,,,,,,,,,,,,,,,,,,,,,,,,
NetIncomeCommonStockholders,"257,954,000","117,526,000","71,155,000","44,112,000","25,161,000","96,316,000","77,185,000","36,283,000","20,966,000","93,174,000","69,179,000","11,740,000","14,583,000","103,808,000","86,571,000","16,950,000","21,917,000","133,004,000","50,653,000","27,663,000","22,195,000","76,523,000","18,168,000","14,131,000","669,000","40,002,000","-14,176,000","-9,943,000","-41,842,000","47,894,000","34,007,000","26,836,000","19,820,000","48,118,000","18,123,000","23,124,000","30,518,000","43,197,000","30,767,000","34,457,000","-13,483,000","29,787,000","25,593,000","-10,525,000","7,752,000","26,910,000","33,520,000","12,390,000","-8,659,000","31,434,000","32,763,000","-2,180,000","24,581,000","26,391,000","-98,818,000","164,911,000","22,196,000","16,791,000","23,756,000","17,464,000","25,098,000","32,453,000","20,831,000","22,280,000","11,757,000","26,151,000","26,613,000","-23,903,000","14,890,000","15,661,000","19,415,000","17,102,000","11,437,000","9,698,000","7,854,000","22,387,000","16,603,000","14,121,000","16,075,000","17,393,000","13,751,000","14,008,000","4,712,000","16,235,000","34,553,000","32,050,000","19,363,000","16,285,000","8,061,000","9,061,000","10,600,000","9,700,000","7,800,000","9,000,000","100,000","9,600,000","7,500,000","8,500,000","8,400,000","8,600,000","6,800,000","8,600,000","8,200,000","8,200,000","5,900,000","8,000,000","7,000,000","6,900,000","5,600,000","6,000,000","6,600,000","7,000,000","4,400,000","5,800,000","6,200,000","6,000,000","4,600,000","6,100,000","6,200,000","6,300,000","5,600,000","5,600,000","4,800,000","6,900,000","4,300,000","6,700,000","5,400,000","6,300,000","4,700,000","6,500,000","5,800,000","5,400,000","4,000,000",,,,,,,,,,,,,,,
	NetIncome,"257,954,000","117,526,000","71,155,000","44,112,000","25,161,000","96,316,000","77,185,000","36,283,000","20,966,000","93,174,000","69,179,000","11,740,000","14,583,000","103,808,000","86,571,000","16,950,000","21,917,000","133,004,000","50,653,000","27,663,000","22,195,000","76,523,000","18,168,000","14,131,000","669,000","40,002,000","-14,176,000","-9,943,000","-41,842,000","47,894,000","34,007,000","26,836,000","19,820,000","48,118,000","18,123,000","23,124,000","30,518,000","43,197,000","30,767,000","34,457,000","-13,483,000","29,787,000","25,593,000","-10,525,000","7,752,000","26,910,000","33,520,000","12,390,000","-8,659,000","31,434,000","32,763,000","-2,180,000","24,581,000","26,391,000","-98,818,000","164,911,000","22,196,000","16,791,000","23,756,000","17,464,000","25,098,000","32,453,000","20,831,000","22,280,000","11,757,000","26,151,000","26,613,000","-23,903,000","14,970,000","15,740,000","19,492,000","17,180,000","11,515,000","9,786,000","7,940,000","22,444,000","16,660,000","14,178,000","16,130,000","17,449,000","13,807,000","14,064,000","4,766,000","16,366,000","34,853,000","32,092,000","19,404,000","16,322,000","8,061,000","9,061,000","10,600,000","9,700,000","7,800,000","9,000,000","100,000","9,600,000","7,500,000","8,500,000","8,400,000","8,600,000","6,800,000","8,600,000","8,200,000","8,200,000","5,900,000","8,000,000","7,000,000","6,900,000","5,600,000","6,000,000","6,600,000","7,000,000","4,400,000","5,800,000","6,200,000","6,000,000","4,600,000","6,100,000","6,200,000","6,300,000","5,600,000","5,600,000","4,800,000","6,900,000","4,300,000","6,700,000","5,400,000","6,300,000","4,700,000","6,500,000","5,800,000","5,400,000","4,000,000",,,,,,,,,,,,,,,
		NetIncomeIncludingNoncontrollingInterests,"271,797,000","121,024,000","74,324,000","48,162,000","28,287,000","100,487,000","80,496,000","40,349,000","24,694,000","97,224,000","72,872,000","15,395,000","17,693,000","107,362,000","90,344,000","20,944,000","24,740,000","136,634,000","54,221,000","31,598,000","25,311,000","80,146,000","21,414,000","17,884,000","3,283,000","40,050,000","-14,176,000","-9,943,000","-41,842,000","47,894,000","34,007,000","26,836,000","19,820,000","48,118,000","18,123,000","23,124,000","30,518,000","43,197,000","30,767,000","34,457,000","-13,483,000","29,787,000","25,593,000","-10,525,000","7,752,000","26,910,000","33,520,000","12,390,000","-8,659,000","31,434,000","32,763,000","-2,180,000","24,581,000","26,391,000","-98,818,000","164,911,000","22,249,000","16,868,000","23,848,000","17,561,000","25,193,000","32,547,000","21,068,000","22,375,000","11,848,000","26,237,000","26,691,000","-23,829,000","15,035,000","15,800,000","19,544,000","17,228,000","11,559,000","9,828,000","7,940,000","22,444,000","18,078,000","14,106,000","16,678,000","15,961,000","15,643,000","16,330,000","4,544,000","16,203,000","37,464,000","34,052,000","20,466,000","26,598,000","8,061,000","9,061,000","11,600,000","9,200,000","7,500,000","9,000,000","100,000","9,600,000","7,500,000","8,500,000","8,400,000","8,600,000","6,800,000","8,600,000","8,200,000","8,200,000","5,900,000","8,000,000","7,000,000","6,900,000","5,600,000","6,000,000","6,600,000","7,000,000","4,400,000","5,800,000","6,200,000","6,000,000","4,600,000","6,100,000","6,200,000","6,300,000","5,600,000","5,600,000","4,800,000","6,900,000","4,300,000","6,700,000","5,400,000","6,300,000","4,700,000","6,500,000","5,800,000","5,400,000","4,000,000","6,000,000","5,200,000","5,600,000","5,100,000","5,900,000","5,300,000","5,700,000","5,900,000","3,500,000","4,700,000","3,200,000","3,800,000","4,100,000","4,600,000","4,100,000"
			NetIncomeContinuousOperations,"271,797,000","121,024,000","74,324,000","48,162,000","28,287,000","100,487,000","80,496,000","40,349,000","24,694,000","97,224,000","72,872,000","15,395,000","17,693,000","107,362,000","91,604,000","21,801,000","27,167,000","138,977,000","71,320,000","31,598,000","25,311,000","80,146,000","21,414,000","17,884,000","3,283,000","40,050,000","-14,176,000","-9,943,000","-41,842,000","47,894,000","34,007,000","26,836,000","19,820,000","48,118,000","19,007,000","23,124,000","30,518,000","43,197,000","30,934,000","34,623,000","-12,323,000","35,271,000","16,228,000","-10,525,000","7,752,000","26,910,000","33,520,000","12,390,000","-8,659,000","31,434,000","32,403,000","-3,853,000","24,581,000","25,625,000","-96,579,000","19,522,000","13,150,000","16,572,000","24,750,000","17,642,000","25,231,000","32,500,000","20,918,000","22,199,000","12,368,000","18,561,000","26,618,000","-23,650,000","16,040,000","15,865,000","20,355,000","17,348,000","9,552,000","9,964,000","9,726,000","17,641,000","16,660,000","16,858,000","16,130,000","17,449,000","14,719,000","13,923,000","4,766,000","16,366,000","34,853,000","32,092,000","19,404,000","16,322,000","8,061,000","9,061,000","10,600,000","9,700,000","7,800,000","9,000,000","100,000","9,600,000","7,500,000","8,500,000","8,400,000","8,600,000","6,800,000","8,600,000","8,200,000","8,200,000","5,900,000","8,000,000","7,000,000","6,900,000","5,600,000","6,000,000","6,600,000","7,000,000","4,400,000","5,800,000","6,200,000","6,000,000","4,600,000","6,100,000","6,200,000","6,300,000","5,600,000","5,600,000","4,800,000","6,900,000","4,300,000","6,700,000","5,400,000","6,300,000","4,700,000","6,500,000","5,800,000","5,600,000","4,700,000","6,000,000","5,100,000","5,300,000","4,800,000","5,900,000","5,300,000","5,700,000","5,900,000","3,500,000","4,700,000","3,200,000","3,800,000","4,100,000","4,600,000","4,100,000"
			NetIncomeDiscontinuousOperations,,,,,,,,,,,"0","0","0","0","-1,260,000","-857,000","-2,427,000","-2,343,000","-13,600,000",,,,,,,,,,,,,,,,"-884,000","0","0","0","-167,000","-166,000","-1,160,000","-5,484,000",,,,,"0","0","0","0","360,000","1,673,000","0","766,000","-2,239,000","145,389,000","9,046,000","219,000","-994,000","-178,000","-133,000","-47,000","-87,000","81,000","-611,000","7,590,000","-5,000","-253,000","-1,070,000","-125,000","-863,000","-168,000","1,963,000","-178,000","729,000","4,803,000",,,"0",,"-912,000",,,,,,,,,,,,,,,,,,,,,,,,,,,,,,,,,,,,,,,,,,,,,,,,,,"0","-200,000","-700,000",,"100,000","300,000","300,000",,,,,,,,,,,
			NetIncomeExtraordinary,,,,,,,,,,,,,,,,,,,,,,,,,,,,,,,,,,,,,,,,,,,,,,,,,,,,,,,,,,,,,,,,,,,,,,,,,,,"-2,515,000",,,"-2,680,000","0",,,"141,000",,,,,,,,,,,,,,,,,,,,,,,,,,,,,,,,,,,,,,,,,,,,,,,,,,,,,,,,,,,,,,,,,,
		MinorityInterests,"-13,843,000","-3,498,000","-3,169,000","-4,050,000","-3,126,000","-4,171,000","-3,311,000","-4,066,000","-3,728,000","-4,050,000","-3,693,000","-3,655,000","-3,110,000","-3,554,000","-3,773,000","-3,994,000","-2,823,000","-3,630,000","-3,568,000","-3,935,000","-3,116,000","-3,623,000","-3,246,000","-3,753,000","-2,614,000","-48,000",,,,,,,,,,,,,,,,,,,,,,,,,"0","0","0","0","0",,"-53,000","-77,000","-92,000","-97,000","-95,000","-94,000","-237,000","-95,000","-91,000","-86,000","-78,000","-74,000","-65,000","-60,000","-52,000","-48,000","-44,000","-42,000",,,"-1,418,000","72,000","-548,000","1,488,000","-1,836,000","-2,266,000","222,000","163,000","-2,611,000","-1,960,000","-1,062,000","-10,276,000",,,,"500,000","300,000",,,,,,,,,,,,,,,,,,,,,,,,,,,,,,,,,,,,,,,,,,,,,,,,,,,,,,,
	PreferredStockDividends,,,,,,,,,,,,,,,,,,,,,,,,,,,,,,,,,,,,,,,,,,,,,,,,,,,,,,,,,,,,,,,,,,,"0",,"80,000","79,000","77,000","78,000","78,000","88,000","86,000","57,000","57,000","57,000","55,000","56,000","56,000","56,000","54,000","131,000","300,000","42,000","41,000","37,000",,,,,,,,,,,,,,,,,,,,,,,,,,,,,,,,,,,,,,,,,,,,,,,,,,,,,,,,,,,,
DilutedNIAvailtoComStockholders,"257,954,000","117,526,000","71,155,000","44,112,000","25,161,000","96,316,000","77,185,000","36,283,000","20,966,000","93,174,000","69,179,000","11,740,000","14,583,000","103,808,000","86,571,000","16,950,000","21,917,000","133,004,000","50,653,000","27,663,000","22,195,000","76,523,000","18,168,000","14,131,000","669,000","40,002,000","-14,176,000","-9,943,000","-41,842,000","47,894,000","34,007,000","26,836,000","19,820,000","48,118,000","18,123,000","23,124,000","30,518,000","43,197,000","30,767,000","34,457,000","-13,483,000","29,787,000","25,593,000","-10,525,000","7,752,000","26,910,000","33,520,000","12,390,000","-8,659,000","31,434,000","32,763,000","-2,180,000","24,581,000","26,391,000","-98,818,000","164,911,000","22,196,000","16,791,000","23,756,000","17,464,000","25,098,000","32,453,000","20,831,000","22,280,000","11,757,000","26,151,000","26,613,000","-23,903,000","14,890,000","15,661,000","19,415,000","17,102,000","11,437,000","9,698,000","7,854,000","22,387,000","16,603,000","14,121,000","16,075,000","17,393,000","13,751,000","14,008,000","4,712,000","16,235,000","34,553,000","32,050,000","19,363,000","16,285,000","8,061,000","9,061,000","10,600,000","9,700,000","7,800,000","9,000,000","100,000","9,600,000","7,500,000","8,500,000","8,400,000","8,600,000","6,800,000","8,600,000","8,200,000","8,200,000","5,900,000","8,000,000","7,000,000","6,900,000","5,600,000","6,000,000","6,600,000","7,000,000","4,400,000","5,800,000","6,200,000","6,000,000","4,600,000","6,100,000","6,200,000","6,300,000","5,600,000","5,600,000","4,800,000","6,900,000","4,300,000","6,700,000","5,400,000","6,300,000","4,700,000","6,500,000","5,800,000","5,400,000","4,000,000",,,,,,,,,,,,,,,
BasicEPS,,"1.82","1.11","0.7","0.4","1.54","1.23","0.58","0.34","1.51","1.13","0.19","0.24","1.73","1.5","0.32","0.41","2.49","1.083","0.52","0.42","1.44","0.34","0.27","0.01","0.78","-0.273","-0.22","-0.94","1.08","0.763","0.6","0.45","1.09",,"0.52","0.69","0.98",,"0.79","-0.31","0.68",,"-0.27","0.2","0.69",,"0.32","-0.22","0.81",,"-0.06","0.64","0.69",,"4.3","0.58","0.44",,"0.47","0.67","0.92",,"0.67","0.35","0.79",,"-0.73","0.46","0.48",,"0.53","0.35","0.3",,"0.7","0.54","0.52",,"0.65","0.51","0.52",,"0.61","1.35","1.39",,"0.71","0.38","0.42",,"0.45","0.36","0.42",,"0.45","0.35","0.39",,"0.4","0.31","0.39",,"0.38","0.27","0.37",,"0.32","0.26","0.28",,"0.33","0.21","0.27",,"0.29","0.22","0.3",,"0.31","0.27","0.27",,"0.34","0.21","0.33",,"0.31","0.23","0.31",,"0.26","0.2","0.29",,"0.27","0.24","0.29",,"0.27","0.28","0.17",,"0.15","0.18","0.19",,"0.19"
DilutedEPS,,"1.82","1.11","0.7","0.4","1.54","1.23","0.58","0.33","1.51","1.13","0.19","0.24","1.73","1.49","0.31","0.4","2.46","1.05","0.5","0.4","1.39","0.33","0.26","0.01","0.77","-0.3","-0.22","-0.94","1.07","0.76","0.6","0.44","1.08",,"0.52","0.69","0.97",,"0.78","-0.31","0.68",,"-0.27","0.19","0.68",,"0.32","-0.22","0.81",,"-0.06","0.64","0.68",,"4.29","0.58","0.44",,"0.46","0.66","0.91",,"0.66","0.35","0.78",,"-0.73","0.45","0.48",,"0.52","0.35","0.3",,"0.69","0.54","0.52",,"0.64","0.51","0.52",,"0.61","1.34","1.37",,"0.71","0.38","0.42",,"0.45","0.36","0.42",,"0.44","0.35","0.39",,"0.4","0.31","0.39",,"0.38","0.27","0.37",,"0.32","0.26","0.28",,"0.33","0.21","0.27",,"0.29","0.22","0.3",,"0.31","0.27","0.27",,"0.34","0.21","0.33",,"0.31","0.23","0.31",,"0.26","0.2","0.29",,"0.27","0.24","0.29",,"0.27","0.28","0.17",,"0.15","0.18","0.19",,"0.19"
BasicAverageShares,,"64,565,000","64,019,000","63,341,000","62,867,000","62,633,000","62,581,000","62,575,000","62,573,000","61,778,000","61,265,000","60,976,000","60,467,000","59,920,000","57,600,000","53,364,000","53,355,000","53,319,000","53,300,000","53,243,000","53,229,000","53,152,000","52,900,000","52,184,000","51,514,000","51,044,000","51,192,141","44,635,000","44,617,000","44,541,000","44,671,846","44,415,000","44,399,000","44,330,000",,"44,201,000","44,172,000","44,053,000",,"43,847,000","43,799,000","43,731,000",,"39,145,000","39,109,000","39,059,000",,"38,933,000","38,902,000","38,848,000",,"38,643,000","38,598,000","38,511,000",,"38,307,000","38,299,000","37,826,000",,"37,643,000","37,588,000","35,173,000",,"33,187,000","33,164,000","33,120,000",,"32,967,000","32,562,000","32,444,000",,"32,420,000","32,404,000","32,291,000",,"32,087,000","30,582,000","27,041,000",,"26,835,000","26,804,000","26,694,000",,"26,425,000","25,502,000","22,975,000",,"22,835,000","21,394,000","21,376,000",,"21,555,556","21,666,667","21,428,571",,"21,333,333","21,428,571","21,794,872",,"21,500,000","21,935,484","22,051,282",,"21,578,947","21,851,852","21,621,622",,"21,562,500","21,538,462","21,428,571",,"21,212,121","20,952,381","21,481,481",,"20,689,655","20,909,091","20,333,333",,"20,322,581","20,740,741","20,740,741",,"20,294,118","20,476,190","20,303,030",,"20,322,581","20,434,783","20,967,742",,"20,769,231","20,000,000","20,493,000",,"20,477,000","20,466,000","20,454,000",,"20,448,000","20,448,000","20,432,000",,"20,421,000","20,399,000","20,313,000",,"20,063,000"
DilutedAverageShares,,"64,721,000","64,130,000","63,436,000","62,918,000","62,691,000","62,661,000","62,630,000","62,617,000","61,856,000","61,418,000","61,104,000","60,606,000","60,060,000","58,300,000","54,819,000","54,520,000","54,122,000","54,900,000","55,432,000","55,384,000","54,932,000","54,400,000","53,733,000","52,986,000","51,858,000","51,192,141","44,635,000","44,617,000","44,660,000","44,671,846","44,608,000","44,588,000","44,554,000",,"44,457,000","44,412,000","44,312,000",,"44,108,000","43,799,000","43,969,000",,"39,145,000","39,823,000","39,761,000",,"39,133,000","38,902,000","39,009,000",,"38,643,000","38,658,000","38,563,000",,"38,425,000","38,425,000","38,399,000",,"38,078,000","38,007,000","35,577,000",,"33,560,000","33,506,000","33,460,000",,"32,967,000","33,203,000","33,009,000",,"32,913,000","32,951,000","32,811,000",,"32,754,000","31,128,000","27,411,000",,"27,078,000","27,126,000","26,968,000",,"26,802,000","25,978,000","23,393,000",,"23,067,000","21,449,000","21,410,000",,"21,555,556","21,666,667","21,428,571",,"21,818,182","21,428,571","21,794,872",,"21,500,000","21,935,484","22,051,282",,"21,578,947","21,851,852","21,621,622",,"21,562,500","21,538,462","21,428,571",,"21,212,121","20,952,381","21,481,481",,"20,689,655","20,909,091","20,333,333",,"20,322,581","20,740,741","20,740,741",,"20,294,118","20,476,190","20,303,030",,"20,322,581","20,434,783","20,967,742",,"20,769,231","20,000,000","20,493,000",,"20,477,000","20,466,000","20,454,000",,"20,448,000","20,448,000","20,432,000",,"20,421,000","20,399,000","20,313,000",,"20,063,000"
TotalOperatingIncomeAsReported,"444,467,000","173,353,000","113,975,000","89,873,000","67,266,000","138,315,000","125,951,000","82,234,000","66,933,000","153,185,000","121,359,000","70,551,000","54,001,000","160,131,000","114,127,000","65,085,000","69,551,000","148,274,000","121,840,000","78,519,000","68,866,000","147,511,000","55,289,000","58,409,000","35,298,000","73,590,000","197,000","-2,044,000","-38,858,000","91,952,000","69,951,000","54,404,000","46,577,000","89,598,000","71,103,000","55,566,000","49,037,000","79,846,000","75,262,000","77,810,000","20,591,000","70,048,000","46,465,000","41,439,000","42,622,000","55,713,000","45,423,000","47,942,000","30,835,000","69,702,000","50,639,000","16,909,000","25,814,000","33,469,000","-37,871,000","42,688,000","25,523,000","36,564,000","45,722,000","32,558,000","45,316,000","55,955,000","39,926,000","40,946,000","32,431,000","39,369,000","46,737,000","-30,505,000","37,054,000","36,517,000","41,026,000","37,313,000","27,274,000","28,005,000","-90,958,000","156,211,000","38,072,000","38,768,000","32,029,000","33,674,000","32,894,000","30,192,000","15,018,000","29,439,000","64,005,000","61,580,000","40,076,000","42,519,000","15,200,000","16,872,000","15,500,000","16,700,000","13,800,000","16,100,000","2,800,000","17,800,000","13,500,000","15,100,000","14,700,000","15,700,000","12,800,000","15,500,000","14,100,000","15,000,000","11,300,000","14,200,000","12,100,000","11,800,000","9,000,000","9,500,000","10,100,000","11,500,000","7,600,000","9,700,000",,,,,,,,,,,,,,,,,,,,,,,,,,,,,,,,,,
TotalExpenses,"1,694,773,000","650,217,000","448,533,000","290,717,000","305,306,000","495,117,000","360,436,000","264,356,000","259,981,000","383,865,000","356,295,000","254,997,000","279,887,000","437,679,000","387,069,000","256,894,000","286,153,000","427,115,000","314,307,000","263,619,000","279,112,000","406,492,000","353,828,000","263,084,000","264,646,000","361,873,000","246,849,000","212,274,000","216,628,000","350,035,000","308,126,000","217,683,000","236,660,000","370,571,000","284,345,000","204,341,000","230,789,000","300,825,000","245,444,000","196,283,000","194,904,000","295,803,000","292,838,000","215,021,000","230,503,000","347,587,000","283,850,000","216,413,000","240,456,000","372,630,000","297,849,000","208,890,000","231,535,000","361,173,000","445,646,000","249,204,000","127,750,000","142,647,000","137,362,000","129,796,000","118,627,000","130,578,000","133,644,000","116,662,000","121,382,000","132,521,000","366,434,000","403,516,000","272,389,000","269,168,000","246,378,000","242,301,000","253,081,000","246,323,000","349,460,000","254,651,000","261,972,000","260,564,000","79,675,000","78,898,000","361,415,000","271,682,000","260,400,000","272,959,000","355,044,000","500,113,000","545,569,000","410,712,000","321,778,000","231,087,000","202,300,000","203,100,000","172,400,000","152,200,000","259,600,000","126,400,000","127,900,000","116,000,000","116,700,000","82,500,000","27,400,000","28,300,000","27,100,000","27,600,000","26,500,000","26,900,000","28,000,000","27,500,000","25,600,000","26,400,000","26,600,000","27,100,000","27,000,000","26,000,000",,,,,,,,,,,,,,,,,,,,,,,,,,,,,,,,,,
NetIncomeFromContinuingAndDiscontinuedOperation,"257,954,000","117,526,000","71,155,000","44,112,000","25,161,000","96,316,000","77,185,000","36,283,000","20,966,000","93,174,000","69,179,000","11,740,000","14,583,000","103,808,000","86,571,000","16,950,000","21,917,000","133,004,000","50,653,000","27,663,000","22,195,000","76,523,000","18,168,000","14,131,000","669,000","40,002,000","-14,176,000","-9,943,000","-41,842,000","47,894,000","34,007,000","26,836,000","19,820,000","48,118,000","18,123,000","23,124,000","30,518,000","43,197,000","30,767,000","34,457,000","-13,483,000","29,787,000","25,593,000","-10,525,000","7,752,000","26,910,000","33,520,000","12,390,000","-8,659,000","31,434,000","32,763,000","-2,180,000","24,581,000","26,391,000","-98,818,000","164,911,000","22,196,000","16,791,000","23,756,000","17,464,000","25,098,000","32,453,000","20,831,000","22,280,000","11,757,000","26,151,000","26,613,000","-23,903,000","14,970,000","15,740,000","19,492,000","17,180,000","11,515,000","9,786,000","10,455,000","22,444,000","16,660,000","16,858,000","16,130,000","17,449,000","13,807,000","13,923,000","4,766,000","16,366,000","34,853,000","32,092,000","19,404,000","16,322,000","8,061,000","9,061,000","10,600,000","9,700,000","7,800,000","9,000,000","100,000","9,600,000","7,500,000","8,500,000","8,400,000","8,600,000","6,800,000","8,600,000","8,200,000","8,200,000","5,900,000","8,000,000","7,000,000","6,900,000","5,600,000","6,000,000","6,600,000","7,000,000","4,400,000","5,800,000","6,200,000","6,000,000","4,600,000","6,100,000","6,200,000","6,300,000","5,600,000","5,600,000","4,800,000","6,900,000","4,300,000","6,700,000","5,400,000","6,300,000","4,700,000","6,500,000","5,800,000","5,400,000","4,000,000",,,,,,,,,,,,,,,
NormalizedIncome,"257,954,000","117,526,000","71,155,000","44,112,000","25,161,000","96,316,000","77,185,000","36,283,000","20,966,000","99,065,881","69,191,693.259","28,449,800","14,470,649.45","103,766,648.939","87,746,320","17,663,215","24,148,948","135,294,504","67,474,496.643","27,178,584","21,632,054","76,175,648","50,748,600","22,209,778","23,075,710","52,467,256","31,635,949.853","26,924,000","25,163,099.095","47,857,188.389","33,898,549.728","26,627,178.684","19,629,416.823","47,962,154.29","18,339,910.396","21,075,961.271","18,058,500.932","38,087,924.329","26,854,657.801","16,117,740.817","13,846,367.187","26,085,620.594","14,299,558.16","11,583,450","10,253,744.748","22,577,149.668","14,823,726.391","20,707,400","6,760,764.129","31,819,096.821","19,196,475.153","-1,282,900","23,164,322.009","47,018,571.474","-99,744,058.636","18,520,838.238","11,678,444.152","16,196,843.892","27,194,131.339","17,194,474.494","24,783,424.232","31,700,111.31","19,706,317.663","21,657,560.976","13,041,994.668","18,043,910.371","22,401,445.963","-25,889,635.569","15,783,851.387","15,669,119.734","20,002,218.661","17,081,591.697","9,972,325.601","9,764,580.546","-73,339,603.377","94,550,349.545","13,323,803.526","16,436,072.035","14,776,326.482","16,609,743.504","13,836,745.51","12,701,601.613","4,900,077.269","13,001,483.582","33,008,316.94","31,199,009.617","20,703,000","14,840,864.064","6,129,432.948","8,033,920.562","8,653,061.224","8,343,356.643","7,150,000","8,450,381.679","-500,000","9,400,000","6,886,363.636","7,872,950.82","7,901,694.915","8,324,800","6,525,252.525","8,324,800","7,304,201.681","7,858,333.333","5,548,809.524","7,517,241.379","6,384,615.385","6,353,465.347","5,397,590.361","5,655,172.414","6,248,936.17","6,656,862.745","4,056,250","5,587,804.878","6,200,000","6,000,000","4,600,000","6,100,000","6,200,000","6,300,000","5,600,000","5,600,000","4,800,000","6,900,000","4,300,000","6,700,000","5,400,000","6,300,000","4,700,000","6,500,000","5,800,000","5,600,000","4,700,000",,,,,,,,,,,,,,,
InterestIncome,"1,759,000","276,000","430,000","586,000","467,000","225,000","433,000","480,000","220,000","328,000","424,000","513,000","396,000","299,000","629,000","382,000","320,000","310,000","316,000","402,000","257,000","41,000","-1,084,000","912,000","946,000","655,000","458,000","414,000","301,000","448,000","384,000","575,000","576,000","390,000","398,000","565,000","475,000","285,000","529,000","364,000","627,000","437,000","419,000","563,000","475,000","560,000","165,000","199,000","84,000","246,000","428,000","327,000","329,000","528,000",,,,,,,,,,,,,,,,,,,,,,,,,,,,,,,,,,,,,,,,,,,,,,,,,,,,,,,,,,,,,,,,,,,,,,,,,,,,,,,,,,,,,,,,,,,,,,
InterestExpense,"155,108,000","38,821,000","39,014,000","38,604,000","38,669,000","37,825,000","36,864,000","36,521,000","35,765,000","35,781,000","35,614,000","34,000,000","34,661,000","35,016,000","35,778,000","35,679,000","34,854,000","35,305,000","35,128,000","34,403,000","34,146,000","34,441,000","34,323,000","36,164,000","33,587,000","31,338,000","23,766,000","21,620,000","18,857,000","19,476,000","18,874,000","17,369,000","17,384,000","17,333,000","42,549,000","23,220,000","22,687,000","23,332,000","31,534,000","26,173,000","26,668,000","29,753,000","25,204,000","26,716,000","26,203,000","23,938,000","24,053,000","24,279,000","22,622,000","21,766,000","21,760,000","20,691,000","23,338,000","18,901,000",,,,,,,,,,,,,,,,,,,,,,,,,,,,,,,,,,,,,,,,,,,,,,,,,,,,,,,,,,,,,,,,,,,,,,,,,,,,,,,,,,,,,,,,,,,,,,
NetInterestIncome,"-153,349,000","-38,545,000","-38,584,000","-38,018,000","-38,202,000","-37,600,000","-36,431,000","-36,041,000","-35,545,000","-35,453,000","-35,190,000","-33,487,000","-34,265,000","-34,717,000","-35,149,000","-35,297,000","-34,534,000","-34,995,000","-34,812,000","-34,001,000","-33,889,000","-34,400,000","-35,407,000","-35,252,000","-32,641,000","-30,683,000","-23,308,000","-21,206,000","-18,556,000","-19,028,000","-18,490,000","-16,794,000","-16,808,000","-16,943,000","-42,151,000","-22,655,000","-22,212,000","-23,047,000","-31,005,000","-25,809,000","-26,041,000","-29,316,000","-24,785,000","-26,153,000","-25,728,000","-23,378,000","-23,888,000","-24,080,000","-22,538,000","-21,520,000","-21,332,000","-20,364,000","-23,009,000","-18,373,000",,,,,,,,,,,,,,,,,,,,,,,,,,,,,,,,,,,,,,,,,,,,,,,,,,,,,,,,,,,,,,,,,,,,,,,,,,,,,,,,,,,,,,,,,,,,,,
EBIT,"448,068,000","174,333,000","114,174,000","92,019,000","67,542,000","138,806,000","124,794,000","81,521,000","65,290,000","149,007,000","115,988,000","51,903,000","54,661,000","159,641,000","115,499,000","64,957,000","68,562,000","148,480,000","122,253,000","79,806,000","69,859,000","147,942,000","55,007,000","60,692,000","37,179,000","75,640,000","2,070,000","-358,000","-43,255,000","92,787,000","70,927,000","55,537,000","47,855,000","90,818,000","72,637,000","59,678,000","68,821,000","88,192,000","80,789,000","78,688,000","6,749,000","84,797,000","49,817,000","7,989,000","38,959,000","62,764,000","72,911,000","35,345,000","7,529,000","69,359,000","71,203,000","13,282,000","61,632,000","50,549,000","-37,871,000","42,688,000","25,523,000","36,564,000","45,722,000","32,558,000","45,316,000","55,955,000","39,926,000","40,946,000","32,431,000","39,369,000","46,737,000","-30,505,000","37,054,000","36,517,000","41,026,000","37,313,000","27,274,000","28,005,000","-90,958,000","156,211,000","38,072,000","38,768,000","32,029,000","33,674,000","32,894,000","30,192,000","15,018,000","29,439,000","64,005,000","61,580,000","40,076,000","42,519,000","15,200,000","16,872,000","15,500,000","16,700,000","13,800,000","16,100,000","2,800,000","17,800,000","13,500,000","15,100,000","14,700,000","15,700,000","12,800,000","15,500,000","14,100,000","15,000,000","11,300,000","14,200,000","12,100,000","11,800,000","9,000,000","9,500,000","10,100,000","11,500,000","7,600,000","9,700,000","35,800,000","36,300,000","32,900,000","34,400,000","35,300,000","35,400,000","32,200,000","32,500,000","33,300,000","35,200,000","31,100,000","33,800,000","32,000,000","33,200,000","30,100,000","32,300,000","30,800,000","30,000,000","27,500,000","31,700,000","84,600,000","73,700,000","61,600,000","60,200,000","30,800,000","32,300,000","31,300,000","28,000,000","30,800,000","25,900,000","27,700,000","27,500,000","29,700,000","28,100,000"
EBITDA,"687,215,000"
ReconciledCostOfRevenue,"1,393,856,000","573,058,000","372,745,000","216,334,000","231,719,000","422,826,000","291,081,000","194,445,000","188,937,000","313,345,000","288,221,000","190,127,000","214,757,000","372,692,000","324,673,000","195,721,000","222,943,000","363,735,000","259,519,000","200,929,000","215,538,000","341,907,000","284,286,000","195,297,000","197,030,000","278,918,000","193,844,000","161,457,000","164,818,000","298,461,000","259,006,000","169,089,000","188,755,000","324,027,000","239,549,000","158,048,000","185,039,000","255,192,000","202,551,000","144,446,000","143,728,000","157,183,000","174,524,000","86,127,000","103,827,000","210,511,000","157,591,000","103,250,000","113,152,000","252,535,000","185,441,000","94,121,000","112,168,000","261,020,000","219,099,000","131,300,000","53,206,000","54,615,000","45,193,000","42,840,000","36,598,000","51,289,000","52,323,000","47,740,000","49,281,000","54,129,000","287,135,000","271,377,000","208,904,000","190,978,000","172,422,000","175,833,000","182,100,000","172,906,000","163,154,000","187,239,000","182,179,000","189,862,000","12,737,000","22,426,000","304,821,000","221,087,000","195,760,000","224,637,000","298,578,000","446,508,000","493,181,000","373,612,000","297,431,000","207,710,000","176,800,000","178,600,000","151,200,000","130,700,000","222,600,000","105,900,000","107,400,000","95,700,000","96,300,000","62,600,000","8,800,000","9,500,000","8,400,000","9,000,000","7,900,000","8,800,000","9,300,000","10,200,000","9,700,000","10,000,000","10,200,000","10,100,000","11,700,000","10,000,000",,,,,,,,,,,,,,,,,,,,,,,,,,,,,,,,,,
ReconciledDepreciation,"239,147,000","60,463,000","61,082,000","59,159,000","58,443,000","57,269,000","55,044,000","56,348,000","56,663,000","56,402,000","54,613,000","51,884,000","51,595,000","51,028,000","49,983,000","49,046,000","48,709,000","48,590,000","41,502,000","49,434,000","48,663,000","48,647,000","48,406,000","48,925,000","47,305,000","44,407,000","38,549,000","37,768,000","39,467,000","39,586,000","37,825,000","37,463,000","36,712,000","36,083,000","35,149,000","36,135,000","35,152,000","34,781,000","33,234,000","41,408,000","41,431,000","38,559,000","37,896,000","33,374,000","32,334,000","31,987,000","38,203,000","30,036,000","30,260,000","28,395,000","28,762,000","29,823,000","29,387,000","33,325,000","36,264,000","30,825,000","14,530,000","25,644,000","24,988,000","26,630,000","24,914,000","23,168,000","26,676,000","24,141,000","22,377,000","20,889,000","26,112,000","22,333,000","17,342,000","23,519,000","22,021,000","22,062,000","21,478,000","22,272,000","21,528,000","17,537,000","21,215,000","20,511,000","17,711,000","17,691,000","17,533,000","16,803,000","15,266,000","14,261,000","12,647,000","11,877,000","10,399,000","8,979,000","6,890,000","6,596,000",,,,,,,,,,,,,,,,,,,,,,,,,,,,,,,,,,,,,,,,,,,,,,,,,,,,,,,,,,
NetIncomeFromContinuingOperationNetMinorityInterest,"257,954,000","117,526,000","71,155,000","44,112,000","25,161,000","96,316,000","77,185,000","36,283,000","20,966,000","93,174,000","69,179,000","11,740,000","14,583,000","103,808,000","87,831,000","17,807,000","24,344,000","135,347,000","67,752,000","27,663,000","22,195,000","76,523,000","18,168,000","14,131,000","669,000","40,002,000","-14,176,000","-9,943,000","-41,842,000","47,894,000","34,007,000","26,836,000","19,820,000","48,118,000","19,007,000","23,124,000","30,518,000","43,197,000","30,934,000","34,623,000","-12,323,000","35,271,000","16,228,000","-10,525,000","7,752,000","26,910,000","33,520,000","12,390,000","-8,659,000","31,434,000","32,403,000","-3,853,000","24,581,000","25,625,000","-96,579,000","19,522,000","13,150,000","16,572,000","24,750,000","17,642,000","25,231,000","32,500,000","20,918,000","22,199,000","12,368,000","18,561,000","26,618,000","-23,650,000","16,040,000","15,865,000","20,355,000","17,348,000","9,552,000","9,964,000","9,726,000","17,641,000","16,660,000","16,858,000","16,130,000","17,449,000","14,719,000","13,923,000","4,766,000","16,366,000","34,853,000","32,092,000","19,404,000","16,322,000","8,061,000","9,061,000","10,600,000","9,700,000","7,800,000","9,000,000","100,000","9,600,000","7,500,000","8,500,000","8,400,000","8,600,000","6,800,000","8,600,000","8,200,000","8,200,000","5,900,000","8,000,000","7,000,000","6,900,000","5,600,000","6,000,000","6,600,000","7,000,000","4,400,000","5,800,000","6,200,000","6,000,000","4,600,000","6,100,000","6,200,000","6,300,000","5,600,000","5,600,000","4,800,000","6,900,000","4,300,000","6,700,000","5,400,000","6,300,000","4,700,000","6,500,000","5,800,000","5,600,000","4,700,000",,,,,,,,,,,,,,,
TotalUnusualItemsExcludingGoodwill,"0",,"0","0","0","0","0","0","0","-6,859,000","-14,000","-19,430,000","127,000","48,000","116,000","193,000","242,000","68,000","339,000","696,000","794,000","492,000","-54,301,000","-11,082,000","-24,515,000","-13,789,000","-70,114,000","-61,445,000","-99,577,000","56,000","166,000","297,000","293,000","238,000","1,056,000","3,229,000","18,835,000","7,656,000","6,500,000","28,086,000","-42,225,000","14,312,000","2,933,000","-34,013,000","-4,138,000","6,491,000","27,323,000","-12,796,000","-23,390,000","-589,000","20,136,000","-3,954,000","2,207,000","-26,422,000","4,849,000","1,530,000","2,129,000","576,000","-3,373,000","641,000","671,000","1,194,000","1,783,000","721,000","-1,022,000","801,000","6,571,000","3,573,000","392,000","301,000","511,000","398,000","-626,000","286,000","117,356,000","-115,994,000","5,406,000","640,000","1,768,000","1,292,000","1,355,000","1,816,000","-150,000","5,453,000","2,965,000","1,412,000","-2,165,000","2,259,000","2,816,000","1,484,000","2,700,000","2,000,000","900,000","800,000","1,000,000","300,000","900,000","900,000","700,000","400,000","400,000","400,000","1,300,000","500,000","500,000","700,000","800,000","800,000","300,000","500,000","500,000","500,000","500,000","300,000",,,,,,,,,,,,,,,,,,,,,,,,,,,,,,,,,,
TotalUnusualItems,"0",,"0","0","0","0","0","0","0","-6,859,000","-14,000","-19,430,000","127,000","48,000","116,000","193,000","242,000","68,000","339,000","696,000","794,000","492,000","-54,301,000","-11,082,000","-24,515,000","-13,789,000","-70,114,000","-61,445,000","-99,577,000","56,000","166,000","297,000","293,000","238,000","1,056,000","3,229,000","18,835,000","7,656,000","6,500,000","28,086,000","-42,225,000","14,312,000","2,933,000","-34,013,000","-4,138,000","6,491,000","27,323,000","-12,796,000","-23,390,000","-589,000","20,136,000","-3,954,000","2,207,000","-26,422,000","4,849,000","1,530,000","2,129,000","576,000","-3,373,000","641,000","671,000","1,194,000","1,783,000","721,000","-1,022,000","801,000","6,571,000","3,573,000","392,000","301,000","511,000","398,000","-626,000","286,000","117,356,000","-115,994,000","5,406,000","640,000","1,768,000","1,292,000","1,355,000","1,816,000","-150,000","5,453,000","2,965,000","1,412,000","-2,165,000","2,259,000","2,816,000","1,484,000","2,700,000","2,000,000","900,000","800,000","1,000,000","300,000","900,000","900,000","700,000","400,000","400,000","400,000","1,300,000","500,000","500,000","700,000","800,000","800,000","300,000","500,000","500,000","500,000","500,000","300,000",,,,,,,,,,,,,,,,,,,,,,,,,,,,,,,,,,
NormalizedEBITDA,"687,215,000","234,796,000","175,256,000","151,178,000","125,985,000","196,075,000","179,838,000","137,869,000","121,953,000","212,268,000","170,615,000","123,217,000","106,129,000","210,621,000","165,366,000","113,810,000","117,029,000","197,002,000","163,416,000","128,544,000","117,728,000","196,097,000","157,714,000","120,699,000","108,999,000","133,836,000","110,733,000","98,855,000","96,373,000","132,317,000","108,586,000","92,703,000","84,274,000","126,663,000","106,730,000","92,584,000","85,138,000","115,317,000","107,523,000","92,010,000","90,405,000","109,044,000","84,780,000","75,376,000","75,431,000","88,260,000","83,791,000","78,177,000","61,179,000","98,343,000","79,829,000","47,060,000","88,812,000","110,296,000","-6,456,000","71,983,000","44,182,000","61,632,000","74,083,000","58,547,000","69,559,000","77,929,000","64,819,000","64,366,000","55,831,000","59,457,000","66,278,000","-11,745,000","57,430,000","59,735,000","62,536,000","58,977,000","49,378,000","49,991,000","-186,786,000","292,390,000","53,882,000","58,639,000","47,972,000","50,073,000","49,511,000","45,179,000","30,434,000","38,247,000","73,687,000","72,045,000","52,640,000","49,239,000","19,274,000","21,984,000","18,400,000","22,300,000","18,800,000","21,200,000","7,300,000","23,600,000","18,800,000","20,300,000","19,600,000","20,700,000","18,100,000","20,700,000","18,200,000","20,400,000","16,800,000","18,900,000","15,700,000","16,600,000","13,600,000","13,700,000","14,000,000","15,400,000","11,500,000","13,900,000","35,800,000","36,300,000","32,900,000","34,400,000","35,300,000","35,400,000","32,200,000","32,500,000","33,300,000","35,200,000","31,100,000","33,800,000","32,000,000","33,200,000","30,100,000","32,300,000","30,800,000","30,000,000","27,500,000","31,700,000","84,600,000","73,700,000","61,600,000","60,200,000","30,800,000","32,300,000","31,300,000","28,000,000","30,800,000","25,900,000","27,700,000","27,500,000","29,700,000","28,100,000"
TaxRateForCalcs,"0.072","0.107","0.011","0.098","0.02","0.005","0.085","0.103","0.164","0.141","0.093","0.14","0.115","0.139","0.27","0.255","0.194","0.228","0.181","0.304","0.291","0.294","0.4","0.271","0.086","0.096","0.347","0.4","0.327","0.343","0.347","0.297","0.35","0.345","0.368","0.366","0.338","0.333","0.372","0.341","0.38","0.358","0.343","0.35","0.395","0.332","0.316","0.35","0.341","0.346","0.344","0.35","0.358","0.19","0.347","0.346","0.309","0.349","0.275","0.302","0.333","0.33","0.32","0.249","0.341","0.354","0.358","0.373","0.347","0.349","0.31","0.331","0.329","0.303","0.292","0.337","0.383","0.341","0.234","0.35","0.349","0.327","0.106","0.383","0.378","0.368","0.4","0.344","0.314","0.308","0.279","0.322","0.278","0.313","0.4","0.333","0.318","0.303","0.288","0.312","0.313","0.312","0.311","0.317","0.298","0.31","0.231","0.317","0.325","0.31","0.298","0.314","0.313","0.293","0.4","0.4","0.4","0.4","0.4","0.4","0.4","0.4","0.4","0.4","0.4","0.4","0.4","0.4","0.4","0.4","0.4","0.4","0.4",,,,,,,,,,,,,,,
TaxEffectOfUnusualItems,"0","0","0","0","0","0","0","0","0","-967,119","-1,306.741","-2,720,200","14,649.45","6,648.939","31,320","49,215","46,948","15,504","61,496.643","211,584","231,054","144,648","-21,720,400","-3,003,222","-2,108,290","-1,323,744","-24,302,050.147","-24,578,000","-32,571,900.905","19,188.389","57,549.728","88,178.684","102,416.823","82,154.29","388,910.396","1,180,961.271","6,375,500.932","2,546,924.329","2,420,657.801","9,580,740.817","-16,055,632.813","5,126,620.594","1,004,558.16","-11,904,550","-1,636,255.252","2,158,149.668","8,626,726.391","-4,478,600","-7,970,235.871","-203,903.179","6,929,475.153","-1,383,900","790,322.009","-5,028,428.526","1,683,941.364","528,838.238","657,444.152","200,843.892","-928,868.661","193,474.494","223,424.232","394,111.31","571,317.663","179,560.976","-348,005.332","283,910.371","2,354,445.963","1,333,364.431","135,851.387","105,119.734","158,218.661","131,591.697","-205,674.399","86,580.546","34,290,396.623","-39,084,650.455","2,069,803.526","218,072.035","414,326.482","452,743.504","472,745.51","594,601.613","-15,922.731","2,088,483.582","1,120,316.94","519,009.617","-866,000","777,864.064","884,432.948","456,920.562","753,061.224","643,356.643","250,000","250,381.679","400,000","100,000","286,363.636","272,950.82","201,694.915","124,800","125,252.525","124,800","404,201.681","158,333.333","148,809.524","217,241.379","184,615.385","253,465.347","97,590.361","155,172.414","148,936.17","156,862.745","156,250","87,804.878","0","0","0","0","0","0","0","0","0","0","0","0","0","0","0","0","0","0","0",,,,,,,,,,,,,,,