name,ttm,03/31/2022,12/31/2021,09/30/2021,06/30/2021,03/31/2021,12/31/2020,09/30/2020,06/30/2020,03/31/2020,12/31/2019,09/30/2019,06/30/2019,03/31/2019,12/31/2018,09/30/2018,06/30/2018,03/31/2018,12/31/2017,09/30/2017,06/30/2017,03/31/2017,12/31/2016,09/30/2016,06/30/2016,03/31/2016,12/31/2015,09/30/2015,06/30/2015,03/31/2015,12/31/2014,09/30/2014,06/30/2014,03/31/2014,12/31/2013,09/30/2013,06/30/2013,03/31/2013,12/31/2012,09/30/2012,06/30/2012,03/31/2012,12/31/2011,09/30/2011,06/30/2011,03/31/2011
TotalRevenue,"4,275,447,000","1,140,535,000","1,047,083,000","1,010,463,000","1,077,366,000","987,473,000","812,505,000","771,260,000","578,459,000","1,008,337,000","1,022,184,000","967,144,000","1,021,930,000","1,128,131,000","1,013,113,000","965,021,000","1,031,814,000","1,116,465,000","1,087,642,000","948,899,000","1,032,982,000","1,143,823,000","1,004,149,000","1,005,387,000","1,078,588,000","1,164,188,000","1,049,299,000","1,026,721,000","1,099,597,000","1,202,059,000","1,108,486,000","1,065,454,000","1,110,912,000","1,157,859,000","1,050,555,000","967,569,000","1,018,856,000","1,092,250,000","998,387,000","952,916,000","980,866,000","1,055,626,000","955,638,000","928,275,000","955,502,000","1,001,849,000"
	OperatingRevenue,"4,257,354,000","1,136,981,000","1,043,299,000","1,009,626,000","1,067,448,000","986,240,000","807,775,000","771,260,000","578,212,000","1,005,786,000","1,031,264,000","964,242,000","1,018,479,000","1,111,642,000","996,984,000","949,400,000","1,028,618,000","1,099,003,000","1,075,361,000","937,852,000","1,019,957,000","1,135,488,000","996,680,000","998,806,000","1,072,519,000","1,158,052,000","1,042,221,000","1,020,131,000","1,092,759,000","1,194,810,000","1,101,604,000","1,059,217,000","1,104,437,000","1,150,525,000","1,041,274,000","957,507,000","1,007,991,000","1,082,356,000","956,708,000","952,916,000","980,866,000","1,055,626,000","955,638,000","928,275,000","955,502,000","1,001,849,000"
CostOfRevenue,"2,489,685,000","671,881,000","616,157,000","594,546,000","607,101,000","566,508,000","495,332,000","477,408,000","386,295,000","628,962,000","611,168,000","588,927,000","613,892,000","671,126,000","608,464,000","596,516,000","624,711,000","663,194,000","644,613,000","581,957,000","620,987,000","689,146,000","599,932,000","612,112,000","655,966,000","698,093,000","629,723,000","625,628,000","658,494,000","711,454,000","664,113,000","643,847,000","661,328,000","685,032,000","640,413,000","591,714,000","609,481,000","649,856,000","1,437,875,000","309,420,000","315,472,000","335,859,000","303,191,000","300,140,000","305,003,000","317,764,000"
GrossProfit,"1,785,762,000","468,654,000","430,926,000","415,917,000","470,265,000","420,965,000","317,173,000","293,852,000","192,164,000","379,375,000","411,016,000","378,217,000","408,038,000","457,005,000","404,649,000","368,505,000","407,103,000","453,271,000","443,029,000","366,942,000","411,995,000","454,677,000","404,217,000","393,275,000","422,622,000","466,095,000","419,576,000","401,093,000","441,103,000","490,605,000","444,373,000","421,607,000","449,584,000","472,827,000","410,142,000","375,855,000","409,375,000","442,394,000","-439,488,000","643,496,000","665,394,000","719,767,000","652,447,000","628,135,000","650,499,000","684,085,000"
OperatingExpense,"1,447,170,000","359,559,000","347,665,000","399,495,000","340,451,000","327,767,000","314,280,000","308,161,000","279,117,000","379,625,000","365,670,000","354,868,000","362,638,000","370,925,000","361,955,000","352,006,000","365,290,000","372,161,000","397,327,000","345,182,000","369,243,000","366,471,000","352,918,000","356,798,000","368,013,000","376,247,000","362,709,000","360,687,000","377,618,000","383,771,000","387,794,000","393,647,000","386,168,000","376,737,000","359,185,000","348,197,000","343,423,000","346,496,000","-500,597,000","655,041,000","616,674,000","629,359,000","591,484,000","607,093,000","609,745,000","593,392,000"
	SellingGeneralAndAdministration,"247,042,000","58,674,000","63,026,000","58,880,000","66,462,000","57,248,000","56,624,000","57,443,000","55,487,000","84,802,000","66,125,000","66,570,000","71,955,000","70,589,000","70,204,000","67,691,000","76,129,000","68,696,000","91,897,000","66,063,000","77,056,000","71,941,000","59,318,000","65,072,000","68,566,000","75,025,000","68,782,000","69,623,000","75,962,000","73,247,000","82,649,000","75,417,000","72,262,000","74,054,000","69,521,000","61,822,000","65,094,000","72,491,000","-1,454,450,000","617,962,000","574,493,000","588,468,000","577,655,000","569,494,000","569,554,000","558,542,000"
		GeneralAndAdministrativeExpense,"247,042,000","58,674,000","63,026,000","58,880,000","66,462,000","57,248,000","56,624,000","57,443,000","55,487,000","84,802,000","66,125,000","66,570,000","71,955,000","70,589,000","70,204,000","67,691,000","76,129,000","68,696,000","91,897,000","66,063,000","77,056,000","71,941,000","59,318,000","65,072,000","68,566,000","75,025,000","68,782,000","69,623,000","75,962,000","73,247,000","82,649,000","75,417,000","72,262,000","74,054,000","69,521,000","61,822,000","65,094,000","72,491,000","-1,454,450,000","617,962,000","574,493,000","588,468,000","577,655,000","569,494,000","569,554,000","558,542,000"
			SalariesAndWages,,,,,,,,,,,,,,,,,,,,,,,,,,,,,,,,,,,,,,,,"270,011,000","271,400,000","293,501,000","273,651,000","262,345,000","275,314,000","282,807,000"
			OtherGandA,"247,042,000","58,674,000","63,026,000","58,880,000","66,462,000","57,248,000","56,624,000","57,443,000","55,487,000","84,802,000","66,125,000","66,570,000","71,955,000","70,589,000","70,204,000","67,691,000","76,129,000","68,696,000","91,897,000","66,063,000","77,056,000","71,941,000","59,318,000","65,072,000","68,566,000","75,025,000","68,782,000","69,623,000","75,962,000","73,247,000","82,649,000","75,417,000","72,262,000","74,054,000","69,521,000","61,822,000","65,094,000","72,491,000","-619,538,000","347,951,000","303,093,000","294,967,000","304,004,000","307,149,000","294,240,000","275,735,000"
	DepreciationAmortizationDepletionIncomeStatement,"163,940,000","41,775,000","40,799,000","40,827,000","40,539,000","41,226,000","42,792,000","43,417,000","45,784,000","48,268,000","49,615,000","47,926,000","49,788,000","49,482,000","50,120,000","50,571,000","50,782,000","50,120,000","49,803,000","47,826,000","48,063,000","46,590,000","48,632,000","48,551,000","49,004,000","47,651,000","49,083,000","47,455,000","47,375,000","46,486,000","47,369,000","48,750,000","48,627,000","46,165,000","42,874,000","40,135,000","40,889,000","40,196,000","39,028,000","38,347,000","39,247,000","38,860,000","39,131,000","37,807,000","38,463,000","38,288,000"
		DepreciationAndAmortizationInIncomeStatement,"163,940,000","41,775,000","40,799,000","40,827,000","40,539,000","41,226,000","42,792,000","43,417,000","45,784,000","48,268,000","49,615,000","47,926,000","49,788,000","49,482,000","50,120,000","50,571,000","50,782,000","50,120,000","49,803,000","47,826,000","48,063,000","46,590,000","48,632,000","48,551,000","49,004,000","47,651,000","49,083,000","47,455,000","47,375,000","46,486,000","47,369,000","48,750,000","48,627,000","46,165,000","42,874,000","40,135,000","40,889,000","40,196,000","39,028,000","38,347,000","39,247,000","38,860,000","39,131,000","37,807,000","38,463,000","38,288,000"
	ProvisionForDoubtfulAccounts,,,,,,,,,,,,,,,,,,,,,,,,,,,,,,,,,,,,,,,,"0","4,654,000","4,435,000","8,900,000","1,208,000","3,723,000","208,000"
	OtherOperatingExpenses,"1,036,188,000","259,110,000","243,840,000","299,788,000","233,450,000","229,293,000","214,864,000","207,301,000","177,846,000","246,555,000","249,930,000","240,372,000","240,895,000","250,854,000","241,631,000","233,744,000","238,379,000","253,345,000","255,627,000","231,293,000","244,124,000","247,940,000","244,968,000","243,175,000","250,443,000","253,571,000","244,844,000","243,609,000","254,281,000","264,038,000","257,776,000","269,480,000","265,279,000","256,518,000","246,790,000","246,240,000","237,440,000","233,809,000","923,914,000","-1,268,000","-1,720,000","-2,404,000","-34,202,000","-1,416,000","-1,995,000","-3,646,000"
OperatingIncome,"338,592,000","109,095,000","83,261,000","16,422,000","129,814,000","93,198,000","2,893,000","-14,309,000","-86,953,000","-250,000","45,346,000","23,349,000","45,400,000","86,080,000","42,694,000","16,499,000","41,813,000","81,110,000","45,702,000","21,760,000","42,752,000","88,206,000","51,299,000","36,477,000","54,609,000","89,848,000","56,867,000","40,406,000","63,485,000","106,834,000","56,579,000","27,960,000","63,416,000","96,090,000","50,957,000","27,658,000","65,952,000","95,898,000","61,109,000","-11,545,000","48,720,000","90,408,000","60,963,000","21,042,000","40,754,000","90,693,000"
NetNonOperatingInterestIncomeExpense,"-56,619,000","-13,633,000","-13,751,000","-14,245,000","-14,990,000","-14,628,000","-17,795,000","-18,300,000","-16,639,000","-11,708,000","-12,372,000","-13,256,000","-12,448,000","-11,181,000","-11,708,000","-11,600,000","-11,319,000","-10,310,000","-12,003,000","-10,705,000","-9,543,000","-9,141,000","-12,332,000","-10,217,000","-10,302,000","-12,875,000","-15,260,000","-14,851,000","-12,867,000","-13,198,000","-14,114,000","-13,837,000","-15,109,000","-16,598,000","-18,188,000","-17,690,000","-18,015,000","-20,880,000","-20,458,000","-21,173,000","-24,037,000","-20,974,000","-20,828,000","-20,674,000","-20,692,000","-21,193,000"
	InterestExpenseNonOperating,"56,619,000","13,633,000","13,751,000","14,245,000","14,990,000","14,628,000","17,795,000","18,300,000","16,639,000","11,708,000","12,372,000","13,256,000","12,448,000","11,181,000","11,708,000","11,600,000","11,319,000","10,310,000","12,003,000","10,705,000","9,543,000","9,141,000","12,332,000","10,217,000","10,302,000","12,875,000","15,260,000","14,851,000","12,867,000","13,198,000","14,114,000","13,837,000","15,109,000","16,598,000","18,188,000","17,690,000","18,015,000","20,880,000","20,458,000","21,173,000",,,,"20,674,000",,
	TotalOtherFinanceCost,"49,257,000",,,,,,,,,,"12,372,000","13,256,000","12,448,000","11,181,000","11,708,000","11,600,000","11,319,000","10,310,000","12,003,000","10,705,000","9,543,000","9,141,000","12,332,000","10,217,000","10,302,000","12,875,000","15,260,000","14,851,000","12,867,000","13,198,000","14,114,000","13,837,000","15,109,000","16,598,000","18,188,000","17,690,000","18,015,000","20,880,000","20,458,000","21,173,000","24,037,000","20,974,000",,,"20,692,000","21,193,000"
OtherIncomeExpense,"-15,444,000","-1,839,000","-4,775,000","-1,580,000","-7,250,000","-2,179,000","-9,789,000","55,000","-24,615,000","-42,111,000","-2,166,000","-1,380,000","-1,928,000","-3,754,000","-21,278,000","-3,963,000","-8,895,000","-2,738,000","-14,734,000","-11,047,000","6,423,000","-19,127,000","-55,894,000","-3,082,000","-41,277,000","-29,763,000","-24,853,000","-1,948,000","-3,481,000","-10,280,000","-17,326,000","-29,063,000","-11,800,000","-6,228,000","16,633,000","2,075,000","-12,785,000","745,000","-16,787,000","-8,873,000","-183,000","54,000","-660,000","1,234,000","559,000","-303,000"
	EarningsFromEquityInterest,,,,,,,,,,,,,,,,,,,,,,,,,,,,,,,"0","0","0","0","36,884,000","1,973,000","2,623,000","2,858,000","58,000",,,,,,,
	SpecialIncomeCharges,"-15,449,000","-1,839,000","-4,775,000","-1,585,000","-7,250,000","-2,200,000","-10,131,000","54,000","-25,196,000","-41,318,000","-2,168,000","-1,391,000","-1,940,000","-3,586,000","-21,273,000","-3,962,000","-8,889,000","-2,739,000","-14,885,000","-18,578,000","-858,000","-19,076,000","-55,444,000","-5,161,000","-41,276,000","-29,744,000","-25,270,000","-1,682,000","-3,538,000","-9,133,000","-15,911,000","-29,081,000","-12,117,000","-6,064,000","-20,132,000","-121,000","-15,275,000","-1,896,000","-22,109,000","-8,873,000","-183,000","54,000","-660,000","1,234,000","559,000","-303,000"
		WriteOff,"13,040,000","1,839,000","4,675,000","1,162,000","5,422,000","2,142,000","8,600,000","-54,000","24,959,000","41,318,000","2,168,000","1,391,000","1,940,000","3,586,000","21,273,000","3,962,000","8,889,000","2,739,000","14,076,000","18,578,000","598,000","19,076,000","55,444,000","4,743,000","41,276,000","3,164,000","24,952,000","1,682,000","900,000","9,133,000","15,911,000","29,081,000","1,025,000","6,064,000","20,132,000","121,000","689,000","1,896,000","3,916,000",,,,,,,
		OtherSpecialCharges,,,"0",,"2,073,000",,"0",,"237,000",,,,,,,,,,"809,000",,"260,000",,"0","418,000",,"26,580,000","318,000",,"2,638,000",,"0",,"11,092,000",,"0",,"14,586,000",,"9,150,000",,,,,,,
		GainOnSaleOfBusiness,,,"-100,000","-423,000","245,000","-58,000",,,,,,,,,,,,,,,,,,,,,,,,,,,,,,,,,,,,,,,,
	OtherNonOperatingIncomeExpenses,,,"0","5,000",,"21,000","342,000","1,000","581,000","-793,000","2,000","11,000","12,000","-168,000","-5,000","-1,000","-6,000","1,000","151,000","7,531,000","7,281,000","-51,000","-450,000","2,079,000","-1,000","-19,000","417,000","-266,000","57,000","-1,147,000","-1,415,000","18,000","317,000","-164,000","-119,000","223,000","-133,000","-217,000","-82,000",,,,,,,
PretaxIncome,"266,529,000","93,623,000","64,735,000","597,000","107,574,000","76,391,000","-24,691,000","-32,554,000","-128,207,000","-54,069,000","30,808,000","8,713,000","31,024,000","71,145,000","9,708,000","936,000","21,599,000","68,062,000","18,965,000","8,000","39,632,000","59,938,000","-16,927,000","23,178,000","3,030,000","47,210,000","16,754,000","23,607,000","47,137,000","83,356,000","25,139,000","-14,940,000","36,507,000","73,264,000","49,402,000","12,043,000","35,152,000","75,763,000","23,864,000","-41,591,000","24,500,000","66,637,000","39,475,000","1,602,000","20,621,000","69,197,000"
TaxProvision,"35,720,000","15,929,000","1,557,000","-4,454,000","22,688,000","6,593,000","-10,516,000","-14,776,000","-35,779,000","-19,655,000","1,522,000","-660,000","1,215,000","5,496,000","-2,717,000","-3,317,000","-5,124,000","1,925,000","1,705,000","-4,038,000","3,303,000","15,015,000","-14,228,000","1,950,000","11,095,000","11,327,000","-2,263,000","6,202,000","14,081,000","21,274,000","1,205,000","-4,110,000","8,785,000","18,164,000","-11,512,000","-91,000","-41,312,000","10,707,000","3,201,000","-7,836,000","3,936,000","12,805,000","6,222,000","234,000","4,178,000","11,082,000"
NetIncomeCommonStockholders,"222,204,000","75,511,000","60,699,000","3,449,000","82,545,000","68,862,000","-14,211,000","-17,637,000","-92,256,000","-38,107,000","28,004,000","9,248,000","29,021,000","64,300,000","10,907,000","4,072,000","26,721,000","65,398,000","16,367,000","4,336,000","35,630,000","43,910,000","-4,283,000","20,733,000","-9,177,000","34,475,000","17,702,000","16,811,000","32,226,000","60,588,000","22,409,000","-11,443,000","26,391,000","53,733,000","58,982,000","11,294,000","74,868,000","63,223,000","18,398,000","-35,866,000","17,440,000","49,999,000","30,531,000","579,000","14,003,000","54,892,000"
	NetIncome,"222,204,000","75,511,000","60,699,000","3,449,000","82,545,000","68,862,000","-14,211,000","-17,637,000","-92,256,000","-34,611,000","28,004,000","9,248,000","29,021,000","64,300,000","10,907,000","4,072,000","26,721,000","65,398,000","16,367,000","4,336,000","35,630,000","43,910,000","-4,283,000","20,733,000","-9,177,000","34,475,000","17,702,000","16,811,000","32,226,000","60,588,000","22,409,000","-11,443,000","26,391,000","53,733,000","58,982,000","11,294,000","74,868,000","63,223,000","18,398,000","-35,866,000","17,440,000","49,999,000","30,531,000","579,000","14,003,000","54,892,000"
		NetIncomeIncludingNoncontrollingInterests,"230,809,000","77,694,000","63,178,000","5,051,000","84,886,000","69,798,000","-14,175,000","-17,778,000","-92,428,000","-34,414,000","29,286,000","9,373,000","29,809,000","65,649,000","12,425,000","4,253,000","26,723,000","66,137,000","17,260,000","4,046,000","36,329,000","44,923,000","-2,699,000","21,228,000","-8,065,000","35,883,000","19,017,000","17,405,000","33,056,000","62,082,000","23,934,000","-10,830,000","27,722,000","55,100,000","60,914,000","12,134,000","76,464,000","65,056,000","20,663,000","-33,755,000","20,564,000","53,832,000","33,253,000","1,368,000","16,443,000","58,115,000"
			NetIncomeContinuousOperations,"230,809,000","77,694,000","63,178,000","5,051,000","84,886,000","69,798,000","-14,175,000","-17,778,000","-92,428,000","-34,414,000","29,286,000","9,373,000","29,809,000","65,649,000","12,425,000","4,253,000","26,723,000","66,137,000","17,260,000","4,046,000","36,329,000","44,923,000","-2,699,000","21,228,000","-8,065,000","35,883,000","19,017,000","17,405,000","33,056,000","62,082,000","23,934,000","-10,830,000","27,722,000","55,100,000","60,914,000","12,134,000","76,464,000","65,056,000","20,663,000","-33,755,000","20,564,000","53,832,000","33,253,000","1,368,000","16,443,000","58,115,000"
		MinorityInterests,"-8,605,000","-2,183,000","-2,479,000","-1,602,000","-2,341,000","-936,000","-36,000","141,000","172,000","-197,000","-1,282,000","-125,000","-788,000","-1,349,000","-1,518,000","-181,000","-2,000","-739,000","-893,000","290,000","-699,000","-1,013,000","-1,584,000","-495,000","-1,112,000","-1,408,000","-1,315,000","-594,000","-830,000","-1,494,000","-1,525,000","-613,000","-1,331,000","-1,367,000","-1,932,000","-840,000","-1,596,000","-1,833,000","-2,265,000","-2,111,000","-3,124,000","-3,833,000","-2,722,000","-789,000","-2,440,000","-3,223,000"
	OtherunderPreferredStockDividend,,,"0",,"0","0","0","0","0","3,496,000",,,,,,,,,,,,,,,,,,,,,,,,,,,,,,,,,,,,
AverageDilutionEarnings,,"0","0",,"0","1,381,000",,,,,,,,,,,,,,,,,,,,,,,,,,,,,,,,,,,,,,,,
DilutedNIAvailtoComStockholders,"220,823,000","75,511,000","60,239,000","3,449,000","82,545,000","70,243,000","-14,211,000","-17,637,000","-92,256,000","-38,107,000","28,004,000","9,248,000","29,021,000","64,300,000","10,907,000","4,072,000","26,721,000","65,398,000","16,367,000","4,336,000","35,630,000","43,910,000","-4,283,000","20,733,000","-9,177,000","34,475,000","17,702,000","16,811,000","32,226,000","60,588,000","22,409,000","-11,443,000","26,391,000","53,733,000","58,982,000","11,294,000","74,868,000","63,223,000","18,398,000","-35,866,000","17,440,000","49,999,000","30,531,000","579,000","14,003,000","54,892,000"
BasicEPS,,"0.85","0.68","0.04","0.93","0.78","-0.16","-0.2","-1.05","-0.44","0.32","0.11","0.32","0.7","0.12","0.04","0.29","0.71","0.18","0.05","0.36","0.43","-0.04","0.19","-0.08","0.29","0.15","0.14","0.26","0.48","0.18","-0.09","0.21","0.43","0.48","0.09","0.61","0.52","0.15","-0.31","0.16","0.47",,"0.01","0.13","0.52"
DilutedEPS,,"0.73","0.59","0.03","0.75","0.63","-0.16","-0.2","-1.05","-0.44","0.32","0.11","0.32","0.69","0.12","0.04","0.28","0.68","0.17","0.05","0.35","0.41","-0.04","0.18","-0.08","0.29","0.14","0.13","0.26","0.47","0.17","-0.09","0.21","0.42","0.46","0.09","0.58","0.5","0.15","-0.31","0.16","0.47",,"0.01","0.13","0.52"
BasicAverageShares,,"89,355,000","89,251,000","89,229,000","89,075,000","88,367,000","87,689,000","87,558,000","87,496,000","87,129,000","86,903,000","86,843,000","90,194,000","91,415,000","91,579,000","92,202,000","92,120,000","92,268,000","91,427,000","92,485,000","98,852,000","103,074,000","104,867,000","109,399,000","113,330,000","117,930,000","119,398,000","121,567,000","123,046,000","125,302,000","125,484,000","125,289,000","125,229,000","124,542,000","124,005,000","123,747,000","122,858,000","121,238,000","120,850,000","114,331,000","106,361,000","106,332,000",,"106,333,000","106,135,000","106,093,000"
DilutedAverageShares,,"103,454,000","102,985,000","107,783,000","109,805,000","110,641,000","87,689,000","87,558,000","87,496,000","87,129,000","88,188,000","87,305,000","90,953,000","92,661,000","92,833,000","93,324,000","94,361,000","95,782,000","94,721,000","95,655,000","102,421,000","106,413,000","104,867,000","112,430,000","113,330,000","120,776,000","122,273,000","124,733,000","126,242,000","128,759,000","128,822,000","125,289,000","128,378,000","127,851,000","127,980,000","129,439,000","128,338,000","126,507,000","125,768,000","114,331,000","107,380,000","107,058,000",,"106,731,000","106,214,000","106,526,000"
TotalOperatingIncomeAsReported,"325,216,000","107,256,000","78,486,000","14,837,000","124,637,000","90,998,000","-7,238,000","-14,255,000","-111,912,000","-41,568,000","43,178,000","21,958,000","43,460,000","82,494,000","21,421,000","12,537,000","32,924,000","78,371,000","31,626,000","3,182,000","42,154,000","69,130,000","-4,145,000","31,734,000","13,333,000","86,684,000","31,915,000","38,724,000","62,585,000","97,701,000","40,668,000","-1,121,000","62,391,000","90,026,000","31,101,000","29,510,000","67,886,000","96,860,000","53,554,000","-11,545,000","48,720,000","90,408,000","60,963,000","21,042,000","40,754,000","90,693,000"
TotalExpenses,"3,936,855,000","1,031,440,000","963,822,000","994,041,000","947,552,000","894,275,000","809,612,000","785,569,000","665,412,000","1,008,587,000","976,838,000","943,795,000","976,530,000","1,042,051,000","970,419,000","948,522,000","990,001,000","1,035,355,000","1,041,940,000","927,139,000","990,230,000","1,055,617,000","952,850,000","968,910,000","1,023,979,000","1,074,340,000","992,432,000","986,315,000","1,036,112,000","1,095,225,000","1,051,907,000","1,037,494,000","1,047,496,000","1,061,769,000","999,598,000","939,911,000","952,904,000","996,352,000","937,278,000","964,461,000","932,146,000","965,218,000","894,675,000","907,233,000","914,748,000","911,156,000"
NetIncomeFromContinuingAndDiscontinuedOperation,"222,204,000","75,511,000","60,699,000","3,449,000","82,545,000","68,862,000","-14,211,000","-17,637,000","-92,256,000","-34,611,000","28,004,000","9,248,000","29,021,000","64,300,000","10,907,000","4,072,000","26,721,000","65,398,000","16,367,000","4,336,000","35,630,000","43,910,000","-4,283,000","20,733,000","-9,177,000","34,475,000","17,702,000","16,811,000","32,226,000","60,588,000","22,409,000","-11,443,000","26,391,000","53,733,000","58,982,000","11,294,000","74,868,000","63,223,000","18,398,000","-35,866,000","17,440,000","49,999,000","30,531,000","579,000","14,003,000","54,892,000"
NormalizedIncome,"235,582,537.574","77,037,370","65,359,152.159","4,606,050","88,265,250","70,872,800","-6,815,370","-17,676,420","-74,089,684","-8,332,752","30,064,894.833","10,263,430","30,885,340","67,609,878","26,436,290","6,964,260","33,503,307","68,060,308","29,913,802.004","15,482,800","36,416,492.784","58,197,924","28,983,400","25,460,476","15,588,600","57,080,440","32,864,000","18,050,634","34,706,138","67,392,085","37,557,330.244","9,637,805.221","35,587,803","58,293,128","72,067,800","11,372,650","84,796,750","64,851,664","37,541,407.099","-28,664,727.73","17,593,600.49","49,955,376.668","31,086,971.628","-474,752.809","13,557,258.426","55,146,474.11"
InterestExpense,"56,619,000","13,633,000","13,751,000","14,245,000","14,990,000","14,628,000","17,795,000","18,300,000","16,639,000","11,708,000","12,372,000","13,256,000","12,448,000","11,181,000","11,708,000","11,600,000","11,319,000","10,310,000","12,003,000","10,705,000","9,543,000","9,141,000","12,332,000","10,217,000","10,302,000","12,875,000","15,260,000","14,851,000","12,867,000","13,198,000","14,114,000","13,837,000","15,109,000","16,598,000","18,188,000","17,690,000","18,015,000","20,880,000","20,458,000","21,173,000",,,,"20,674,000",,
NetInterestIncome,"-56,619,000","-13,633,000","-13,751,000","-14,245,000","-14,990,000","-14,628,000","-17,795,000","-18,300,000","-16,639,000","-11,708,000","-12,372,000","-13,256,000","-12,448,000","-11,181,000","-11,708,000","-11,600,000","-11,319,000","-10,310,000","-12,003,000","-10,705,000","-9,543,000","-9,141,000","-12,332,000","-10,217,000","-10,302,000","-12,875,000","-15,260,000","-14,851,000","-12,867,000","-13,198,000","-14,114,000","-13,837,000","-15,109,000","-16,598,000","-18,188,000","-17,690,000","-18,015,000","-20,880,000","-20,458,000","-21,173,000","-24,037,000","-20,974,000","-20,828,000","-20,674,000","-20,692,000","-21,193,000"
EBIT,"323,148,000","107,256,000","78,486,000","14,842,000","122,564,000","91,019,000","-6,896,000","-14,254,000","-111,568,000","-42,361,000","43,180,000","21,969,000","43,472,000","82,326,000","21,416,000","12,536,000","32,918,000","78,372,000","30,968,000","10,713,000","49,175,000","69,079,000","-4,595,000","33,395,000","13,332,000","60,085,000","32,014,000","38,458,000","60,004,000","96,554,000","39,253,000","-1,103,000","51,616,000","89,862,000","67,590,000","29,733,000","53,167,000","96,643,000","44,322,000","-20,418,000","48,720,000","90,408,000","59,473,000","22,276,000","40,754,000","90,693,000"
EBITDA,"487,088,000"
ReconciledCostOfRevenue,"2,489,685,000","671,881,000","616,157,000","594,546,000","607,101,000","566,508,000","495,332,000","477,408,000","386,295,000","628,962,000","611,168,000","588,927,000","631,706,000","653,312,000","608,464,000","596,516,000","624,711,000","663,194,000","644,613,000","581,957,000","620,987,000","689,146,000","599,932,000","612,112,000","655,966,000","698,093,000","629,723,000","625,628,000","658,494,000","711,454,000","664,113,000","643,847,000","661,328,000","685,032,000","640,413,000","591,714,000","609,481,000","649,856,000","1,437,875,000","309,420,000","315,472,000","335,859,000","303,191,000","300,140,000","305,003,000","317,764,000"
ReconciledDepreciation,"163,940,000","41,775,000","40,799,000","40,827,000","40,539,000","41,226,000","42,792,000","43,417,000","45,784,000","48,268,000","49,615,000","47,926,000","31,974,000","67,296,000","50,120,000","50,571,000","50,782,000","50,120,000","49,803,000","47,826,000","48,063,000","46,590,000","48,632,000","48,551,000","49,004,000","47,651,000","49,083,000","47,455,000","47,375,000","46,486,000","47,369,000","48,750,000","48,627,000","46,165,000","42,874,000","40,135,000","40,889,000","40,196,000","39,028,000","38,347,000","39,247,000","38,860,000","39,131,000","37,807,000","38,463,000","38,288,000"
NetIncomeFromContinuingOperationNetMinorityInterest,"222,204,000","75,511,000","60,699,000","3,449,000","82,545,000","68,862,000","-14,211,000","-17,637,000","-92,256,000","-34,611,000","28,004,000","9,248,000","29,021,000","64,300,000","10,907,000","4,072,000","26,721,000","65,398,000","16,367,000","4,336,000","35,630,000","43,910,000","-4,283,000","20,733,000","-9,177,000","34,475,000","17,702,000","16,811,000","32,226,000","60,588,000","22,409,000","-11,443,000","26,391,000","53,733,000","58,982,000","11,294,000","74,868,000","63,223,000","18,398,000","-35,866,000","17,440,000","49,999,000","30,531,000","579,000","14,003,000","54,892,000"
TotalUnusualItemsExcludingGoodwill,"-15,449,000","-1,839,000","-4,775,000","-1,585,000","-7,250,000","-2,200,000","-10,131,000","54,000","-25,196,000","-41,318,000","-2,168,000","-1,391,000","-1,940,000","-3,586,000","-21,273,000","-3,962,000","-8,889,000","-2,739,000","-14,885,000","-18,578,000","-858,000","-19,076,000","-55,444,000","-5,161,000","-41,276,000","-29,744,000","-25,270,000","-1,682,000","-3,538,000","-9,133,000","-15,911,000","-29,081,000","-12,117,000","-6,064,000","-20,132,000","-121,000","-15,275,000","-1,896,000","-22,109,000","-8,873,000","-183,000","54,000","-660,000","1,234,000","559,000","-303,000"
TotalUnusualItems,"-15,449,000","-1,839,000","-4,775,000","-1,585,000","-7,250,000","-2,200,000","-10,131,000","54,000","-25,196,000","-41,318,000","-2,168,000","-1,391,000","-1,940,000","-3,586,000","-21,273,000","-3,962,000","-8,889,000","-2,739,000","-14,885,000","-18,578,000","-858,000","-19,076,000","-55,444,000","-5,161,000","-41,276,000","-29,744,000","-25,270,000","-1,682,000","-3,538,000","-9,133,000","-15,911,000","-29,081,000","-12,117,000","-6,064,000","-20,132,000","-121,000","-15,275,000","-1,896,000","-22,109,000","-8,873,000","-183,000","54,000","-660,000","1,234,000","559,000","-303,000"
NormalizedEBITDA,"502,537,000","150,870,000","124,060,000","57,254,000","170,353,000","134,445,000","46,027,000","29,109,000","-40,588,000","47,225,000","94,963,000","71,286,000","95,200,000","153,208,000","92,809,000","67,069,000","92,589,000","131,231,000","95,656,000","77,117,000","98,096,000","134,745,000","99,481,000","87,107,000","103,612,000","137,480,000","106,367,000","87,595,000","110,917,000","152,173,000","102,533,000","76,728,000","112,360,000","142,091,000","130,596,000","69,989,000","109,331,000","138,735,000","105,459,000","26,802,000","88,150,000","129,214,000","99,264,000","58,849,000","78,658,000","129,284,000"
TaxRateForCalcs,"0.134","0.17","0.024","0.27","0.211","0.086","0.27","0.27","0.279","0.364","0.049","0.27","0.039","0.077","0.27","0.27","0.237","0.028","0.09","0.4","0.083","0.251","0.4","0.084","0.4","0.24","0.4","0.263","0.299","0.255","0.048","0.275","0.241","0.248","0.35","0.35","0.35","0.141","0.134","0.188","0.161","0.192","0.158","0.146","0.203","0.16"
TaxEffectOfUnusualItems,"-2,070,462.426","-312,630","-114,847.841","-427,950","-1,529,750","-189,200","-2,735,370","14,580","-7,029,684","-15,039,752","-107,105.167","-375,570","-75,660","-276,122","-5,743,710","-1,069,740","-2,106,693","-76,692","-1,338,197.996","-7,431,200","-71,507.216","-4,788,076","-22,177,600","-433,524","-16,510,400","-7,138,560","-10,108,000","-442,366","-1,057,862","-2,328,915","-762,669.756","-8,000,194.779","-2,920,197","-1,503,872","-7,046,200","-42,350","-5,346,250","-267,336","-2,965,592.901","-1,671,727.73","-29,399.51","10,376.668","-104,028.372","180,247.191","113,258.426","-48,525.89"