name,ttm,03/31/2022,12/31/2021,09/30/2021,06/30/2021,03/31/2021,12/31/2020,09/30/2020,06/30/2020,03/31/2020,12/31/2019,09/30/2019,06/30/2019,03/31/2019,12/31/2018,09/30/2018,06/30/2018,03/31/2018,12/31/2017,09/30/2017,06/30/2017,03/31/2017,12/31/2016,09/30/2016,06/30/2016,03/31/2016,12/31/2015,09/30/2015,06/30/2015,03/31/2015,12/31/2014,09/30/2014,06/30/2014,03/31/2014,12/31/2013,09/30/2013,06/30/2013,03/31/2013,12/31/2012,09/30/2012,06/30/2012,03/31/2012,12/31/2011,09/30/2011,06/30/2011,03/31/2011,12/31/2010,09/30/2010,06/30/2010,03/31/2010,12/31/2009,09/30/2009,06/30/2009,03/31/2009,12/31/2008,09/30/2008,06/30/2008,03/31/2008,12/31/2007,09/30/2007,06/30/2007,03/31/2007,12/31/2006,09/30/2006,06/30/2006,03/31/2006,12/31/2005,09/30/2005,06/30/2005,03/31/2005,12/31/2004,09/30/2004,06/30/2004,03/31/2004,12/31/2003,09/30/2003,06/30/2003,03/31/2003,12/31/2002,09/30/2002,06/30/2002,03/31/2002,12/31/2001,09/30/2001,06/30/2001,03/31/2001,12/31/2000,09/30/2000,06/30/2000,03/31/2000,12/31/1999,09/30/1999,06/30/1999,03/31/1999,12/31/1998,09/30/1998,06/30/1998,03/31/1998,12/31/1997,09/30/1997,06/30/1997,03/31/1997,12/31/1996,09/30/1996,06/30/1996,03/31/1996,12/31/1995,09/30/1995,06/30/1995,03/31/1995,12/31/1994,09/30/1994,06/30/1994,03/31/1994,12/31/1993,09/30/1993,06/30/1993,03/31/1993,12/31/1992,09/30/1992,06/30/1992,03/31/1992,09/30/1991
TotalRevenue,"1,683,992,000","350,034,000","362,111,000","501,097,000","444,180,000","433,410,000","471,568,000","490,106,000","495,199,000","441,875,000","436,224,000","446,027,000","442,472,000","425,466,000","410,623,000","397,083,000","382,071,000","365,576,000","369,368,000","380,712,000","375,384,000","358,475,000","311,073,000","363,166,000","355,685,000","329,937,000","328,704,000","333,485,000","344,597,000","324,424,000","309,147,000","322,105,000","320,706,000","296,014,000","322,815,000","302,914,000","310,007,000","322,125,000","285,977,000","357,075,000","368,396,000","313,950,000","332,726,000","349,361,000","316,961,000","292,816,000","282,190,000","332,699,000","342,198,000","300,682,000","307,129,000","315,612,000","305,087,000","309,939,000","304,249,000","296,644,000","214,555,000","267,690,000","244,258,000","250,935,000","226,912,000","221,028,000","218,001,000","221,561,000","218,354,000","206,763,000","203,730,000","199,683,000","207,124,000","185,750,000","185,176,000","189,471,000","174,459,000","182,622,000","168,848,000","160,580,000","185,928,000","177,665,000","175,023,000","200,036,000","174,145,000","142,994,000","146,341,000","160,617,000","139,840,000","143,314,000","124,116,000","117,987,000","115,218,000","110,469,000","111,900,000","107,200,000","106,000,000","96,800,000","93,800,000","89,700,000","88,900,000","82,800,000","75,200,000","74,000,000","70,600,000","65,600,000","59,700,000","59,100,000","56,400,000","57,400,000","53,400,000","52,300,000","50,200,000","50,600,000","58,600,000","45,800,000","43,000,000","46,000,000","40,200,000","44,000,000","45,200,000","39,400,000","37,100,000","35,200,000","34,200,000","32,400,000",
	OperatingRevenue,"1,683,992,000","350,034,000","362,111,000","501,097,000","444,180,000","433,410,000","471,568,000","490,106,000","495,199,000","441,875,000","436,224,000","446,027,000","442,472,000","425,466,000","410,623,000","397,083,000","382,071,000","365,576,000","369,368,000","380,712,000","375,384,000","358,475,000","311,073,000","363,166,000","355,685,000","329,937,000","328,704,000","333,485,000","344,597,000","324,424,000","309,147,000","322,105,000","320,706,000","296,014,000","322,815,000","302,914,000","310,007,000","322,125,000","285,977,000","357,075,000","368,396,000","313,950,000","332,726,000","349,361,000","316,961,000","292,816,000","282,190,000","332,699,000","342,198,000","300,682,000","307,129,000","315,612,000","305,087,000","309,939,000","304,249,000","296,644,000","214,555,000","267,690,000","244,258,000","250,935,000","226,912,000","221,028,000","218,001,000","221,561,000","218,354,000","206,763,000","203,730,000","199,683,000","207,124,000","185,750,000","185,176,000","189,471,000","174,459,000","182,622,000","168,848,000","160,580,000","185,928,000","177,665,000","175,023,000","200,036,000","174,145,000","142,994,000","146,341,000","160,617,000","139,840,000","143,314,000","124,116,000","117,987,000","115,218,000","110,469,000","111,900,000","107,200,000","106,000,000","96,800,000","93,800,000","89,700,000","88,900,000","82,800,000","75,200,000","74,000,000","70,600,000","65,600,000","59,700,000","59,100,000","56,400,000","57,400,000","53,400,000","52,300,000","50,200,000","50,600,000","58,600,000","45,800,000","43,000,000","46,000,000","40,200,000","44,000,000","45,200,000","39,400,000","37,100,000","35,200,000","34,200,000","32,400,000",
PretaxIncome,"688,059,000","78,649,000","152,025,000","241,782,000","215,603,000","186,690,000","199,847,000","204,644,000","80,089,000","79,284,000","141,039,000","174,254,000","175,360,000","140,215,000","128,498,000","152,207,000","148,485,000","136,295,000","126,712,000","128,228,000","136,571,000","126,767,000","72,405,000","107,068,000","96,769,000","62,416,000","87,318,000","109,944,000","120,903,000","113,478,000","93,823,000","108,005,000","113,959,000","114,544,000","109,240,000","109,523,000","121,311,000","136,155,000","127,909,000","133,631,000","152,610,000","128,713,000","105,300,000","128,465,000","111,052,000","103,518,000","90,203,000","93,223,000","97,600,000","90,625,000","67,584,000","78,379,000","80,655,000","84,103,000","45,806,000","79,643,000","-4,023,000","96,715,000","77,678,000","90,598,000","83,133,000","82,016,000","78,057,000","77,497,000","86,064,000","85,984,000","75,377,000","78,673,000","79,099,000","81,591,000","69,155,000","70,283,000","71,480,000","59,552,000","55,509,000","60,608,000","64,637,000","68,827,000","60,029,000","68,312,000","52,716,000","50,179,000","46,961,000","46,003,000","44,759,000","41,955,000","38,798,000","38,992,000","36,767,000","33,214,000","35,400,000","34,300,000","32,800,000","29,800,000","28,900,000","28,800,000","31,000,000","23,100,000","10,500,000","24,300,000","23,700,000","22,700,000","21,000,000","18,800,000","10,700,000","18,800,000","16,400,000","16,600,000","15,600,000","15,500,000","18,200,000","14,300,000","13,900,000","13,100,000","12,800,000","12,500,000","12,000,000","10,900,000","10,500,000","9,600,000","8,700,000","6,800,000",
TaxProvision,"153,590,000","16,197,000","34,836,000","54,061,000","48,496,000","42,382,000","45,138,000","50,552,000","15,803,000","17,300,000","30,257,000","32,396,000","37,580,000","29,950,000","20,121,000","34,662,000","33,330,000","30,948,000","54,347,000","42,438,000","47,705,000","38,103,000","22,496,000","31,956,000","30,497,000","21,428,000","26,242,000","34,128,000","40,630,000","38,384,000","28,242,000","31,879,000","37,230,000","37,501,000","35,318,000","33,461,000","41,423,000","47,096,000","44,293,000","45,778,000","53,149,000","45,520,000","37,396,000","43,006,000","39,357,000","38,752,000","31,097,000","29,935,000","32,042,000","30,283,000","24,780,000","24,772,000","28,315,000","28,838,000","10,363,000","22,958,000","-2,862,000","34,450,000","26,518,000","30,750,000","29,270,000","29,223,000","27,472,000","24,837,000","31,080,000","31,236,000","27,219,000","27,846,000","28,634,000","29,536,000","22,599,000","22,501,000","25,947,000","20,400,000","20,207,000","21,792,000","23,140,000","24,640,000","21,250,000","24,183,000","18,662,000","17,763,000","16,829,000","16,216,000","15,778,000","14,789,000","13,302,000","13,355,000","12,573,000","8,401,000","12,200,000","11,600,000","10,700,000","10,000,000","9,700,000","10,000,000","10,600,000","6,800,000","-6,300,000","7,900,000","7,600,000","7,400,000","6,500,000","5,800,000","-2,900,000","5,800,000","3,700,000","4,100,000","3,500,000","3,500,000","3,800,000","3,700,000","3,600,000","3,400,000","3,800,000","3,700,000","3,600,000","3,300,000","3,200,000","2,800,000","2,400,000","1,600,000",
NetIncomeCommonStockholders,"530,736,000","62,037,000","116,477,000","186,971,000","165,251,000","145,123,000","153,290,000","153,096,000","64,296,000","61,736,000","109,678,000","141,356,000","136,713,000","109,784,000","107,659,000","116,293,000","113,416,000","104,540,000","71,748,000","84,761,000","87,221,000","87,353,000","49,418,000","73,361,000","64,980,000","42,026,000","58,870,000","73,997,000","78,286,000","74,029,000","63,558,000","74,734,000","75,011,000","75,892,000","72,211,000","74,939,000","79,077,000","86,993,000","80,024,000","87,382,000","97,628,000","83,615,000","66,993,000","85,101,000","69,007,000","64,774,000","58,832,000","64,267,000","63,522,000","60,133,000","42,771,000","50,660,000","52,115,000","55,032,000","35,443,000","56,685,000","-1,161,000","62,265,000","51,160,000","59,848,000","53,863,000","52,793,000","50,585,000","52,660,000","54,984,000","54,748,000","47,783,000","50,827,000","50,465,000","52,055,000","46,181,000","47,032,000","45,533,000","39,152,000","35,102,000","38,441,000","41,497,000","44,187,000","38,404,000","44,129,000","33,679,000","32,041,000","29,757,000","29,412,000","28,606,000","26,791,000","25,121,000","25,262,000","23,819,000","24,438,000","23,200,000","22,700,000","22,100,000","19,400,000","19,200,000","18,800,000","20,400,000","16,300,000","16,800,000","16,400,000","16,100,000","15,300,000","14,500,000","13,000,000","13,600,000","13,000,000","12,700,000","12,500,000","12,100,000","12,000,000","14,400,000","10,600,000","10,300,000","9,700,000","9,000,000","8,800,000","8,400,000","9,200,000","7,300,000","6,800,000","6,300,000","5,200,000","4,300,000"
	NetIncome,"534,549,000","62,488,000","117,318,000","188,322,000","166,421,000","146,060,000","154,224,000","154,034,000","64,693,000","62,079,000","110,352,000","142,231,000","137,563,000","110,612,000","108,456,000","117,256,000","114,372,000","105,562,000","72,492,000","85,649,000","88,147,000","88,356,000","50,026,000","74,277,000","65,801,000","42,564,000","59,601,000","74,891,000","79,230,000","74,843,000","64,318,000","75,632,000","75,895,000","76,590,000","72,976,000","75,738,000","79,931,000","87,964,000","82,565,000","87,382,000","97,628,000","83,615,000","66,993,000","85,101,000","69,007,000","64,774,000","58,832,000","64,267,000","63,522,000","60,133,000","42,771,000","50,660,000","52,115,000","55,032,000","35,443,000","56,685,000","-1,161,000","62,265,000","51,160,000","59,848,000","53,863,000","52,793,000","50,585,000","52,660,000","54,984,000","54,748,000","48,158,000","50,827,000","50,465,000","52,055,000","46,556,000","47,782,000","45,533,000","39,152,000","35,302,000","38,816,000","41,497,000","44,187,000","38,779,000","44,129,000","34,054,000","32,416,000","30,132,000","29,787,000","28,981,000","27,166,000","25,496,000","25,637,000","24,194,000","24,813,000","23,200,000","22,700,000","22,100,000","19,800,000","19,200,000","18,800,000","20,400,000","16,300,000","16,800,000","16,400,000","16,100,000","15,300,000","14,500,000","13,000,000","13,600,000","13,000,000","12,700,000","12,500,000","12,100,000","12,000,000","14,400,000","10,600,000","10,300,000","9,700,000","9,000,000","8,800,000","8,400,000","9,200,000","7,300,000","6,800,000","6,300,000","5,200,000","4,300,000"
		NetIncomeIncludingNoncontrollingInterests,"534,469,000","62,452,000","117,189,000","187,721,000","167,107,000","144,308,000","154,709,000","154,092,000","64,286,000","61,984,000","110,782,000","141,858,000","137,780,000","110,265,000","108,377,000","117,545,000","115,155,000","105,347,000","72,365,000","85,790,000","88,866,000","88,664,000","49,909,000","75,112,000","66,272,000","40,988,000","61,076,000","75,816,000","80,273,000","75,094,000","65,581,000","76,126,000","76,729,000","77,043,000","73,922,000","76,062,000","79,888,000","89,059,000","83,616,000","87,853,000","99,461,000","83,193,000","67,904,000","85,459,000","71,695,000","64,766,000","59,106,000","63,288,000","65,558,000","60,342,000","42,804,000","53,607,000","52,340,000","55,265,000","35,443,000","56,685,000","-1,161,000","62,265,000","51,160,000","59,848,000","53,863,000","52,793,000","50,585,000","52,660,000","54,984,000","54,748,000","48,158,000","50,827,000","50,465,000","52,055,000","46,556,000","47,782,000","45,533,000","39,152,000","35,302,000","38,816,000","41,497,000","44,187,000","38,779,000","44,129,000","34,054,000","32,416,000","30,132,000","29,787,000","28,981,000","27,166,000","25,496,000","25,637,000","24,194,000","24,813,000","23,200,000","22,700,000","22,100,000","19,800,000","19,200,000","18,800,000","20,400,000","16,300,000","16,800,000","16,400,000","16,100,000","15,300,000","14,500,000","13,000,000","13,600,000","13,000,000","12,700,000","12,500,000","12,100,000","12,000,000","14,400,000","10,600,000","10,300,000","9,700,000","9,000,000","8,800,000","8,400,000","9,200,000","7,300,000","6,800,000","6,300,000","5,200,000","4,300,000"
			NetIncomeContinuousOperations,"534,469,000","62,452,000","117,189,000","187,721,000","167,107,000","144,308,000","154,709,000","154,092,000","64,286,000","61,984,000","110,782,000","141,858,000","137,780,000","110,265,000","108,377,000","117,545,000","115,155,000","105,347,000","72,365,000","85,790,000","88,866,000","88,664,000","49,909,000","75,112,000","66,272,000","40,988,000","61,076,000","75,816,000","80,273,000","75,094,000","65,581,000","76,126,000","76,729,000","77,043,000","73,922,000","76,062,000","79,888,000","89,059,000","83,616,000","87,853,000","99,461,000","83,193,000","67,904,000","85,459,000","71,695,000","64,766,000","59,106,000","63,288,000","65,558,000","60,342,000","42,804,000","53,607,000","52,340,000","55,265,000","35,443,000","56,685,000","-1,161,000","62,265,000","51,160,000","59,848,000","53,863,000","52,793,000","50,585,000","52,660,000","54,984,000","54,748,000","48,158,000","50,827,000","50,465,000","52,055,000","46,556,000","47,782,000","45,533,000","39,152,000","35,302,000","38,816,000","41,497,000","44,187,000","38,779,000","44,129,000","34,054,000","32,416,000","30,132,000","29,787,000","28,981,000","27,166,000","25,496,000","25,637,000","24,194,000","24,813,000","23,200,000","22,700,000","22,100,000","19,800,000","19,200,000","18,800,000","20,400,000","16,300,000","16,800,000","16,400,000","16,100,000","15,300,000","14,500,000","13,000,000","13,600,000","13,000,000","12,700,000","12,500,000","12,100,000","12,000,000","14,400,000","10,600,000","10,300,000","9,700,000","9,000,000","8,800,000","8,400,000","7,600,000","7,300,000","6,800,000","6,300,000","5,200,000","4,300,000"
			NetIncomeExtraordinary,,,,,,,,,,,,,,,,,,,,,,,,,,,,,,,,,,,,,,,,,,,,,,,,,,,,,,,,,,,,,,,,,,,,,,,,,,,,,,,,,,,"0",,,,,,,,,,,,,,,,,,,,,,,,,,,,,,,,"0",,,"1,600,000",,,,,
		MinorityInterests,"80,000","36,000","129,000","601,000","-686,000","1,752,000","-485,000","-58,000","407,000","95,000","-430,000","373,000","-217,000","347,000","79,000","-289,000","-783,000","215,000","127,000","-141,000","-719,000","-308,000","117,000","-835,000","-471,000","1,576,000","-1,475,000","-925,000","-1,043,000","-251,000","-1,263,000","-494,000","-834,000","-453,000","-946,000","-324,000","43,000","-1,095,000","-1,051,000","-471,000","-1,833,000","422,000","-911,000","-358,000","-2,688,000","8,000","-274,000","979,000","-2,036,000","-209,000","-33,000","-2,947,000","-225,000","-233,000",,,,,,,,,,,,,,,,,,,,,,,,,,,,,,,,,,,,,,,,,,,,,,,,,,,,,,,,,,,,,,,,,,,,,
	PreferredStockDividends,,,,,,,,,,,,,,,,,,,,,,,,,,,,,,,,,,,,,,,,,,,,,,,,,,,,,,,,,,,,,,,,,,,,,,,"375,000","750,000",,,"200,000","375,000",,,"375,000",,"375,000","375,000","375,000","375,000","375,000","375,000","375,000","375,000","375,000","375,000","0",,,"400,000",,,,,,,,,,,,,,,,,,,,,,,,,,,,,
	OtherunderPreferredStockDividend,"3,813,000","451,000","841,000","1,351,000","1,170,000","937,000","934,000","938,000","397,000","343,000","674,000","875,000","850,000","828,000","797,000","963,000","956,000","1,022,000","744,000","888,000","926,000","1,003,000","608,000","916,000","821,000","538,000","731,000","894,000","944,000","814,000","760,000","898,000","884,000","698,000","765,000","799,000","854,000","971,000",,,,,,,,,,,,,,,,,,,,,,,,,,,,,,,,,,,,,,,,,,,,,,,,,,,,,,,,,,,,,,,,,,,,,,,,,,,,,,,,,,,,,
AverageDilutionEarnings,,"0",,"0","1,000",,"0","0","0","0",,"1,000","0",,"0","1,000","1,000","0","1,000","1,000","1,000","0","0","1,000","0","0","1,000","1,000","1,000","1,000","1,000","1,000","1,000","1,000","1,000","2,000","2,000","5,000",,,,,,,,,,,,,,,,,,,,,,,,,,,,,,,,,,,,,,,,,,,,,,,,,,,,,,,,,,,,,,,,,,,,,,,,,,,,,,,,,,,,,
DilutedNIAvailtoComStockholders,"530,736,000","62,037,000","116,477,000","186,971,000","165,252,000","145,123,000","153,290,000","153,096,000","64,296,000","61,736,000","109,677,000","141,357,000","136,713,000","109,784,000","107,659,000","116,294,000","113,417,000","104,540,000","71,748,000","84,762,000","87,222,000","87,353,000","49,418,000","73,362,000","64,980,000","42,026,000","58,871,000","73,998,000","78,287,000","74,030,000","63,559,000","74,735,000","75,012,000","75,893,000","72,212,000","74,941,000","79,079,000","86,998,000","80,030,000","87,382,000","97,628,000","83,615,000","66,993,000","85,101,000","69,007,000","64,774,000","58,832,000","64,267,000","63,522,000","60,133,000","42,771,000","50,660,000","52,115,000","55,032,000","35,443,000","56,685,000","-1,161,000","62,265,000","51,160,000","59,848,000","53,863,000","52,793,000","50,585,000","52,660,000","54,984,000","54,748,000","47,783,000","50,827,000","50,465,000","52,055,000","46,181,000","47,032,000","45,533,000","39,152,000","35,102,000","38,441,000","41,497,000","44,187,000","38,404,000","44,129,000","33,679,000","32,041,000","29,757,000","29,412,000","28,606,000","26,791,000","25,121,000","25,262,000","23,819,000","24,438,000","23,200,000","22,700,000","22,100,000","19,400,000","19,200,000","18,800,000","20,400,000","16,300,000","16,800,000","16,400,000","16,100,000","15,300,000","14,500,000","13,000,000","13,600,000","13,000,000","12,700,000","12,500,000","12,100,000","12,000,000","14,400,000","10,600,000","10,300,000","9,700,000","9,000,000","8,800,000","8,400,000","9,200,000","7,300,000","6,800,000","6,300,000","5,200,000","4,300,000"
BasicEPS,,"0.91","1.71","2.74","2.4","2.1","2.21","2.19","0.92","0.88","1.56","2","1.93","1.54","1.5","1.79","1.75","1.61","1.11","1.31","1.35","1.35","0.76","1.13","1","0.64","0.89","1.09","1.15","1.08","0.93","1.09","1.1","1.11","1.06","1.1","1.16","1.28","1.21","1.28","1.43","1.22",,"1.24","1.01","0.95",,"0.94","0.93","0.88",,"0.75","0.77","0.81",,"0.84","-0.02","0.93",,"0.89","0.8","0.79",,"0.79","0.82","0.82",,"0.77","0.79","0.87",,"0.79","0.76","0.66",,"0.65","0.699","0.767",,"0.782","0.603","0.584",,"0.531","0.512","0.503",,"0.453","0.426","0.444",,"0.409","0.397","0.371",,"0.363","0.388","0.311",,"0.311","0.302","0.293",,"0.242","0.259","0.242",,"0.242","0.233","0.216",,"0.216","0.216","0.207",,"0.207","0.19","0.233",,"0.173","0.155","0.129","0.207"
DilutedEPS,,"0.91","1.71","2.74","2.4","2.1","2.21","2.19","0.92","0.88","1.56","2","1.93","1.54","1.5","1.79","1.75","1.61","1.11","1.31","1.35","1.35","0.76","1.13","1","0.64","0.89","1.09","1.15","1.08","0.93","1.09","1.1","1.11","1.06","1.1","1.16","1.28","1.21","1.27","1.43","1.22",,"1.24","1","0.94",,"0.94","0.93","0.88",,"0.75","0.77","0.81",,"0.84","-0.02","0.92",,"0.89","0.8","0.78",,"0.78","0.82","0.81",,"0.76","0.75","0.78",,"0.72","0.68","0.583",,"0.583","0.621","0.689",,"0.688","0.537","0.528",,"0.467","0.458","0.448",,"0.409","0.391","0.4",,"0.364","0.354","0.328",,"0.328","0.345","0.276",,"0.276","0.268","0.259",,"0.216","0.233","0.224",,"0.216","0.216","0.207",,"0.207","0.207","0.19",,"0.181","0.164","0.207",,"0.147","0.129","0.112","0.181"
BasicAverageShares,,"67,812,400","68,069,160","68,359,125","68,815,666","69,137,375","69,489,597","69,877,866","69,876,043","70,123,685","70,295,899","70,596,307","70,887,063","71,387,070","71,808,029","64,901,095","64,901,975","64,847,334","64,793,005","64,742,822","64,729,752","64,639,437","64,719,018","65,085,392","65,245,887","65,296,541","66,378,380","67,668,076","68,096,341","68,254,780","68,481,630","68,455,866","68,359,945","68,273,685","68,095,254","68,049,179","67,993,822","67,814,550","67,622,777","67,966,700","67,472,665","67,665,300",,"67,827,591","67,898,483","67,901,722",,"67,625,378","67,605,807","67,592,315",,"67,392,059","67,344,577","67,315,986",,"67,263,317","67,452,181","67,202,128",,"67,078,378","67,116,902","67,085,310",,"66,756,458","66,775,117","66,715,396",,"66,427,447","63,779,343","59,432,812",,"59,197,676","59,146,624","59,051,210",,"58,770,967","58,647,951","56,809,338",,"56,236,969","56,161,747","54,406,024",,"55,728,964","55,591,581","53,869,475",,"55,215,580","55,290,903","55,264,418",,"55,512,624","55,659,515","52,268,000",,"51,857,634","52,519,656","52,455,260",,"52,777,072","53,292,024","52,133,380",,"53,788,578","52,519,791","53,788,578",,"51,719,786","51,918,629","55,609,105",,"49,121,376","47,731,149","46,823,485",,"42,479,038","44,234,506","39,475,491",,"39,389,691","40,548,368","40,161,883","20,756,803"
DilutedAverageShares,,"67,813,851","68,070,910","68,360,871","68,817,442","69,141,710","69,493,050","69,879,290","69,877,467","70,130,166","70,309,644","70,609,924","70,902,033","71,404,388","71,833,334","64,934,351","64,937,226","64,888,033","64,843,179","64,805,172","64,793,134","64,707,210","64,787,728","65,157,841","65,302,927","65,331,428","66,467,729","67,762,483","68,210,353","68,344,886","68,615,808","68,609,765","68,511,378","68,436,478","68,293,758","68,272,861","68,212,497","68,040,180","67,914,717","68,334,989","67,744,828","67,941,895",,"68,037,419","68,169,485","68,176,527",,"67,765,344","67,880,587","67,790,049",,"67,513,700","67,448,029","67,387,102",,"67,471,376","67,452,181","67,549,960",,"67,537,643","67,606,330","67,574,671",,"67,325,428","67,317,681","67,260,659",,"67,105,539","66,986,428","66,946,765",,"66,802,600","66,719,734","66,671,947",,"66,633,573","66,506,486","64,444,395",,"63,908,851","63,926,709","61,877,667",,"63,466,093","63,165,602","61,081,371",,"62,500,599","62,560,384","62,551,007",,"62,282,218","62,447,019","59,145,440",,"57,316,199","59,084,708","59,012,215",,"59,374,253","60,168,247","59,084,765",,"60,243,197","58,354,823","57,926,069",,"57,926,151","56,072,514","57,925,961",,"51,167,932","49,719,783","51,080,322",,"48,547,439","51,218,575","44,409,689",,"46,340,782","48,657,666","46,340,855","23,722,044"
NetIncomeFromContinuingAndDiscontinuedOperation,"534,549,000","62,488,000","117,318,000","188,322,000","166,421,000","146,060,000","154,224,000","154,034,000","64,693,000","62,079,000","110,352,000","142,231,000","137,563,000","110,612,000","108,456,000","117,256,000","114,372,000","105,562,000","72,492,000","85,649,000","88,147,000","88,356,000","50,026,000","74,277,000","65,801,000","42,564,000","59,601,000","74,891,000","79,230,000","74,843,000","64,318,000","75,632,000","75,895,000","76,590,000","72,976,000","75,738,000","79,931,000","87,964,000","82,565,000","87,382,000","97,628,000","83,615,000","66,993,000","85,101,000","69,007,000","64,774,000","58,832,000","64,267,000","63,522,000","60,133,000","42,771,000","50,660,000","52,115,000","55,032,000","35,443,000","56,685,000","-1,161,000","62,265,000","51,160,000","59,848,000","53,863,000","52,793,000","50,585,000","52,660,000","54,984,000","54,748,000","48,158,000","50,827,000","50,465,000","52,055,000","46,556,000","47,782,000","45,533,000","39,152,000","35,302,000","38,816,000","41,497,000","44,187,000","38,779,000","44,129,000","34,054,000","32,416,000","30,132,000","29,787,000","28,981,000","27,166,000","25,496,000","25,637,000","24,194,000","24,813,000","23,200,000","22,700,000","22,100,000","19,800,000","19,200,000","18,800,000","20,400,000","16,300,000","16,800,000","16,400,000","16,100,000","15,300,000","14,500,000","13,000,000","13,600,000","13,000,000","12,700,000","12,500,000","12,100,000","12,000,000","14,400,000","10,600,000","10,300,000","9,700,000","9,000,000","8,800,000","8,400,000","7,600,000","7,300,000","6,800,000","6,300,000","5,200,000","4,300,000"
NormalizedIncome,"538,432,889.318","62,488,000","121,172,267.39","188,322,000","166,421,000","149,152,000","158,868,823.29","154,034,000","67,102,000","62,079,000","111,922,941.371","142,231,000","138,349,000","110,612,000","108,456,000","117,256,000","114,372,000","105,562,000","72,492,000","85,649,000","88,147,000","88,356,000","50,026,000","74,277,000","65,801,000","42,564,000","59,601,000","75,440,240","79,230,000","74,843,000","65,609,027.861","75,632,000","75,895,000","78,211,400","72,976,000","77,160,780","79,931,000","87,964,000","61,825,899.546","98,072,465.783","111,205,557.257","83,845,098.809","56,506,249.307","101,139,738.1","75,559,178.754","67,693,906.895","67,938,739.111","71,745,633.041","59,376,934.242","62,946,185.655","52,311,078.303","50,969,143.572","60,797,125.845","65,889,443.789","34,439,429.049","57,282,148.714","623,250","62,287,532.958","52,026,739.102","59,820,255.282","54,088,473.927","52,346,278.116","50,421,690.88","52,337,232.667","54,959,083.938","54,163,488.184","48,112,638.444","50,774,669.633","46,677,206.159","51,434,864.691","47,345,004.873","51,740,095.187","38,589,663.402","41,136,818.109","35,257,482.174","38,807,033.791","41,491,863.994","43,718,339.3","38,759,619.867","43,842,179.588","34,049,478.071","31,979,299.069","32,726,787.334","29,779,877.486","28,976,467.571","26,828,650.793","25,496,000","25,618,590.172","24,168,994.642","24,489,521.075","23,200,000","22,700,000","22,100,000","18,670,469.799","19,200,000","18,800,000","20,334,193.548","15,312,121.212","16,800,000","16,400,000","16,100,000","15,300,000","14,500,000","13,000,000","13,600,000","13,000,000","12,700,000","12,500,000","12,100,000","12,000,000","14,400,000","10,600,000","10,300,000","9,700,000","9,000,000","8,800,000","8,400,000","7,600,000","7,300,000","6,800,000","6,300,000","5,200,000","4,300,000"
InterestIncome,"1,164,789,000","283,099,000","292,334,000","293,463,000","295,893,000","298,239,000","319,020,000","294,659,000","306,384,000","348,937,000","369,857,000","395,207,000","390,820,000","376,074,000","365,592,000","303,247,000","294,180,000","265,407,000","255,767,000","255,413,000","235,181,000","226,390,000","215,737,000","209,317,000","202,267,000","201,796,000","196,782,000","193,664,000","191,813,000","184,569,000","186,620,000","183,868,000","182,631,000","179,120,000","187,441,000","183,890,000","185,041,000","188,999,000","194,314,000","196,071,000","203,055,000","198,208,000","198,040,000","205,749,000","205,717,000","202,089,000","197,148,000","216,967,000","217,597,000","219,370,000","224,411,000","226,246,000","230,685,000","233,227,000","262,160,000","263,358,000","260,086,000","276,041,000","297,096,000","300,380,000","288,685,000","274,576,000","266,924,000","255,480,000","240,440,000","223,585,000","214,240,000","199,056,000","186,334,000","170,304,000","163,087,000","157,027,000","147,349,000","146,006,000","143,883,000","137,804,000","141,534,000","141,952,000","143,756,000","144,430,000","142,997,000","143,730,000","148,222,000","161,863,000","168,270,000","176,278,000","173,495,000","163,577,000","156,314,000","145,344,000","140,100,000","131,800,000","118,000,000","106,500,000","102,600,000","98,400,000","92,900,000","92,700,000","90,400,000","88,600,000","86,800,000","78,800,000","74,800,000","72,900,000","72,200,000","70,600,000","70,600,000","69,700,000","69,200,000","65,900,000","72,500,000","53,100,000","50,800,000","46,800,000","41,200,000","43,100,000","42,800,000","38,100,000","33,500,000","33,600,000","34,400,000","34,700,000",
InterestExpense,"58,765,000","14,688,000","15,257,000","13,236,000","15,584,000","17,819,000","21,790,000","22,909,000","28,280,000","87,577,000","99,608,000","116,111,000","105,388,000","97,972,000","79,906,000","62,364,000","55,618,000","45,671,000","38,904,000","36,961,000","29,977,000","25,208,000","21,539,000","21,471,000","19,655,000","19,224,000","15,521,000","15,028,000","16,082,000","16,843,000","16,956,000","17,077,000","16,534,000","16,478,000","16,876,000","17,539,000","17,885,000","18,594,000","20,945,000","20,044,000","21,694,000","24,639,000","26,570,000","30,365,000","31,716,000","31,450,000","33,498,000","36,252,000","35,484,000","36,796,000","39,933,000","45,785,000","55,105,000","63,382,000","85,713,000","99,010,000","101,147,000","128,913,000","155,807,000","160,935,000","153,772,000","145,738,000","142,646,000","131,502,000","119,334,000","106,259,000","97,854,000","86,228,000","73,801,000","62,710,000","56,625,000","48,642,000","42,160,000","43,204,000","43,103,000","41,633,000","43,967,000","46,441,000","47,213,000","52,380,000","53,431,000","53,688,000","61,203,000","77,337,000","88,653,000","100,666,000","104,303,000","95,430,000","88,444,000","81,666,000","75,000,000","69,400,000","61,400,000","56,600,000","53,600,000","51,600,000","48,400,000","50,700,000","48,700,000","48,900,000","47,600,000","43,700,000","42,600,000","41,000,000","39,800,000","39,800,000","41,100,000","40,600,000","40,900,000","37,500,000","35,600,000","25,700,000","23,300,000","19,600,000","17,600,000","17,900,000","17,400,000","15,900,000","12,500,000","13,400,000","15,100,000","16,400,000",
NetInterestIncome,"1,106,024,000","268,411,000","277,077,000","280,227,000","280,309,000","280,420,000","297,230,000","271,750,000","278,104,000","261,360,000","270,249,000","279,096,000","285,432,000","278,102,000","285,686,000","240,883,000","238,562,000","219,736,000","216,863,000","218,452,000","205,204,000","201,182,000","194,198,000","187,846,000","182,612,000","182,572,000","181,261,000","178,636,000","175,731,000","167,726,000","169,664,000","166,791,000","166,097,000","162,642,000","170,565,000","166,351,000","167,156,000","170,405,000","173,369,000","176,027,000","181,361,000","173,569,000","171,470,000","175,384,000","174,001,000","170,639,000","163,650,000","180,715,000","182,113,000","182,574,000","184,478,000","180,461,000","175,580,000","169,845,000","176,447,000","164,348,000","158,939,000","147,128,000","141,289,000","139,445,000","134,913,000","128,838,000","124,278,000","123,978,000","121,106,000","117,326,000","116,386,000","112,828,000","112,533,000","107,594,000","106,462,000","108,385,000","105,189,000","102,802,000","100,780,000","96,171,000","97,567,000","95,511,000","96,543,000","92,050,000","89,566,000","90,042,000","87,019,000","84,526,000","79,617,000","75,612,000","69,192,000","68,147,000","67,870,000","63,678,000","65,100,000","62,400,000","56,600,000","49,900,000","49,000,000","46,800,000","44,500,000","42,000,000","41,700,000","39,700,000","39,200,000","35,100,000","32,200,000","31,900,000","32,400,000","30,800,000","29,500,000","29,100,000","28,300,000","28,400,000","36,900,000","27,400,000","27,500,000","27,200,000","23,600,000","25,200,000","25,400,000","22,200,000","21,000,000","20,200,000","19,300,000","18,300,000",
ReconciledDepreciation,"103,641,000","26,091,000","26,272,000","26,011,000","25,267,000","24,918,000","24,683,000","27,314,000","23,818,000","23,198,000","25,654,000","23,836,000","26,514,000","19,412,000","18,844,000","14,540,000","13,898,000","13,561,000","15,312,000","13,290,000","13,348,000","12,516,000","-17,527,000","23,069,000","22,567,000","18,907,000","15,894,000","16,335,000","16,953,000","16,800,000","15,199,000","14,743,000","13,728,000","12,362,000","12,441,000","13,186,000","14,242,000","13,392,000","17,483,000","12,816,000","12,310,000","12,326,000","13,090,000","12,348,000","12,160,000","12,369,000","13,473,000","14,671,000","13,463,000","17,380,000","28,913,000","30,097,000","14,875,000","13,886,000","12,533,000","12,080,000","12,718,000","13,951,000","9,795,000","12,877,000","8,893,000","9,555,000","10,956,000","10,002,000","9,019,000","10,652,000","11,202,000","11,949,000","10,723,000","10,986,000","12,612,000","12,474,000","9,594,000","12,618,000","13,082,000","39,592,000","8,767,000","11,949,000","21,580,000","13,420,000","19,871,000","16,737,000","16,530,000","15,761,000","17,899,000","13,360,000","11,218,000","14,444,000","11,516,000","12,291,000","11,500,000","9,000,000","9,800,000","12,200,000","10,900,000","10,100,000","9,800,000","9,200,000","12,400,000","7,000,000","8,500,000","7,400,000","9,700,000","4,500,000","6,800,000","5,600,000","5,500,000","5,600,000","5,600,000","4,800,000","6,800,000","9,300,000","4,000,000","3,700,000","5,500,000","3,500,000","2,800,000","1,500,000","4,500,000","1,700,000","1,300,000","1,300,000",
NetIncomeFromContinuingOperationNetMinorityInterest,"534,549,000","62,488,000","117,318,000","188,322,000","166,421,000","146,060,000","154,224,000","154,034,000","64,693,000","62,079,000","110,352,000","142,231,000","137,563,000","110,612,000","108,456,000","117,256,000","114,372,000","105,562,000","72,492,000","85,649,000","88,147,000","88,356,000","50,026,000","74,277,000","65,801,000","42,564,000","59,601,000","74,891,000","79,230,000","74,843,000","64,318,000","75,632,000","75,895,000","76,590,000","72,976,000","75,738,000","79,931,000","87,964,000","82,565,000","87,382,000","97,628,000","83,615,000","66,993,000","85,101,000","69,007,000","64,774,000","58,832,000","64,267,000","63,522,000","60,133,000","42,771,000","50,660,000","52,115,000","55,032,000","35,443,000","56,685,000","-1,161,000","62,265,000","51,160,000","59,848,000","53,863,000","52,793,000","50,585,000","52,660,000","54,984,000","54,748,000","48,158,000","50,827,000","50,465,000","52,055,000","46,556,000","47,782,000","45,533,000","39,152,000","35,302,000","38,816,000","41,497,000","44,187,000","38,779,000","44,129,000","34,054,000","32,416,000","30,132,000","29,787,000","28,981,000","27,166,000","25,496,000","25,637,000","24,194,000","24,813,000","23,200,000","22,700,000","22,100,000","19,800,000","19,200,000","18,800,000","20,400,000","16,300,000","16,800,000","16,400,000","16,100,000","15,300,000","14,500,000","13,000,000","13,600,000","13,000,000","12,700,000","12,500,000","12,100,000","12,000,000","14,400,000","10,600,000","10,300,000","9,700,000","9,000,000","8,800,000","8,400,000","7,600,000","7,300,000","6,800,000","6,300,000","5,200,000","4,300,000"
TotalUnusualItemsExcludingGoodwill,"-5,000,000","0","-5,000,000","0","0","-4,000,000","-6,000,000","0","-3,000,000","0","-2,000,000","0","-1,000,000",,"-2,846,000",,,,"-2,000,000",,,,"-2,000,000",,,,"0","-796,000","0","0","-1,847,000","0","0","-2,420,000","0","-2,062,000",,,"31,725,000","-16,261,000","-20,833,000","-356,000","16,262,000","-24,110,000","-10,149,000","-4,667,000","-13,898,000","-11,016,000","6,171,000","-4,225,000","-15,063,000","-452,000","-13,379,000","-16,523,000","1,297,000","-839,000","-2,745,000","-35,000","-1,316,000","42,000","-348,000","694,000","252,000","475,000","39,000","918,000","71,000","81,000","5,937,000","972,000","-1,172,000","-5,822,000","10,900,000","-3,019,000","70,000","14,000","8,000","730,000","30,000","444,000","7,000","676,000","-4,044,000","11,000","7,000","521,000",,"28,000","38,000","433,000",,,,"1,700,000",,,"100,000","1,400,000",,,,,,,,,,,,,,,,,,,,,,,,,
TotalUnusualItems,"-5,000,000","0","-5,000,000","0","0","-4,000,000","-6,000,000","0","-3,000,000","0","-2,000,000","0","-1,000,000",,"-2,846,000",,,,"-2,000,000",,,,"-2,000,000",,,,"0","-796,000","0","0","-1,847,000","0","0","-2,420,000","0","-2,062,000",,,"31,725,000","-16,261,000","-20,833,000","-356,000","16,262,000","-24,110,000","-10,149,000","-4,667,000","-13,898,000","-11,016,000","6,171,000","-4,225,000","-15,063,000","-452,000","-13,379,000","-16,523,000","1,297,000","-839,000","-2,745,000","-35,000","-1,316,000","42,000","-348,000","694,000","252,000","475,000","39,000","918,000","71,000","81,000","5,937,000","972,000","-1,172,000","-5,822,000","10,900,000","-3,019,000","70,000","14,000","8,000","730,000","30,000","444,000","7,000","676,000","-4,044,000","11,000","7,000","521,000",,"28,000","38,000","433,000",,,,"1,700,000",,,"100,000","1,400,000",,,,,,,,,,,,,,,,,,,,,,,,,
TaxRateForCalcs,"0.223","0.206","0.229","0.224","0.225","0.227","0.226","0.247","0.197","0.218","0.215","0.186","0.214","0.214","0.157","0.228","0.224","0.227","0.4","0.331","0.337","0.301","0.311","0.298","0.315","0.343","0.301","0.31","0.336","0.338","0.301","0.3","0.33","0.33","0.323","0.31","0.34","0.35","0.346","0.343","0.348","0.354","0.355","0.335","0.354","0.374","0.345","0.321","0.328","0.334","0.367","0.316","0.351","0.343","0.226","0.288","0.35","0.356","0.341","0.339","0.352","0.356","0.352","0.32","0.361","0.363","0.361","0.354","0.362","0.362","0.327","0.32","0.363","0.343","0.364","0.36","0.358","0.358","0.354","0.354","0.354","0.354","0.358","0.352","0.353","0.352","0.343","0.343","0.342","0.253","0.345","0.338","0.326","0.336","0.336","0.347","0.342","0.294","0.4","0.325","0.321","0.326","0.31","0.309","0.4","0.309","0.226","0.247","0.224","0.226","0.209","0.259","0.259","0.26","0.297","0.296","0.3","0.303","0.305","0.292","0.276","0.235","0.4"
TaxEffectOfUnusualItems,"-1,116,110.682","0","-1,145,732.61","0","0","-908,000","-1,355,176.71","0","-591,000","0","-429,058.629","0","-214,000","0","0","0","0","0","0","0","0","0","0","0","0","0","0","-246,760","0","0","-555,972.139","0","0","-798,600","0","-639,220","0","0","10,985,899.546","-5,570,534.217","-7,255,442.743","-125,901.191","5,775,249.307","-8,071,261.9","-3,596,821.246","-1,747,093.105","-4,791,260.889","-3,537,366.959","2,025,934.242","-1,411,814.345","-5,522,921.697","-142,856.428","-4,696,874.155","-5,665,556.211","293,429.049","-241,851.286","-960,750","-12,467.042","-449,260.898","14,255.282","-122,526.073","247,278.116","88,690.88","152,232.667","14,083.938","333,488.184","25,638.444","28,669.633","2,149,206.159","351,864.691","-382,995.127","-1,863,904.813","3,956,663.402","-1,034,181.891","25,482.174","5,033.791","2,863.994","261,339.3","10,619.867","157,179.588","2,478.071","239,299.069","-1,449,212.666","3,877.486","2,467.571","183,650.793","0","9,590.172","12,994.642","109,521.075","0","0","0","570,469.799","0","0","34,193.548","412,121.212","0","0","0","0","0","0","0","0","0","0","0","0","0","0","0","0","0","0","0","0","0","0","0","0","0"