name,ttm,03/31/2022,12/31/2021,09/30/2021,06/30/2021,03/31/2021,12/31/2020,09/30/2020,06/30/2020,03/31/2020,12/31/2019,09/30/2019,06/30/2019,03/31/2019,12/31/2018,09/30/2018,06/30/2018,03/31/2018,12/31/2017,09/30/2017,06/30/2017,03/31/2017,12/31/2016,09/30/2016,06/30/2016,03/31/2016,12/31/2015,09/30/2015,06/30/2015,03/31/2015,12/31/2014,09/30/2014,06/30/2014,03/31/2014,12/31/2013,09/30/2013,06/30/2013,03/31/2013,12/31/2012,09/30/2012,06/30/2012,03/31/2012,12/31/2011,09/30/2011,06/30/2011,03/31/2011,12/31/2010,09/30/2010,06/30/2010,03/31/2010,12/31/2009,09/30/2009,06/30/2009,03/31/2009,12/31/2008,09/30/2008,06/30/2008,03/31/2008,12/31/2007,09/30/2007,06/30/2007,03/31/2007,12/31/2006,09/30/2006,06/30/2006,03/31/2006,12/31/2005,09/30/2005,06/30/2005,03/31/2005,12/31/2004,09/30/2004,06/30/2004,03/31/2004,12/31/2003,09/30/2003,06/30/2003,03/31/2003,12/31/2002,09/30/2002,06/30/2002,03/31/2002,12/31/2001,09/30/2001,06/30/2001,03/31/2001,12/31/2000,09/30/2000,06/30/2000,03/31/2000,12/31/1999,09/30/1999,06/30/1999,03/31/1999,12/31/1998,09/30/1998,06/30/1998,03/31/1998,12/31/1997,09/30/1997,06/30/1997,03/31/1997,12/31/1996,09/30/1996,06/30/1996,03/31/1996,12/31/1995,09/30/1995,06/30/1995,03/31/1995,12/31/1994,09/30/1994,06/30/1994,03/31/1994,12/31/1993,09/30/1993,06/30/1993,03/31/1993,12/31/1992,09/30/1992,06/30/1992,03/31/1992,12/31/1991,09/30/1991,06/30/1991,03/31/1991,12/31/1990,09/30/1990,06/30/1990,03/31/1990,12/31/1989,09/30/1989,06/30/1989,03/31/1989
TotalRevenue,"22,218,000","12,801,000","6,145,000","3,272,000","0","0","-1,000","0","-67,000","9,337,000","7,301,000","12,164,000","7,748,000","21,759,000","29,727,000","30,492,000","27,611,000","26,539,000","14,667,000","18,230,000","23,814,000","21,482,000","14,734,000","15,110,000","1,951,000","13,121,000","15,335,000","31,866,000","21,891,000","57,689,000","43,634,000","65,188,000","64,860,000","54,222,000","46,813,000","46,283,000","52,046,000","49,712,000","39,174,000","50,011,000","56,890,000","53,944,000","42,186,000","56,752,000","51,726,000","51,661,000","43,423,000","45,463,000","47,136,000","49,727,000","66,709,000","36,052,000","21,449,000","35,282,000","63,094,000","66,030,000","57,859,000","65,348,000","50,698,000","44,164,000","39,250,000","43,206,000","36,145,000","55,797,000","47,539,000","45,383,000","49,011,000","37,357,000","33,413,000","33,197,000","28,115,000","21,566,000","18,342,000","14,659,000","13,579,000","12,147,000","17,722,000","12,538,000","12,701,000","10,314,000","5,205,000","4,841,000","12,316,000","13,269,000","14,418,000","19,932,000","19,656,000","16,425,000","16,841,000","12,105,000","9,043,000","4,400,000","100,000","100,000","1,163,000","1,800,000","3,300,000","8,900,000","8,582,000","8,800,000","12,100,000","15,100,000","12,563,000","11,700,000","9,600,000","8,400,000","8,086,000","9,700,000","8,600,000","8,500,000","9,001,000","9,100,000","5,200,000","9,200,000","10,700,000","12,900,000","12,900,000","15,200,000","16,700,000","16,000,000","13,500,000","19,200,000","19,100,000","18,000,000","18,800,000","31,000,000","19,200,000","19,200,000","19,200,000","19,200,000","10,200,000","10,200,000","10,200,000","10,200,000"
	OperatingRevenue,"22,218,000","12,801,000","6,145,000","3,272,000","0","0","-1,000","0","-67,000","9,337,000","7,301,000","12,164,000","7,748,000","21,759,000","29,727,000","30,492,000","27,611,000","26,539,000","14,667,000","18,230,000","23,814,000","21,482,000","14,734,000","15,110,000","1,951,000","13,121,000","15,335,000","31,866,000","21,891,000","57,689,000","43,634,000","65,188,000","64,860,000","54,222,000","46,813,000","46,283,000","52,046,000","49,712,000","39,174,000","50,011,000","56,890,000","53,944,000","42,186,000","56,752,000","51,726,000","51,661,000","43,423,000","45,463,000","47,136,000","49,727,000","66,712,000","36,051,000","21,449,000","35,280,000","63,061,000","66,030,000","57,859,000","65,367,000","50,718,000","44,185,000","39,270,000","43,226,000","36,166,000","55,819,000","47,557,000","45,397,000","49,023,000","37,368,000","33,422,000","33,202,000","28,119,000","21,568,000","18,345,000","14,661,000","13,581,000","12,147,000","17,724,000","12,542,000","12,706,000","10,320,000","5,210,000","4,848,000","12,326,000","13,292,000","14,435,000","19,951,000","19,721,000","16,436,000","16,841,000","12,105,000","9,100,000","4,400,000","100,000","100,000","1,200,000","1,800,000","3,300,000","8,900,000","8,600,000","8,800,000","12,100,000","15,100,000","12,600,000","11,700,000","9,600,000","8,400,000","8,100,000","9,700,000","8,600,000","8,500,000","9,000,000","9,100,000","5,200,000","9,200,000","10,700,000","12,900,000","12,900,000","15,200,000","16,700,000","16,000,000","13,500,000","19,200,000","19,100,000","18,000,000","18,800,000","31,000,000","19,200,000","19,200,000","19,200,000","19,200,000","10,200,000","10,200,000","10,200,000","10,200,000"
CostOfRevenue,,,,,,,,,,,,,,,,,,,,,,,,,,,"0","0","0","0","0",,"0","0","0","0","0","0","0","0","0","0","0","0","0",,"0","0","0","0","0","0","0","0",,,,,,,,,,,,,,,,,,,,,,,,,,,,,,,,,,,,,,,,,,,,,,,,,,,,,,,,,,,,,,,,,,,,,,,,,,,,,,,,
GrossProfit,,,,,,,,,,,,,,,,,,,,,,,,,,,"15,335,000","31,866,000","21,891,000","57,689,000","43,634,000",,"64,860,000","54,222,000","46,813,000","46,283,000","52,046,000","49,712,000","39,174,000","50,011,000","56,890,000","53,944,000","42,186,000","56,752,000","51,726,000",,"43,423,000","45,463,000","47,136,000","49,727,000","66,709,000","36,052,000","21,449,000","35,282,000",,,,,,,,,,,,,,,,,,,,,,,,,,,,,,,,,,,,,,,,,,,,,,,,,,,,,,,,,,,,,,,,,,,,,,,,,,,,,,,,
OperatingExpense,"1,894,000","364,000","430,000","1,100,000","0","75,000","462,000","288,000","689,000","253,000","106,000","341,000","312,000","326,000","202,000","297,000","407,000","215,000","242,000","406,000","311,000","206,000","197,000","450,000","410,000","241,000","291,000","358,000","514,000","157,000","256,000","291,000","467,000","127,000","419,000","426,000","370,000","167,000","192,000","517,000","326,000","117,000","299,000","276,000","556,000","86,000","185,000","621,000","330,000","202,000","220,000","746,000","224,000","269,000","186,000","689,000","738,000","183,000","681,000","767,000","0","502,000","502,000","0","296,000","157,000","1,102,000","388,000","367,000","151,000","224,000","212,000","324,000","216,000","141,000","225,000","333,000","502,000","178,000","130,000","298,000","216,000","44,000","269,000","253,000","158,000","62,000","232,000","274,000","164,000","1,098,000","-300,000",,,"614,000","0","0","0","845,000","0","0","0","1,450,000","-300,000","-200,000","0","35,629,000","0","0","0",,,"-300,000","-100,000",,,,,,,,,,,,,,,,,,,,
	SellingGeneralAndAdministration,"1,894,000","364,000","430,000","1,100,000","0","75,000","462,000","288,000","689,000","253,000","106,000","341,000","312,000","326,000","202,000","297,000","407,000","215,000","242,000","406,000","311,000","206,000","197,000","450,000","410,000","241,000","291,000","358,000","514,000","157,000","256,000","291,000","467,000","127,000","419,000","426,000","370,000","167,000","192,000","517,000","326,000","117,000","299,000","276,000","556,000","86,000","185,000","621,000","330,000","202,000","220,000","746,000","224,000","269,000","186,000","689,000","738,000","183,000","360,000","767,000","391,000","169,000","325,000","279,000","296,000","157,000","191,000","388,000","367,000","151,000","224,000","212,000","324,000","216,000","141,000","225,000","333,000","469,000","178,000","130,000","298,000","216,000","44,000","269,000","253,000","158,000","62,000","232,000","274,000","164,000","198,000","600,000",,,"14,000","300,000","200,000","100,000","245,000","200,000","300,000","100,000",,,,"200,000","88,000","200,000","300,000","100,000",,,,,,,,,,,,,,,,,,,,,,,,
		GeneralAndAdministrativeExpense,"1,894,000","364,000","430,000","1,100,000",,"75,000","462,000","288,000","689,000","253,000","106,000","341,000","312,000","326,000","202,000","297,000","407,000","215,000","242,000","406,000","311,000","206,000","197,000","450,000","410,000","241,000","291,000","358,000","514,000","157,000","256,000","291,000","467,000","127,000","419,000","426,000","370,000","167,000","192,000","517,000","326,000","117,000",,"276,000","556,000","86,000","185,000","621,000","330,000","202,000","220,000","746,000","224,000","269,000","186,000","689,000","738,000","183,000","360,000","767,000","391,000","169,000","325,000","279,000","296,000","157,000","191,000","388,000","367,000","151,000","224,000","212,000","324,000","216,000","141,000","225,000","333,000","469,000",,,,,,,,,,"232,000",,,,"600,000",,,,"300,000","200,000","100,000",,"200,000","300,000","100,000",,,,"200,000",,"200,000","300,000","100,000",,,,,,,,,,,,,,,,,,,,,,,,
			SalariesAndWages,,,,,,,,,,,,,,,,,,,,,,,,,,,,,,,,,,,,,,,,,,,,,,,,,,,,,,,,,"738,000","183,000","360,000","767,000","391,000","169,000","325,000","279,000","296,000","157,000","191,000","388,000","367,000","151,000","224,000","212,000","324,000","216,000","141,000","225,000","333,000","469,000",,,,,,,,,,"232,000",,,,"600,000",,,,"300,000","200,000","100,000",,"200,000","300,000","100,000",,,,"200,000",,"200,000","300,000","100,000",,,,,,,,,,,,,,,,,,,,,,,,
			OtherGandA,"1,894,000","364,000","430,000","1,100,000",,"75,000","462,000","288,000","689,000","253,000","106,000","341,000","312,000","326,000","202,000","297,000","407,000","215,000","242,000","406,000","311,000","206,000","197,000","450,000","410,000","241,000","291,000","358,000","514,000","157,000","256,000","291,000","467,000","127,000","419,000","426,000","370,000","167,000",,,,,,,,,,,,,,,,,,,,,,,,,,,,,,,,,,,,,,,,,,,,,,,,,,,,,,,,,,,,,,,,,,,,,,,,,,,,,,,,,,,,,,,,,,,,,,,,
	DepreciationAmortizationDepletionIncomeStatement,,,,,,,,,,,,,,,,,,,,,,,,,,,,,,,,,,,,,,,,,,,,,,,,,,,,,,,,,,"502,000","502,000",,,"502,000","502,000",,,"502,000","502,000",,,"502,000","502,000",,,"502,000","502,000",,,"502,000","503,000",,,"502,000","502,000",,,"502,000","628,000",,,"628,000",,,,,,,,,,,,,,,,,,,,,,,,,,,,,,,,,,,,,,,,,,,,
	OtherTaxes,,,,,,,,,,,,,,,,,,,,,,,,,,,,,,,,,,,,,,,,,,,,,,,,,,,,,,,,,,"-183,000","-360,000","-767,000","-391,000","-169,000","-325,000","-279,000","-296,000","-157,000","-191,000","-388,000","-367,000","-151,000","-224,000","-212,000","-324,000","-216,000","-141,000","-225,000","-333,000","-469,000","-178,000","-130,000","-298,000","-216,000","-44,000","-269,000","-253,000","-158,000","-62,000","-232,000",,"-414,000","-400,000","-900,000",,,"0","-300,000","-200,000","-100,000","-200,000","-200,000","-300,000","-100,000","-100,000","-300,000","-200,000","-200,000","-100,000","-200,000","-300,000","-100,000",,,"-300,000","-100,000",,,,,,,,,,,,,,,,,,,,
	OtherOperatingExpenses,,,,,,,,,,,,,,,,,,,,,,,,,,,,,,,,,,,,,,,,,,,,,,,,,,,,,,,,,,"-319,000",,"767,000",,,,,"296,000","-345,000",,"388,000","367,000","-351,000","-278,000","212,000","324,000","-286,000","-361,000","225,000","333,000",,"-325,000","130,000","298,000","-286,000","-458,000","269,000","253,000","-344,000","-566,000","232,000",,,,,,,,,,,,,,,,,,,,,,,,,,,,,,,,,,,,,,,,,,,,,,
OperatingIncome,"20,324,000","12,437,000","5,715,000","2,172,000","0","-75,000","-463,000","-288,000","-756,000","9,084,000","7,195,000","11,823,000","7,436,000","21,433,000","29,525,000","30,195,000","27,204,000","26,324,000","14,425,000","17,824,000","23,503,000","21,276,000","14,537,000","14,660,000","1,541,000","12,880,000","15,044,000","31,508,000","21,377,000","57,532,000","43,378,000","64,897,000","64,393,000","54,095,000","46,394,000","45,857,000","51,676,000","49,545,000","38,982,000","49,494,000","56,564,000","53,827,000","41,887,000","56,476,000","51,170,000","51,575,000","43,238,000","44,842,000","46,806,000","49,525,000","66,489,000","35,306,000","21,225,000","35,013,000","62,908,000","65,341,000","57,121,000","65,165,000","50,017,000","43,397,000","39,250,000","42,704,000","35,643,000","55,797,000","47,243,000","45,226,000","47,909,000","36,969,000","33,046,000","33,046,000","27,891,000","21,354,000","18,018,000","14,443,000","13,438,000","11,922,000","17,389,000","12,036,000","12,523,000","10,184,000","4,907,000","4,625,000","12,272,000","13,000,000","14,165,000","19,774,000","19,594,000","16,193,000","16,567,000","11,941,000","7,945,000","4,700,000","100,000","100,000","549,000","1,800,000","3,300,000","8,900,000","7,737,000","8,800,000","12,100,000","15,100,000","11,113,000","12,000,000","9,800,000","8,400,000","-27,543,000","9,700,000","8,600,000","8,500,000","-57,787,000","9,100,000","5,500,000","9,300,000","11,300,000","12,900,000","12,900,000","15,200,000","17,100,000","16,000,000","13,500,000","19,200,000","19,500,000","18,000,000","18,800,000","31,000,000","19,700,000","19,200,000","19,200,000","19,200,000","10,400,000","10,200,000","10,200,000","10,200,000"
NetNonOperatingInterestIncomeExpense,"1,000","1,000","1,000","-1,000","0","-1,000","0","0","4,000","7,000","8,000","8,000","10,000","9,000","9,000","8,000","11,000","6,000","3,000","3,000","3,000","2,000","1,000","1,000","1,000",,,"0",,,"0","0",,,"0","0","0",,"1,000","0",,,"0","0","1,000","0","0","1,000","0","1,000","1,000","1,000","0","2,000","4,000","3,000","7,000",,,,,,,,,,,,,,,,,,,,,,,,,,,,,,,,,,,,,,,,,,,,,,,,,,,,,,,,,,,,,,,,,,,,,,,,,,,,,
	InterestIncomeNonOperating,,,,,,,"0","0","4,000","7,000","8,000","8,000","10,000","9,000","9,000","8,000","11,000","6,000","3,000","3,000","3,000","2,000","1,000","1,000","1,000",,,"0",,,"0","0",,,"0","0","0",,"1,000","0",,,"0","0","1,000","0","0","1,000","0","1,000","1,000","1,000","0","2,000","4,000","3,000","7,000",,,,,,,,,,,,,,,,,,,,,,,,,,,,,,,,,,,,,,,,,,,,,,,,,,,,,,,,,,,,,,,,,,,,,,,,,,,,,
	TotalOtherFinanceCost,"-1,000","-1,000","-1,000","1,000",,"1,000",,,,,,,,,,,,,,,,,,,,,,,,,,,,,,,,,,,,,,,,,,,,,,,,,,,,,,,,,,,,,,,,,,,,,,,,,,,,,,,,,,,,,,,,,,,,,,,,,,,,,,,,,,,,,,,,,,,,,,,,,,,,,,,,
OtherIncomeExpense,,,,,,,,,,,,,,,,,,,"-3,000","-3,000","-3,000","-2,000","-1,000","-1,000","-1,000","0","0","0","0","0","0",,"0","0","0","0","0","0",,,,,,,,"0",,,,,,,,,,,,,,,,,,,,,,,,,,,,,,,,,,,,,,,,,,,,,,,,,,,,,,,,,,,,,,,,,,,,,,,,,,,,,,,,,,,,,,,,
PretaxIncome,"20,325,000","12,438,000","5,716,000","2,171,000","0","-76,000","75,000","-288,000","-752,000","9,091,000","7,203,000","11,831,000","7,446,000","21,442,000","29,534,000","30,203,000","27,215,000","26,330,000","14,428,000","17,827,000","23,506,000","21,278,000","14,538,000","14,661,000","1,542,000","12,880,000","15,044,000","31,508,000","21,377,000","57,532,000","43,378,000","64,897,000","64,393,000","54,095,000","46,394,000","45,857,000","51,676,000","49,545,000",,,,,,,,"51,575,000",,,,,,,,,,,,,,,,,,,,,,,,,,,,,,,,,,,,,,,,,,,,,,,,,,,,,,,,,,,,,,,,,,,,,,,,,,,,,,,,,,,,,,,,
NetIncomeCommonStockholders,"20,325,000","12,438,000","5,716,000","2,171,000","0","-76,000","75,000","-288,000","-752,000","9,078,000","7,165,000","11,793,000","7,381,000","21,442,000","29,534,000","30,203,000","27,215,000","26,330,000","14,428,000","17,827,000","23,506,000","21,278,000","14,538,000","14,661,000","1,542,000","12,880,000","15,044,000","31,508,000","21,377,000","57,532,000","43,378,000","64,897,000","64,393,000","54,095,000","46,394,000","45,857,000","51,676,000","49,545,000","38,983,000","49,494,000","56,564,000","53,827,000","41,887,000","56,476,000","51,171,000","51,575,000","43,238,000","44,842,000","46,806,000","49,525,000","66,489,000","35,306,000","21,225,000","35,013,000","62,879,000","65,344,000","57,128,000","65,184,000","50,358,000","43,418,000","38,879,000","43,057,000","35,841,000","55,540,000","47,261,000","45,240,000","48,832,000","36,980,000","33,055,000","33,051,000","27,895,000","21,356,000","18,021,000","14,445,000","13,440,000","11,924,000","17,391,000","12,073,000","12,528,000","10,190,000","4,912,000","4,632,000","12,282,000","13,023,000","14,182,000","19,793,000","19,659,000","16,204,000","16,333,000","11,691,000","8,605,000","3,600,000",,,"1,166,000","1,500,000","3,100,000","8,800,000","8,358,000","8,500,000","11,800,000","15,000,000","12,413,000","11,400,000","9,400,000","8,300,000","7,998,000","9,500,000","8,300,000","8,300,000","8,843,000","8,900,000","4,900,000","9,100,000","10,700,000","12,700,000","12,600,000","15,100,000","16,500,000","15,900,000","13,300,000","19,100,000","19,100,000","17,900,000","18,600,000","30,900,000","19,100,000","19,100,000","19,100,000","19,100,000","10,300,000","10,100,000","10,100,000","10,100,000"
	NetIncome,"20,325,000","12,438,000","5,716,000","2,171,000","0","-76,000","75,000","-288,000","-752,000","9,091,000","7,203,000","11,831,000","7,446,000","21,442,000","29,534,000","30,203,000","27,215,000","26,330,000","14,428,000","17,827,000","23,506,000","21,278,000","14,538,000","14,661,000","1,542,000","12,880,000","15,044,000","31,508,000","21,377,000","57,532,000","43,378,000","64,897,000","64,393,000","54,095,000","46,394,000","45,857,000","51,676,000","49,545,000","38,983,000","49,494,000","56,564,000","53,827,000","41,887,000","56,476,000","51,171,000","51,575,000","43,238,000","44,842,000","46,806,000","49,525,000","66,489,000","35,306,000","21,225,000","35,013,000","62,879,000","65,344,000","57,128,000","65,184,000","50,358,000","43,418,000","38,879,000","43,057,000","35,841,000","55,540,000","47,261,000","45,240,000","48,832,000","36,980,000","33,055,000","33,051,000","27,895,000","21,356,000","18,021,000","14,445,000","13,440,000","11,924,000","17,391,000","12,073,000","12,528,000","10,190,000","4,912,000","4,632,000","12,282,000","13,023,000","14,182,000","19,793,000","19,659,000","16,204,000","16,333,000","11,691,000","8,605,000","3,600,000",,,"1,166,000","1,500,000","3,100,000","8,800,000","8,358,000","8,500,000","11,800,000","15,000,000","12,413,000","11,400,000","9,400,000","8,300,000","7,998,000","9,500,000","8,300,000","8,300,000","8,843,000","8,900,000","4,900,000","9,100,000","10,700,000","12,700,000","12,600,000","15,100,000","16,500,000","15,900,000","13,300,000","19,100,000","19,100,000","17,900,000","18,600,000","30,900,000","19,100,000","19,100,000","19,100,000","19,100,000","10,300,000","10,100,000","10,100,000","10,100,000"
		NetIncomeIncludingNoncontrollingInterests,"20,325,000","12,438,000","5,716,000","2,171,000","0","-76,000","75,000","-288,000","-752,000","9,091,000","7,203,000","11,831,000","7,446,000","21,442,000","29,534,000","30,203,000","27,215,000","26,330,000","14,428,000","17,827,000","23,506,000","21,278,000","14,538,000","14,661,000","1,542,000","12,880,000","15,044,000","31,508,000","21,377,000","57,532,000","43,378,000","64,897,000","64,393,000","54,095,000","46,394,000","45,857,000","51,676,000","49,545,000","38,983,000","49,494,000","56,564,000","53,827,000","41,887,000","56,476,000","51,171,000","51,575,000","43,238,000","44,842,000","46,806,000","49,525,000","66,489,000","35,306,000","21,225,000","35,013,000","62,879,000","65,344,000","57,128,000","65,184,000","50,358,000","43,418,000","38,879,000","43,057,000","35,841,000","55,540,000","47,261,000","45,240,000","48,832,000","36,980,000","33,055,000","33,051,000","27,895,000","21,356,000","18,021,000","14,445,000","13,440,000","11,924,000","17,391,000","12,073,000","12,528,000","10,190,000","4,912,000","4,632,000","12,282,000","13,023,000","14,182,000","19,793,000","19,659,000","16,204,000","16,333,000","11,691,000","8,605,000","3,600,000",,,"1,166,000","1,500,000","3,100,000","8,800,000","8,358,000","8,500,000","11,800,000","15,000,000","12,413,000","11,400,000","9,400,000","8,300,000","7,998,000","9,500,000","8,300,000","8,300,000","8,843,000","8,900,000","4,900,000","9,100,000","10,700,000","12,700,000","12,600,000","15,100,000","16,500,000","15,900,000","13,300,000","19,100,000","19,100,000","17,900,000","18,600,000","30,900,000","19,100,000","19,100,000","19,100,000","19,100,000","10,300,000","10,100,000","10,100,000","10,100,000"
			NetIncomeContinuousOperations,"20,325,000","12,438,000","5,716,000","2,171,000","0","-76,000","75,000","-288,000","-752,000","9,091,000","7,203,000","11,831,000","7,446,000","21,442,000","29,534,000","30,203,000","27,215,000","26,330,000","14,428,000","17,827,000","23,506,000","21,278,000","14,538,000","14,661,000","1,542,000","12,880,000","15,044,000","31,508,000","21,377,000","57,532,000","43,378,000","64,897,000","64,393,000","54,095,000","46,394,000","45,857,000","51,676,000","49,545,000","38,983,000","49,494,000","56,564,000","53,827,000","41,887,000","56,476,000","51,171,000","51,575,000","43,238,000","44,842,000","46,806,000","49,525,000","66,489,000","35,306,000","21,225,000","35,013,000","62,879,000","65,344,000","57,128,000","65,184,000","50,358,000","43,418,000","38,879,000","43,057,000","35,841,000","55,540,000","47,261,000","45,240,000","48,832,000","36,980,000","33,055,000","33,051,000","27,895,000","21,356,000","18,021,000","14,445,000","13,440,000","11,924,000","17,391,000","12,073,000","12,528,000","10,190,000","4,912,000","4,632,000","12,282,000","13,023,000","14,182,000","19,793,000","19,659,000","16,204,000","16,333,000","11,691,000","8,605,000","3,600,000",,,"1,166,000","1,500,000","3,100,000","8,800,000","8,358,000","8,500,000","11,800,000","15,000,000","12,413,000","11,400,000","9,400,000","8,300,000","7,998,000","9,500,000","8,300,000","8,300,000","8,843,000","8,900,000","4,900,000","9,100,000","10,700,000","12,700,000","12,600,000","15,100,000","16,500,000","15,900,000","13,300,000","19,100,000","19,100,000","17,900,000","18,600,000","30,900,000","19,100,000","19,100,000","19,100,000","19,100,000","10,300,000","10,100,000","10,100,000","10,100,000"
	OtherunderPreferredStockDividend,,,,,,,,,,"13,000","38,000","38,000","65,000",,,,,,,,,,,,,,,,,,,,,,,,,,,,,,,,,,,,,,,,,,,,,,,,,,,,,,,,,,,,,,,,,,,,,,,,,,,,,,,,,,,,,,,,,,,,,,,,,,,,,,,,,,,,,,,,,,,,,,,,,
DilutedNIAvailtoComStockholders,"20,325,000","12,438,000","5,716,000","2,171,000","0","-76,000","75,000","-288,000","-752,000","9,078,000","7,165,000","11,793,000","7,381,000","21,442,000","29,534,000","30,203,000","27,215,000","26,330,000","14,428,000","17,827,000","23,506,000","21,278,000","14,538,000","14,661,000","1,542,000","12,880,000","15,044,000","31,508,000","21,377,000","57,532,000","43,378,000","64,897,000","64,393,000","54,095,000","46,394,000","45,857,000","51,676,000","49,545,000","38,983,000","49,494,000","56,564,000","53,827,000","41,887,000","56,476,000","51,171,000","51,575,000","43,238,000","44,842,000","46,806,000","49,525,000","66,489,000","35,306,000","21,225,000","35,013,000","62,879,000","65,344,000","57,128,000","65,184,000","50,358,000","43,418,000","38,879,000","43,057,000","35,841,000","55,540,000","47,261,000","45,240,000","48,832,000","36,980,000","33,055,000","33,051,000","27,895,000","21,356,000","18,021,000","14,445,000","13,440,000","11,924,000","17,391,000","12,073,000","12,528,000","10,190,000","4,912,000","4,632,000","12,282,000","13,023,000","14,182,000","19,793,000","19,659,000","16,204,000","16,333,000","11,691,000","8,605,000","3,600,000",,,"1,166,000","1,500,000","3,100,000","8,800,000","8,358,000","8,500,000","11,800,000","15,000,000","12,413,000","11,400,000","9,400,000","8,300,000","7,998,000","9,500,000","8,300,000","8,300,000","8,843,000","8,900,000","4,900,000","9,100,000","10,700,000","12,700,000","12,600,000","15,100,000","16,500,000","15,900,000","13,300,000","19,100,000","19,100,000","17,900,000","18,600,000","30,900,000","19,100,000","19,100,000","19,100,000","19,100,000","10,300,000","10,100,000","10,100,000","10,100,000"
BasicEPS,,"0.581",,"0.101","0","-0.004",,"-0.013","-0.035","0.424",,"0.551","0.345","1.002",,"1.411","1.272","1.23",,"0.833","1.098","0.994",,"0.685","0.072","0.602",,"1.472","0.999","2.688",,"3.033","3.009","2.528",,"2.143","2.415","2.315",,"2.313","2.643","2.516",,"2.639","2.393","2.408",,"2.095","2.267","3.612",,"1.65","0.992","1.637",,"3.054","2.67","3.046",,"2.029","1.817","2.012",,"2.595","2.208","2.114",,"1.728","1.545","1.544",,"0.998","0.846","0.67",,"0.553","0.808","0.58",,"0.476","0.23","0.216",,"0.612","0.662","0.924",,"0.757","0.763","0.546",,"0.17","0","0",,"0.07","0.15","0.41",,"0.4","0.55","0.7",,"0.53","0.44","0.39",,"0.45","0.39","0.39",,"0.42","0.23","0.42",,"0.6","0.59","0.71",,"0.74","0.62","0.89",,"0.84","0.87","1.45",,"0.89","0.89","0.89",,"0.48","0.47","0.47"
DilutedEPS,,"0.581",,"0.101","0","-0.004",,"-0.013","-0.035","0.424",,"0.551","0.345","1.002",,"1.411","1.272","1.23",,"0.833","1.098","0.994",,"0.685","0.072","0.602",,"1.472","0.999","2.688",,"3.033","3.009","2.528",,"2.143","2.415","2.315",,"2.313","2.643","2.516",,"2.639","2.393","2.408",,"2.095","2.267","3.612",,"1.65","0.992","1.637",,"3.054","2.67","3.046",,"2.029","1.817","2.012",,"2.595","2.208","2.114",,"1.728","1.545","1.544",,"0.998","0.846","0.67",,"0.553","0.808","0.58",,"0.476","0.23","0.216",,"0.612","0.662","0.924",,"0.757","0.763","0.546",,"0.17","0","0",,"0.07","0.15","0.41",,"0.4","0.55","0.7",,"0.53","0.44","0.39",,"0.45","0.39","0.39",,"0.42","0.23","0.42",,"0.6","0.59","0.71",,"0.74","0.62","0.89",,"0.84","0.87","1.45",,"0.89","0.89","0.89",,"0.48","0.47","0.47"
BasicAverageShares,,"21,400,000",,"21,400,000","21,400,000","21,400,000",,"21,400,000","21,400,000","21,400,000",,"21,400,000","21,400,000","21,400,000",,"21,400,000","21,400,000","21,400,000",,"21,400,000","21,400,000","21,400,000",,"21,400,000","21,400,000","21,400,000",,"21,400,000","21,400,000","21,400,000",,"21,400,000","21,400,000","21,400,000",,"21,400,000","21,400,000","21,400,000",,"21,400,000","21,400,000","21,400,000",,"21,400,000","21,400,000","21,400,000",,"21,400,000","21,400,000","21,400,000",,"21,400,000","21,400,000","21,400,000",,"21,400,000","21,400,000","21,400,000",,"21,400,000","21,400,000","21,400,000",,"21,400,000","21,400,000","21,400,000",,"21,400,000","21,400,000","21,400,000",,"21,400,000","21,400,000","21,400,000",,"21,400,000","21,400,000","21,400,000",,"21,400,000","21,400,000","21,400,000",,"21,400,000","21,400,000","21,400,000",,"21,400,000","21,400,000","21,400,000",,"21,176,471","21,400,000","21,400,000",,"21,428,571","20,666,667","21,463,415",,"21,250,000","21,454,545","21,428,571",,"21,509,434","21,363,636","21,282,051",,"21,111,111","21,282,051","21,282,051",,"21,190,476","21,304,348","21,666,667",,"21,166,667","21,355,932","21,267,606",,"21,486,486","21,451,613","21,460,674",,"21,309,524","21,379,310","21,310,345",,"21,460,674","21,460,674","21,460,674",,"21,041,667","21,489,362","21,489,362"
DilutedAverageShares,,"21,400,000",,"21,400,000","21,400,000","21,400,000",,"21,400,000","21,400,000","21,400,000",,"21,400,000","21,400,000","21,400,000",,"21,400,000","21,400,000","21,400,000",,"21,400,000","21,400,000","21,400,000",,"21,400,000","21,400,000","21,400,000",,"21,400,000","21,400,000","21,400,000",,"21,400,000","21,400,000","21,400,000",,"21,400,000","21,400,000","21,400,000",,"21,400,000","21,400,000","21,400,000",,"21,400,000","21,400,000","21,400,000",,"21,400,000","21,400,000","21,400,000",,"21,400,000","21,400,000","21,400,000",,"21,400,000","21,400,000","21,400,000",,"21,400,000","21,400,000","21,400,000",,"21,400,000","21,400,000","21,400,000",,"21,400,000","21,400,000","21,400,000",,"21,400,000","21,400,000","21,400,000",,"21,400,000","21,400,000","21,400,000",,"21,400,000","21,400,000","21,400,000",,"21,400,000","21,400,000","21,400,000",,"21,400,000","21,400,000","21,400,000",,"21,176,471","21,400,000","21,400,000",,"21,428,571","20,666,667","21,463,415",,"21,250,000","21,454,545","21,428,571",,"21,509,434","21,363,636","21,282,051",,"21,111,111","21,282,051","21,282,051",,"21,190,476","21,304,348","21,666,667",,"21,166,667","21,355,932","21,267,606",,"21,486,486","21,451,613","21,460,674",,"21,309,524","21,379,310","21,310,345",,"21,460,674","21,460,674","21,460,674",,"21,041,667","21,489,362","21,489,362"
TotalOperatingIncomeAsReported,,,,,,,,,,,,,,,,,,,"14,428,000","17,827,000","23,506,000","21,278,000","14,538,000","14,661,000","1,542,000","12,880,000","15,044,000","31,508,000","21,377,000","57,532,000","43,378,000",,"64,393,000","54,095,000","46,394,000","45,857,000","51,676,000","49,545,000",,,,,,,,"51,575,000",,,,,,,,,,"65,341,000","57,121,000","65,165,000",,"43,397,000",,,,,"47,243,000","45,226,000",,"36,969,000","33,046,000","33,046,000","27,891,000","21,354,000","18,018,000","14,443,000","13,438,000","11,922,000","17,389,000",,"12,523,000","10,184,000","4,907,000","4,625,000","12,272,000","13,000,000","14,165,000","19,774,000","19,594,000","16,193,000","16,567,000","11,941,000",,,,,,,,,,,,,,,,,,,,,,,,,,,,,,,,,,,,,,,,,,,,
TotalExpenses,"1,894,000","364,000","430,000","1,100,000","0","75,000","462,000","288,000","689,000","253,000","106,000","341,000","312,000","326,000","202,000","297,000","407,000","215,000","242,000","406,000","311,000","206,000","197,000","450,000","410,000","241,000","291,000","358,000","514,000","157,000","256,000","291,000","467,000","127,000","419,000","426,000","370,000","167,000","192,000","517,000","326,000","117,000","299,000","276,000","556,000","86,000","185,000","621,000","330,000","202,000","220,000","746,000","224,000","269,000","186,000","689,000","738,000","183,000","681,000","767,000","0","502,000","502,000","0","296,000","157,000","1,102,000","388,000","367,000","151,000","224,000","212,000","324,000","216,000","141,000","225,000","333,000","502,000","178,000","130,000","298,000","216,000","44,000","269,000","253,000","158,000","62,000","232,000","274,000","164,000","1,098,000","-300,000",,,"614,000","0","0","0","845,000","0","0","0","1,450,000","-300,000","-200,000","0","35,629,000","0","0","0",,,"-300,000","-100,000",,,,,,,,,,,,,,,,,,,,
NetIncomeFromContinuingAndDiscontinuedOperation,"20,325,000","12,438,000","5,716,000","2,171,000","0","-76,000","75,000","-288,000","-752,000","9,091,000","7,203,000","11,831,000","7,446,000","21,442,000","29,534,000","30,203,000","27,215,000","26,330,000","14,428,000","17,827,000","23,506,000","21,278,000","14,538,000","14,661,000","1,542,000","12,880,000","15,044,000","31,508,000","21,377,000","57,532,000","43,378,000","64,897,000","64,393,000","54,095,000","46,394,000","45,857,000","51,676,000","49,545,000","38,983,000","49,494,000","56,564,000","53,827,000","41,887,000","56,476,000","51,171,000","51,575,000","43,238,000","44,842,000","46,806,000","49,525,000","66,489,000","35,306,000","21,225,000","35,013,000","62,879,000","65,344,000","57,128,000","65,184,000","50,358,000","43,418,000","38,879,000","43,057,000","35,841,000","55,540,000","47,261,000","45,240,000","48,832,000","36,980,000","33,055,000","33,051,000","27,895,000","21,356,000","18,021,000","14,445,000","13,440,000","11,924,000","17,391,000","12,073,000","12,528,000","10,190,000","4,912,000","4,632,000","12,282,000","13,023,000","14,182,000","19,793,000","19,659,000","16,204,000","16,333,000","11,691,000","8,605,000","3,600,000",,,"1,166,000","1,500,000","3,100,000","8,800,000","8,358,000","8,500,000","11,800,000","15,000,000","12,413,000","11,400,000","9,400,000","8,300,000","7,998,000","9,500,000","8,300,000","8,300,000","8,843,000","8,900,000","4,900,000","9,100,000","10,700,000","12,700,000","12,600,000","15,100,000","16,500,000","15,900,000","13,300,000","19,100,000","19,100,000","17,900,000","18,600,000","30,900,000","19,100,000","19,100,000","19,100,000","19,100,000","10,300,000","10,100,000","10,100,000","10,100,000"
NormalizedIncome,"20,325,000","12,438,000","5,716,000","2,171,000","0","-76,000","75,000","-288,000","-752,000","9,091,000","7,203,000","11,831,000","7,446,000","21,442,000","29,534,000","30,203,000","27,215,000","26,330,000","14,428,000","17,827,000","23,506,000","21,278,000","14,538,000","14,661,000","1,542,000","12,880,000","15,044,000","31,508,000","21,377,000","57,532,000","43,378,000","64,897,000","64,393,000","54,095,000","46,394,000","45,857,000","51,676,000","49,545,000","38,983,000","49,494,000","56,564,000","53,827,000","41,887,000","56,476,000","51,171,000","51,575,000","43,238,000","44,842,000","46,806,000","49,525,000","66,489,000","35,306,000","21,225,000","35,013,000","62,879,000","65,344,000","57,128,000","65,184,000","50,358,000","43,418,000","38,879,000","43,057,000","35,841,000","55,540,000","47,261,000","45,240,000","48,832,000","36,980,000","33,055,000","33,051,000","27,895,000","21,356,000","18,021,000","14,445,000","13,440,000","11,924,000","17,391,000","12,073,000","12,528,000","10,190,000","4,912,000","4,632,000","12,282,000","13,023,000","14,182,000","19,793,000","19,659,000","16,204,000","16,333,000","11,691,000","8,605,000","3,600,000",,,"1,166,000","1,500,000","3,100,000","8,800,000","8,358,000","8,500,000","11,800,000","15,000,000","12,413,000","11,400,000","9,400,000","8,300,000","7,998,000","9,500,000","8,300,000","8,300,000","8,843,000","8,900,000","4,900,000","9,100,000","10,700,000","12,700,000","12,600,000","15,100,000","16,500,000","15,900,000","13,300,000","19,100,000","19,100,000","17,900,000","18,600,000","30,900,000","19,100,000","19,100,000","19,100,000","19,100,000","10,300,000","10,100,000","10,100,000","10,100,000"
InterestIncome,,,,,,,"0","0","4,000","7,000","8,000","8,000","10,000","9,000","9,000","8,000","11,000","6,000","3,000","3,000","3,000","2,000","1,000","1,000","1,000",,,"0",,,"0","0",,,"0","0","0",,"1,000","0",,,"0","0","1,000","0","0","1,000","0","1,000","1,000","1,000","0","2,000","4,000","3,000","7,000","19,000","20,000","21,000","20,000",,"21,000","22,000","18,000","14,000","12,000",,"9,000","5,000","4,000",,"3,000","2,000","2,000","2,000",,,"5,000","6,000","5,000","7,000","10,000","23,000","17,000","19,000","65,000","11,000",,"0",,,,,,,,,,,,,,,,,,,,,,,,,,,,,,,,,,,,,,,,,,,,
NetInterestIncome,"1,000","1,000","1,000","-1,000","0","-1,000","0","0","4,000","7,000","8,000","8,000","10,000","9,000","9,000","8,000","11,000","6,000","3,000","3,000","3,000","2,000","1,000","1,000","1,000",,,"0",,,"0","0",,,"0","0","0",,"1,000","0",,,"0","0","1,000","0","0","1,000","0","1,000","1,000","1,000","0","2,000","4,000","3,000","7,000","19,000","20,000","21,000","20,000",,"21,000","22,000","18,000","14,000","12,000",,"9,000","5,000","4,000",,"3,000","2,000","2,000","2,000",,,"5,000","6,000","5,000","7,000","10,000","23,000","17,000","19,000","65,000","11,000",,"0",,,,,,,,,,,,,,,,,,,,,,,,,,,,,,,,,,,,,,,,,,,,
EBIT,"20,324,000","12,437,000","5,715,000","2,172,000","0","-75,000","-463,000","-288,000","-756,000","9,084,000","7,195,000","11,823,000","7,436,000","21,433,000","29,525,000","30,195,000","27,204,000","26,324,000","14,425,000","17,824,000","23,503,000","21,276,000","14,537,000","14,660,000","1,541,000","12,880,000","15,044,000","31,508,000","21,377,000","57,532,000","43,378,000","64,897,000","64,393,000","54,095,000","46,394,000","45,857,000","51,676,000","49,545,000","38,982,000","49,494,000","56,564,000","53,827,000","41,887,000","56,476,000","51,170,000","51,575,000","43,238,000","44,842,000","46,806,000","49,525,000","66,489,000","35,306,000","21,225,000","35,013,000","62,908,000","65,341,000","57,121,000","65,165,000","50,017,000","43,397,000","39,250,000","42,704,000","35,643,000","55,797,000","47,243,000","45,226,000","47,909,000","36,969,000","33,046,000","33,046,000","27,891,000","21,354,000","18,018,000","14,443,000","13,438,000","11,922,000","17,389,000","12,036,000","12,523,000","10,184,000","4,907,000","4,625,000","12,272,000","13,000,000","14,165,000","19,774,000","19,594,000","16,193,000","16,567,000","11,941,000","7,945,000","4,700,000","100,000","100,000","549,000","1,800,000","3,300,000","8,900,000","7,737,000","8,800,000","12,100,000","15,100,000","11,113,000","12,000,000","9,800,000","8,400,000","-27,543,000","9,700,000","8,600,000","8,500,000","-57,787,000","9,100,000","5,500,000","9,300,000","11,300,000","12,900,000","12,900,000","15,200,000","17,100,000","16,000,000","13,500,000","19,200,000","19,500,000","18,000,000","18,800,000","31,000,000","19,700,000","19,200,000","19,200,000","19,200,000","10,400,000","10,200,000","10,200,000","10,200,000"
EBITDA,"20,324,000"
ReconciledCostOfRevenue,,,,,,,,,,,,,,,,,,,,,,,,,,,"0","0","0","0","0",,"0","0","0","0","0","0","0","0","0","0","0","0","0",,"0","0","0","0","0","0","0","0",,,,,,,,,,,,,,,,,,,,,,,,,,,,,,,,,,,,,,,,,,,,,,,,,,,,,,,,,,,,,,,,,,,,,,,,,,,,,,,,
ReconciledDepreciation,,,,,,,,,,,,,,,,,,,,,,,,,,,,,,,,,,,,,,,,,,,,,,,"-502,000","-502,000","-502,000","-503,000","-503,000","-502,000","-502,000","-502,000","-502,000","-503,000","-502,000","-502,000","-502,000","-502,000","-502,000","-502,000","-502,000","-502,000","-503,000","-502,000","-502,000","-502,000","-502,000","-502,000","-502,000","-503,000","-502,000","-502,000","-502,000","-502,000","-502,000","-502,000","-503,000","-502,000","-502,000","-502,000","-502,000","-502,000","-502,000","-502,000","-628,000","-627,000","-628,000","-628,000","-602,000","-700,000","-600,000","-600,000","-11,208,000","-11,100,000","-11,100,000","-11,000,000","-6,506,000","-6,500,000","-6,600,000","-6,400,000","-8,940,000","-17,700,000","-100,000","-8,900,000","-8,941,000","-9,000,000","-8,900,000","-8,800,000",,,,,,,,,,,,,,,,,,,,,,,,
NetIncomeFromContinuingOperationNetMinorityInterest,"20,325,000","12,438,000","5,716,000","2,171,000","0","-76,000","75,000","-288,000","-752,000","9,091,000","7,203,000","11,831,000","7,446,000","21,442,000","29,534,000","30,203,000","27,215,000","26,330,000","14,428,000","17,827,000","23,506,000","21,278,000","14,538,000","14,661,000","1,542,000","12,880,000","15,044,000","31,508,000","21,377,000","57,532,000","43,378,000","64,897,000","64,393,000","54,095,000","46,394,000","45,857,000","51,676,000","49,545,000","38,983,000","49,494,000","56,564,000","53,827,000","41,887,000","56,476,000","51,171,000","51,575,000","43,238,000","44,842,000","46,806,000","49,525,000","66,489,000","35,306,000","21,225,000","35,013,000","62,879,000","65,344,000","57,128,000","65,184,000","50,358,000","43,418,000","38,879,000","43,057,000","35,841,000","55,540,000","47,261,000","45,240,000","48,832,000","36,980,000","33,055,000","33,051,000","27,895,000","21,356,000","18,021,000","14,445,000","13,440,000","11,924,000","17,391,000","12,073,000","12,528,000","10,190,000","4,912,000","4,632,000","12,282,000","13,023,000","14,182,000","19,793,000","19,659,000","16,204,000","16,333,000","11,691,000","8,605,000","3,600,000",,,"1,166,000","1,500,000","3,100,000","8,800,000","8,358,000","8,500,000","11,800,000","15,000,000","12,413,000","11,400,000","9,400,000","8,300,000","7,998,000","9,500,000","8,300,000","8,300,000","8,843,000","8,900,000","4,900,000","9,100,000","10,700,000","12,700,000","12,600,000","15,100,000","16,500,000","15,900,000","13,300,000","19,100,000","19,100,000","17,900,000","18,600,000","30,900,000","19,100,000","19,100,000","19,100,000","19,100,000","10,300,000","10,100,000","10,100,000","10,100,000"
TotalUnusualItemsExcludingGoodwill,"0"
TotalUnusualItems,"0"
NormalizedEBITDA,"20,324,000","12,437,000","5,715,000","2,172,000","0","-75,000","-463,000","-288,000","-756,000","9,084,000","7,195,000","11,823,000","7,436,000","21,433,000","29,525,000","30,195,000","27,204,000","26,324,000","14,425,000","17,824,000","23,503,000","21,276,000","14,537,000","14,660,000","1,541,000","12,880,000","15,044,000","31,508,000","21,377,000","57,532,000","43,378,000","64,897,000","64,393,000","54,095,000","46,394,000","45,857,000","51,676,000","49,545,000","38,982,000","49,494,000","56,564,000","53,827,000","41,887,000","56,476,000","51,170,000","51,575,000","43,238,000","44,842,000","46,806,000","49,525,000","66,489,000","35,306,000","21,225,000","35,013,000","62,908,000","65,341,000","57,121,000","65,667,000","50,519,000","43,397,000","39,250,000","43,206,000","36,145,000","55,797,000","47,243,000","45,728,000","48,411,000","36,969,000","33,046,000","33,548,000","28,393,000","21,354,000","18,018,000","14,945,000","13,940,000","11,922,000","17,389,000","12,538,000","13,026,000","10,184,000","4,907,000","5,127,000","12,774,000","13,000,000","14,165,000","20,276,000","20,222,000","16,193,000","16,567,000","11,941,000","7,945,000","4,700,000","100,000","100,000","549,000","1,800,000","3,300,000","8,900,000","7,737,000","8,800,000","12,100,000","15,100,000","11,113,000","12,000,000","9,800,000","8,400,000","-27,543,000","9,700,000","8,600,000","8,500,000","-57,787,000","9,100,000","5,500,000","9,300,000","11,300,000","12,900,000","12,900,000","15,200,000","17,100,000","16,000,000","13,500,000","19,200,000","19,500,000","18,000,000","18,800,000","31,000,000","19,700,000","19,200,000","19,200,000","19,200,000","10,400,000","10,200,000","10,200,000","10,200,000"
TaxRateForCalcs,"0.4","0.4","0.27","0.27","0","0","0.27","0","0","0.27","0.27","0.27","0.27","0.27","0.27","0.27","0.27","0.27","0.4","0.4","0.4","0.4","0.4","0.4","0.4","0.4","0.4","0.4","0.4","0.4","0.35","0.35","0.35","0.35","0.35","0.35","0.35","0.35","0.35","0.35","0.35","0.35","0.35","0.35","0.35","0.35","0.35","0.35","0.35","0.35","0.35","0.35","0.35","0.35","0.35","0.35","0.35","0.35","0.35","0.35","0.35","0.35","0.4","0.4","0.4","0.4","0.4","0.4","0.4","0.4","0.4","0.4","0.4","0.4","0.4","0.4","0.4","0.4","0.4","0.4","0.4","0.4","0.4","0.4","0.4","0.4","0.4","0.4","0.4","0.4","0.4","0.4",,,"0.4","0.4","0.4","0.4","0.4","0.4","0.4","0.4","0.4","0.4","0.4","0.4","0.4","0.4","0.4","0.4","0.4","0.4","0.4","0.4","0.4","0.4","0.4","0.4","0.4","0.4","0.4","0.4","0.4","0.4","0.4","0.4","0.4","0.4","0.4","0.4","0.4","0.4","0.4","0.4"
TaxEffectOfUnusualItems,"0","0","0","0","0","0","0","0","0","0","0","0","0","0","0","0","0","0","0","0","0","0","0","0","0","0","0","0","0","0","0","0","0","0","0","0","0","0","0","0","0","0","0","0","0","0","0","0","0","0","0","0","0","0","0","0","0","0","0","0","0","0","0","0","0","0","0","0","0","0","0","0","0","0","0","0","0","0","0","0","0","0","0","0","0","0","0","0","0","0","0","0",,,"0","0","0","0","0","0","0","0","0","0","0","0","0","0","0","0","0","0","0","0","0","0","0","0","0","0","0","0","0","0","0","0","0","0","0","0","0","0","0","0"