name,ttm,04/30/2022,01/31/2022,10/31/2021,07/31/2021,04/30/2021,01/31/2021,10/31/2020,07/31/2020,04/30/2020,01/31/2020,10/31/2019,07/31/2019,04/30/2019,01/31/2019,10/31/2018,07/31/2018,04/30/2018,01/31/2018,10/31/2017,07/31/2017,04/30/2017,01/31/2017,10/31/2016,07/31/2016,04/30/2016,01/31/2016,10/31/2015,07/31/2015,04/30/2015,01/31/2015,10/31/2014,07/31/2014,04/30/2014,01/31/2014,10/31/2013,07/31/2013,04/30/2013,01/31/2013,10/31/2012,07/31/2012,04/30/2012,01/31/2012,10/31/2011,07/31/2011,04/30/2011,01/31/2011,10/31/2010,07/31/2010,04/30/2010,01/31/2010,10/31/2009,07/31/2009,04/30/2009,01/31/2009,10/31/2008,07/31/2008,04/30/2008,01/31/2008,10/31/2007,07/31/2007,04/30/2007,01/31/2007,10/31/2006,07/31/2006,04/30/2006,01/31/2006,10/31/2005,07/31/2005,04/30/2005,01/31/2005,10/31/2004,07/31/2004,04/30/2004,01/31/2004,10/31/2003,07/31/2003,04/30/2003,01/31/2003,10/31/2002,07/31/2002,04/30/2002,01/31/2002,10/31/2001,07/31/2001,04/30/2001,01/31/2001,10/31/2000,07/31/2000,04/30/2000,01/31/2000,10/31/1999,07/31/1999,04/30/1999,01/31/1999,10/31/1998,07/31/1998,04/30/1998,01/31/1998,10/31/1997,07/31/1997,04/30/1997,01/31/1997,10/31/1996,07/31/1996,04/30/1996,01/31/1996,10/31/1995,07/31/1995,04/30/1995,01/31/1995,10/31/1994,07/31/1994,04/30/1994,01/31/1994,10/31/1993,07/31/1993,04/30/1993,01/31/1993,10/31/1992,07/31/1992,04/30/1992,01/31/1992,10/31/1991,07/31/1991,04/30/1991,01/31/1991,10/31/1990,07/31/1990,04/30/1990,01/31/1990,10/31/1989,07/31/1989,04/30/1989,01/31/1989,10/31/1988,07/31/1988,04/30/1988,01/31/1988,10/31/1987,07/31/1987,04/30/1987,01/31/1987,10/31/1986,07/31/1986,04/30/1986,01/31/1986,10/31/1985
TotalRevenue,"1,284,211,000","338,551,000","318,055,000","321,475,000","306,130,000","295,503,000","265,838,000","277,227,000","251,744,000","265,943,000","276,665,000","286,947,000","295,278,000","289,745,000","282,426,000","293,196,000","297,499,000","298,421,000","287,780,000","290,151,000","289,212,000","275,927,000","268,001,000","280,176,000","282,106,000","286,816,000","268,630,000","283,073,000","288,636,000","290,227,000","282,628,000","310,240,000","316,733,000","309,577,000","291,194,000","305,974,000","295,701,000","305,737,000","324,182,000","337,646,000","322,548,000","331,629,000","320,584,000","349,508,000","343,104,000","337,896,000","329,009,000","329,588,000","322,894,000","321,887,000","295,829,000","318,486,000","287,203,000","276,733,000","266,449,000","378,317,000","396,849,000","381,909,000","364,124,000","380,134,000","362,765,000","346,332,000","321,275,000","332,259,000","288,333,000","266,494,000","230,974,000","232,635,000","210,046,000","209,766,000","196,216,000","200,419,000","185,511,000","180,854,000","152,948,000","151,906,000","144,684,000","141,955,000","129,565,000","138,662,000","135,839,000","130,533,000","120,589,000","130,001,000","133,550,000","134,304,000","133,673,000","144,417,000","143,822,000","142,484,000","129,200,000","125,500,000","120,300,000","121,500,000","112,300,000","116,800,000","114,000,000","118,800,000","107,200,000","115,300,000","110,700,000","108,300,000","109,900,000","97,200,000","97,800,000","94,700,000","87,800,000","79,200,000","83,200,000","83,300,000","78,900,000","69,000,000","66,200,000","65,900,000","64,100,000","59,600,000","61,000,000","62,700,000","61,600,000","57,700,000","60,600,000","61,200,000","60,000,000","54,200,000","52,900,000","54,000,000","54,500,000","49,700,000","49,200,000","48,600,000","48,400,000","45,000,000","44,700,000","44,400,000","45,100,000","40,000,000","40,100,000","39,700,000","38,300,000","34,900,000","31,800,000","33,200,000","31,700,000","29,800,000","29,600,000","28,900,000","26,800,000","24,500,000"
	OperatingRevenue,"1,284,211,000","338,551,000","318,055,000","321,475,000","306,130,000","295,503,000","265,838,000","277,227,000","251,744,000","265,943,000","276,665,000","286,947,000","295,278,000","289,745,000","282,426,000","293,196,000","297,499,000","298,421,000","287,780,000","290,151,000","289,212,000","275,927,000","268,001,000","280,176,000","282,106,000","286,816,000","268,630,000","283,073,000","288,636,000","290,227,000","282,628,000","310,240,000","316,733,000","309,577,000","291,194,000","305,974,000","295,701,000","305,737,000","324,182,000","337,646,000","322,548,000","331,629,000","320,584,000","349,508,000","343,104,000","337,896,000","329,009,000","329,588,000","322,894,000","321,887,000","295,829,000","318,486,000","287,203,000","276,733,000","266,449,000","378,317,000","396,849,000","381,909,000","364,124,000","380,134,000","362,765,000","346,332,000","321,275,000","332,259,000","288,333,000","266,494,000","230,974,000","232,635,000","210,046,000","209,766,000","196,216,000","200,419,000","185,511,000","180,854,000","152,948,000","151,906,000","144,684,000","141,955,000","129,565,000","138,662,000","135,839,000","130,533,000","120,589,000","130,001,000","133,550,000","134,304,000","133,673,000","144,417,000","143,822,000","142,484,000","129,200,000","125,500,000","120,300,000","121,500,000","112,300,000","116,800,000","114,000,000","118,800,000","107,200,000","115,300,000","110,700,000","108,300,000","109,900,000","97,200,000","97,800,000","94,700,000","87,800,000","79,200,000","83,200,000","83,300,000","78,900,000","69,000,000","66,200,000","65,900,000","64,100,000","59,600,000","61,000,000","62,700,000","61,600,000","57,700,000","60,600,000","61,200,000","60,000,000","54,200,000","52,900,000","54,000,000","54,500,000","49,700,000","49,200,000","48,600,000","48,400,000","45,000,000","44,700,000","44,400,000","45,100,000","40,000,000","40,100,000","39,700,000","38,300,000","34,900,000","31,800,000","33,200,000","31,700,000","29,800,000","29,600,000","28,900,000","26,800,000","24,500,000"
CostOfRevenue,"668,186,000","174,525,000","168,693,000","166,487,000","158,481,000","146,656,000","136,316,000","141,799,000","133,238,000","136,416,000","137,538,000","145,542,000","148,698,000","143,996,000","142,616,000","146,657,000","150,047,000","147,339,000","144,088,000","144,086,000","145,345,000","136,018,000","133,843,000","139,818,000","141,017,000","141,373,000","135,738,000","143,724,000","159,567,000","149,228,000","144,425,000","160,079,000","162,673,000","154,457,000","148,658,000","149,029,000","142,141,000","146,031,000","174,130,000","173,026,000","167,425,000","171,582,000","167,279,000","181,677,000","178,068,000","170,258,000","169,999,000","165,076,000","164,155,000","161,690,000","148,911,000","161,043,000","151,081,000","142,560,000","140,307,000","197,171,000","204,920,000","192,333,000","189,101,000","192,467,000","189,161,000","177,181,000","171,114,000","168,131,000","144,429,000","125,739,000","113,869,000","108,644,000","101,119,000","95,898,000","91,260,000","94,894,000","91,047,000","85,980,000","74,718,000","73,143,000","71,413,000","68,826,000","65,909,000","68,445,000","68,595,000","63,516,000","60,952,000","63,123,000","81,035,000","61,943,000","55,041,000","59,294,000","57,394,000","55,432,000","50,500,000","48,400,000","47,000,000","46,400,000","46,300,000","47,300,000","49,500,000","48,500,000","44,400,000","49,200,000","47,100,000","44,300,000","46,900,000","41,300,000","40,800,000","42,000,000","39,100,000","33,900,000","35,400,000","35,100,000","34,300,000","29,700,000","27,500,000","27,900,000","27,500,000","25,800,000","24,600,000","28,200,000","27,300,000","25,600,000","24,600,000","26,700,000","26,200,000","23,900,000","24,400,000","22,700,000","22,000,000","20,200,000","21,100,000","20,000,000","19,600,000","17,800,000","17,400,000","18,400,000",,,,,,,,,,,,,,
GrossProfit,"616,025,000","164,026,000","149,362,000","154,988,000","147,649,000","148,847,000","129,522,000","135,428,000","118,506,000","129,527,000","139,127,000","141,405,000","146,580,000","145,749,000","139,810,000","146,539,000","147,452,000","151,082,000","143,692,000","146,065,000","143,867,000","139,909,000","134,158,000","140,358,000","141,089,000","145,443,000","132,892,000","139,349,000","129,069,000","140,999,000","138,203,000","150,161,000","154,060,000","155,120,000","142,536,000","156,945,000","153,560,000","159,706,000","150,052,000","164,620,000","155,123,000","160,047,000","153,305,000","167,831,000","165,036,000","167,638,000","159,010,000","164,512,000","158,739,000","160,197,000","146,918,000","157,443,000","136,122,000","134,173,000","126,142,000","181,146,000","191,929,000","189,576,000","175,023,000","187,667,000","173,604,000","169,151,000","150,161,000","164,128,000","143,904,000","140,755,000","117,105,000","123,991,000","108,927,000","113,868,000","104,956,000","105,525,000","94,464,000","94,874,000","78,230,000","78,763,000","73,271,000","73,129,000","63,656,000","70,217,000","67,244,000","67,017,000","59,637,000","66,878,000","52,515,000","72,361,000","78,632,000","85,123,000","86,428,000","87,052,000","78,700,000","77,100,000","73,300,000","75,100,000","66,000,000","69,500,000","64,500,000","70,300,000","62,800,000","66,100,000","63,600,000","64,000,000","63,000,000","55,900,000","57,000,000","52,700,000","48,700,000","45,300,000","47,800,000","48,200,000","44,600,000","39,300,000","38,700,000","38,000,000","36,600,000","33,800,000","36,400,000","34,500,000","34,300,000","32,100,000","36,000,000","34,500,000","33,800,000","30,300,000","28,500,000","31,300,000","32,500,000","29,500,000","28,100,000","28,600,000","28,800,000","27,200,000","27,300,000","26,000,000",,,,,,,,,,,,,,
OperatingExpense,"435,127,000","111,137,000","106,490,000","110,653,000","106,847,000","102,122,000","92,110,000","93,240,000","85,287,000","93,037,000","97,883,000","100,514,000","100,425,000","106,128,000","103,780,000","105,917,000","102,672,000","113,373,000","108,896,000","110,654,000","107,572,000","108,359,000","104,196,000","107,150,000","107,686,000","114,659,000","109,303,000","109,247,000","112,135,000","111,880,000","116,513,000","118,910,000","120,712,000","125,314,000","119,866,000","121,274,000","115,142,000","120,210,000","120,571,000","116,746,000","119,540,000","115,654,000","114,815,000","118,741,000","120,196,000","125,556,000","119,796,000","119,268,000","118,939,000","121,936,000","119,367,000","118,285,000","103,260,000","102,672,000","102,116,000","124,952,000","137,609,000","136,994,000","132,579,000","129,329,000","132,585,000","122,848,000","117,437,000","112,187,000","107,019,000","96,529,000","85,829,000","79,862,000","84,745,000","78,325,000","74,022,000","73,732,000","72,975,000","70,700,000","66,101,000","61,252,000","60,530,000","61,055,000","59,107,000","57,843,000","59,511,000","54,301,000","50,251,000","55,210,000","56,954,000","55,868,000","64,576,000","66,711,000","71,396,000","67,950,000","63,300,000","57,300,000","58,400,000","54,300,000","52,900,000","54,900,000","54,000,000","53,700,000","51,500,000","53,000,000","49,400,000","49,500,000","51,800,000","45,300,000","44,700,000","40,100,000","40,200,000","37,500,000","38,400,000","34,500,000","34,800,000","31,500,000","31,000,000","29,200,000","30,600,000","26,800,000","28,900,000","28,000,000","29,400,000","26,900,000","36,100,000","28,900,000","28,600,000","25,600,000","25,900,000","25,400,000","26,200,000","24,000,000","23,300,000","22,400,000","23,600,000","21,300,000","20,100,000","20,200,000",,,,,,,,,,,,,,
	SellingGeneralAndAdministration,"379,165,000","96,214,000","92,525,000","96,746,000","93,680,000","90,817,000","82,234,000","83,037,000","75,923,000","83,223,000","87,366,000","89,547,000","89,094,000","94,691,000","92,706,000","94,591,000","90,931,000","101,695,000","97,582,000","100,134,000","96,525,000","98,409,000","94,715,000","98,004,000","98,418,000","105,794,000","100,206,000","100,678,000","102,908,000","102,952,000","107,565,000","109,279,000","111,339,000","116,666,000","111,426,000","112,687,000","105,752,000","112,148,000","112,020,000","108,261,000","109,821,000","106,714,000","104,843,000","108,932,000","109,421,000","115,006,000","108,064,000","109,324,000","107,268,000","111,227,000","108,735,000","108,676,000","94,404,000","94,906,000","93,613,000","115,896,000","126,325,000","126,720,000","122,508,000","120,351,000","122,984,000","114,109,000","108,355,000","103,655,000","97,253,000","89,215,000","79,000,000","73,328,000","77,411,000","72,384,000","67,923,000","68,028,000","66,627,000","64,490,000","60,495,000","56,388,000","55,465,000","55,890,000","54,535,000","53,772,000","52,660,000","49,781,000","46,083,000","50,758,000","54,063,000","51,350,000","52,208,000","56,599,000","61,007,000","57,523,000","53,400,000","48,700,000","50,400,000","46,200,000","44,800,000","46,300,000","45,100,000","45,300,000","43,300,000","44,800,000","41,200,000","41,700,000","44,100,000","38,300,000","37,800,000","34,900,000","35,300,000","32,600,000","33,700,000","29,900,000","29,500,000","26,600,000","26,300,000","24,500,000","25,400,000","24,400,000","26,100,000","25,500,000","27,000,000","24,400,000","33,300,000","27,000,000","26,700,000","23,500,000","23,900,000","23,500,000","24,400,000","22,200,000","22,100,000","20,600,000","21,700,000","19,600,000","18,300,000","18,500,000",,,,,,,,,,,,,,
	ResearchAndDevelopment,"55,962,000","14,923,000","13,965,000","13,907,000","13,167,000","11,305,000","9,876,000","10,203,000","9,364,000","9,814,000","10,517,000","10,967,000","11,331,000","11,437,000","11,074,000","11,326,000","11,741,000","11,678,000","11,314,000","10,520,000","11,047,000","9,950,000","9,481,000","9,146,000","9,268,000","8,865,000","9,097,000","8,569,000","9,227,000","8,928,000","8,948,000","9,631,000","9,373,000","8,648,000","8,440,000","8,587,000","9,390,000","8,062,000","8,551,000","8,485,000","9,719,000","8,940,000","9,972,000","9,809,000","10,775,000","10,550,000","11,732,000","9,944,000","11,671,000","10,709,000","10,632,000","9,609,000","8,856,000","7,766,000","8,503,000","9,056,000","11,284,000","10,274,000","10,071,000","8,978,000","9,601,000","8,739,000","9,082,000","8,532,000","9,766,000","7,314,000","6,829,000","6,534,000","7,334,000","5,941,000","6,099,000","5,704,000","6,348,000","6,210,000","5,606,000","4,864,000","5,065,000","5,165,000","4,572,000","4,071,000","4,131,000","4,520,000","4,168,000","4,452,000","4,438,000","4,740,000","5,591,000","5,560,000","5,564,000","6,119,000","5,500,000","4,300,000","4,600,000","4,000,000","4,400,000","4,600,000","5,400,000","5,200,000","5,000,000","4,800,000","4,500,000","4,300,000","4,000,000","3,500,000","3,300,000","2,500,000","2,800,000","2,700,000","2,700,000","2,500,000","2,700,000","2,500,000","2,400,000","2,500,000","2,700,000",,,,,,,,,,,,,,,,,,,,,,,,,,,,,,,,,
	DepreciationAmortizationDepletionIncomeStatement,,,,,,,,,,,,,,,,,,,,,,,,,,,,,,,,,,,,,,,,,,,,,,,,,,,,,,,,,,,,,,,,,,,,,,,,,,,,,,,,,,,,,,"-222,000","6,777,000","4,552,000","4,825,000","4,308,000","4,400,000","4,300,000","3,400,000","4,100,000","3,700,000","4,000,000","3,500,000","3,200,000","3,200,000","3,400,000","3,700,000","3,500,000","3,700,000","3,500,000","3,600,000","2,700,000","2,100,000","2,200,000","2,000,000","2,100,000","2,600,000","2,400,000","2,300,000","2,200,000","2,500,000","2,400,000","2,800,000","2,500,000","2,400,000","2,500,000","2,800,000","1,900,000","1,900,000","2,100,000","2,000,000","1,900,000","1,800,000","1,800,000","1,200,000","1,800,000","1,900,000","1,700,000","1,800,000","1,700,000",,,,,,,,,,,,,,
		DepreciationAndAmortizationInIncomeStatement,,,,,,,,,,,,,,,,,,,,,,,,,,,,,,,,,,,,,,,,,,,,,,,,,,,,,,,,,,,,,,,,,,,,,,,,,,,,,,,,,,,,,,"-222,000","6,777,000","4,552,000","4,825,000","4,308,000","4,400,000","4,300,000","3,400,000","4,100,000","3,700,000","4,000,000","3,500,000","3,200,000","3,200,000","3,400,000","3,700,000","3,500,000","3,700,000","3,500,000","3,600,000","2,700,000","2,100,000","2,200,000","2,000,000","2,100,000","2,600,000","2,400,000","2,300,000","2,200,000","2,500,000","2,400,000","2,800,000","2,500,000","2,400,000","2,500,000","2,800,000","1,900,000","1,900,000","2,100,000","2,000,000","1,900,000","1,800,000","1,800,000","1,200,000","1,800,000","1,900,000","1,700,000","1,800,000","1,700,000",,,,,,,,,,,,,,
OperatingIncome,"180,898,000","52,889,000","42,872,000","44,335,000","40,802,000","46,725,000","37,412,000","42,188,000","33,219,000","36,490,000","41,244,000","40,891,000","46,155,000","39,621,000","36,030,000","40,622,000","44,780,000","37,709,000","34,796,000","35,411,000","36,295,000","31,550,000","29,962,000","33,208,000","33,403,000","30,784,000","23,589,000","30,102,000","16,934,000","29,119,000","21,690,000","31,251,000","33,348,000","29,806,000","22,670,000","35,671,000","38,418,000","39,496,000","29,481,000","47,874,000","35,583,000","44,393,000","38,490,000","49,090,000","44,840,000","42,082,000","39,214,000","45,244,000","39,800,000","38,261,000","27,551,000","39,158,000","32,862,000","31,501,000","24,026,000","56,194,000","54,320,000","52,582,000","42,444,000","58,338,000","41,019,000","46,303,000","32,724,000","51,941,000","36,885,000","44,226,000","31,276,000","44,129,000","24,182,000","35,543,000","30,934,000","31,793,000","21,489,000","24,174,000","12,129,000","17,511,000","12,741,000","12,074,000","4,549,000","12,374,000","7,733,000","12,716,000","9,386,000","11,668,000","-4,439,000","16,493,000","14,056,000","18,412,000","15,032,000","19,102,000","15,400,000","19,800,000","14,900,000","20,800,000","13,100,000","14,600,000","10,500,000","16,600,000","11,300,000","13,100,000","14,200,000","14,500,000","11,200,000","10,600,000","12,300,000","12,600,000","8,500,000","7,800,000","9,400,000","13,700,000","9,800,000","7,800,000","7,700,000","8,800,000","6,000,000","7,000,000","7,500,000","6,500,000","4,900,000","5,200,000","-100,000","5,600,000","5,200,000","4,700,000","2,600,000","5,900,000","6,300,000","5,500,000","4,800,000","6,200,000","5,200,000","5,900,000","7,200,000","5,800,000","45,100,000","40,000,000","-97,100,000","39,700,000","38,300,000","34,900,000","-80,000,000","33,200,000","31,700,000","29,800,000","-62,600,000","28,900,000","26,800,000","24,500,000"
NetNonOperatingInterestIncomeExpense,"-912,000","-329,000","-252,000","-182,000","-149,000","-131,000","-51,000","-106,000","-190,000","-628,000","-647,000","-701,000","-693,000","-708,000","-717,000","-712,000","-715,000","-761,000","-829,000","-863,000","-939,000","-1,375,000","-1,458,000","-1,732,000","-1,705,000","-1,838,000","-2,130,000","-2,151,000","-2,762,000","-2,503,000","-3,000,000","-2,891,000","-3,523,000","-3,381,000","-3,676,000","-3,721,000","-3,886,000","-4,185,000","-4,406,000","-4,163,000","-4,375,000","-4,735,000","-4,933,000","-5,047,000","-5,484,000","-5,103,000","-5,850,000","-5,687,000","-5,750,000","-5,147,000","-5,163,000","-5,162,000","-5,919,000","-6,307,000","-6,314,000",,,,,,,,,,,,,,,,,,,,,,,,,,,,,,,,,,,,,,,,,,,,,,,,,,,,,,,,,,,,,,,,,,,,,,,,,,,,,,,,,,,,,,,,,,,,,
	InterestExpenseNonOperating,"912,000","329,000","252,000","182,000","149,000","131,000","51,000","106,000","190,000","628,000","647,000","701,000","693,000","708,000","717,000","712,000","715,000","761,000","829,000","863,000","939,000","1,375,000","1,458,000","1,732,000","1,705,000","1,838,000","2,130,000","2,151,000","2,762,000","2,503,000","3,000,000","2,891,000","3,523,000","3,381,000","3,676,000","3,721,000","3,886,000","4,185,000","4,406,000","4,163,000","4,375,000","4,735,000","4,933,000","5,047,000","5,484,000","5,103,000","5,850,000","5,687,000","5,750,000","5,147,000","5,163,000","5,162,000","5,919,000","6,307,000","6,314,000",,,,,,,,,,,,,,,,,,,,,,,,,,,,,,,,,,,,,,,,,,,,,,,,,,,,,,,,,,,,,,,,,,,,,,,,,,,,,,,,,,,,,,,,,,,,,
OtherIncomeExpense,"-382,000","-1,308,000","-578,000","543,000","961,000","1,181,000","2,036,000","155,000","1,827,000","-13,709,000","1,760,000","1,380,000","1,621,000","2,065,000","1,377,000","-17,000","1,184,000","31,000","1,056,000","216,000","561,000","453,000","596,000","-489,000","321,000","721,000","-992,000","-759,000","-49,820,000","-4,400,000","-4,668,000","-3,955,000","-148,846,000","-2,167,000","-4,069,000","-6,078,000","-218,912,000","-7,409,000","-3,134,000","-3,041,000","-8,308,000","-2,330,000","-114,876,000","-202,000","-1,104,000","217,000","-960,000","-3,351,000","-5,822,000","-2,226,000","-2,545,000","-3,553,000","-1,916,000","-1,240,000","-21,106,000","1,852,000","1,581,000","920,000","2,269,000","118,000","1,958,000","385,000","-106,000","638,000","-356,000","2,279,000","88,000","392,000","557,000","36,000","493,000","283,000","-1,042,000","-743,000","-48,000","-1,912,000","-9,950,000","977,000","-275,000","86,000","-1,832,000","238,000","6,000","582,000","-8,773,000","-142,000","-152,000","192,000","6,479,000","-119,000","600,000","500,000","1,600,000","400,000","200,000",,"-5,900,000","-200,000","700,000","500,000","300,000","500,000","200,000","300,000","600,000","300,000","1,100,000","2,600,000","1,200,000","2,200,000","600,000","500,000","-200,000","400,000","300,000","300,000","400,000","100,000","1,000,000","300,000","-900,000","300,000","400,000","400,000","600,000","500,000","900,000","800,000","900,000","700,000","1,700,000","700,000","-6,000,000","800,000",,,,,,,,,,,,,,
	GainOnSaleOfSecurity,"-382,000","-1,308,000","-578,000","543,000","961,000","1,181,000","2,036,000","155,000","1,827,000","112,000","1,760,000","1,380,000","1,621,000","2,065,000","1,377,000","-17,000","1,184,000","31,000","1,056,000","216,000","561,000","453,000","596,000","-489,000","321,000","721,000","-992,000","-759,000","-123,000","434,000","211,000","323,000","515,000","872,000","255,000","762,000","1,095,000","1,131,000","897,000","397,000","362,000","1,110,000","812,000","-202,000","1,098,000","1,428,000","1,174,000",,,,,,,,,,,,,,,,,,,,,,,,,,,,,,,,,,,,,,,,,,,,,,,,,,,,,,,,,,,,,,,,,,,,,,,,,,,,,,,,,,,,,,,,,,,,,,,,,,,,,
	SpecialIncomeCharges,,,,,"0","0",,,"0","-13,821,000",,,,,,,,,,,,,,,"0","0",,"0","-49,697,000","-4,834,000","-4,879,000","-4,278,000","-149,361,000","-3,039,000","-4,324,000","-6,840,000","-220,007,000","-8,540,000","-4,031,000","-3,438,000","-8,670,000","-3,440,000","-115,688,000","0","-2,202,000","-1,211,000","-2,134,000","-3,351,000","-5,822,000","-2,226,000","-2,545,000","-3,553,000","-1,916,000","-1,240,000","-21,106,000","1,852,000","1,581,000","920,000","2,269,000","118,000","1,958,000","385,000","-106,000","638,000","-356,000","2,279,000","88,000","392,000","557,000","36,000","493,000","283,000","-1,042,000","-743,000","-48,000","-1,912,000","-9,950,000","977,000","-275,000","86,000","-1,832,000","238,000","6,000","582,000","-8,773,000","-142,000","-152,000","192,000","6,479,000","-119,000","600,000","500,000","1,600,000","400,000","200,000",,"-5,900,000","-200,000","700,000","500,000","300,000","500,000","200,000","300,000","600,000","300,000","1,100,000","2,600,000","1,200,000","2,200,000","600,000","500,000","-200,000","400,000","300,000","300,000","400,000","100,000","1,000,000","300,000","-900,000","300,000","400,000","400,000","600,000","500,000","900,000","800,000","900,000","700,000","1,700,000","700,000","-6,000,000","800,000",,,,,,,,,,,,,,
		RestructuringAndMergernAcquisition,,,,,,,,,,,,,,,,,,,,,,,,,"0","0",,"0","2,830,000","4,834,000","4,879,000","4,278,000","810,000","3,039,000","4,324,000","6,840,000","15,559,000","8,540,000","4,031,000",,"8,670,000","3,440,000","0","0","2,202,000","1,211,000","2,134,000","3,641,000","5,717,000","2,347,000","3,649,000","3,601,000","2,573,000","2,229,000","19,408,000",,,,,,,,,,,,,,,,,,"907,000","455,000","66,000","1,753,000",,,,,,,,,,,,,,,,,,,,,,,,,,,,,,,,,,,,,,,,,,,,,,,,,,,,,,,,,,,,,,,,,,,,,,,,
		ImpairmentOfCapitalAssets,,,,,"0","0",,,"0","13,821,000",,,,,,,,,,,,,,,"0",,,,"46,867,000",,,,"148,551,000",,,,"204,448,000",,"0",,"0","0","115,688,000",,,,,,,,,,,,,,,,,,,,,,,,,,,,,,,,,,,,,,,,,,,,,,,,,,,,,,,,,,,,,,,,,,,,,,,,,,,,,,,,,,,,,,,,,,,,,,,,,,,,,,,,,
		WriteOff,,,,,,,,,,"13,821,000",,,,,,,,,,,,,,,"0",,,,"46,867,000",,,,"148,551,000",,,,"204,448,000",,"0",,"0","0",,,,,,,,,,,,,,,,,,,,,,,,,,,,,,,,,,,,,,,,,,,,,,,,,,,,,,,,,,,,,,,,,,,,,,,,,,,,,,,,,,,,,,,,,,,,,,,,,,,,,,,,,,
		OtherSpecialCharges,,,,,,,,,,,,,,,,,,,,,,,,,,,,,,,,,,,,,,,"-5,220,000",,,,"-812,000","202,000",,"-1,428,000","-1,174,000","-290,000","105,000","-121,000","-1,104,000","-48,000","-657,000","-989,000","1,698,000",,,,,,,,,,,,,,,,,,"135,000","288,000","-18,000","159,000",,,,,,,,,,,,,,,,,,,,,,,,,,,,,,,,,,,,,,,,,,,,,,,,,,,,,,,,,,,,,,,,,,,,,,,,
		GainOnSaleOfBusiness,,,,,,,,,,,,,,,,,,,,,,,,,,,,,,,,,,,,,,,,"-3,438,000",,,,,,,,,,,,,,,,,,,,,,,,,,,,,,,,,,,,,,,,,,,,,,,,,,,,,,,,,,,,,,,,,,,,,,,,,,,,,,,,,,,,,,,,,,,,,,,,,,,,,,,,,,,,
PretaxIncome,"179,604,000","51,252,000","42,042,000","44,696,000","41,614,000","47,775,000","39,397,000","42,237,000","34,856,000","22,153,000","42,357,000","41,570,000","47,083,000","40,978,000","36,690,000","39,893,000","45,249,000","36,979,000","35,023,000","34,764,000","35,917,000","30,628,000","29,100,000","30,987,000","32,019,000","29,667,000","20,467,000","27,192,000","-35,648,000","22,216,000","14,022,000","24,405,000","-119,021,000","24,258,000","14,925,000","25,872,000","-184,380,000","27,902,000","21,941,000","40,670,000","22,900,000","37,328,000","-81,319,000","43,841,000","38,252,000","37,196,000","32,404,000","36,206,000","28,228,000","30,888,000","19,843,000","30,443,000","25,027,000","23,954,000","-3,394,000","51,685,000","49,945,000","46,540,000","37,966,000","51,736,000","36,450,000","40,260,000","27,374,000","47,844,000","31,218,000","42,009,000","28,929,000","42,532,000","22,613,000","33,478,000","29,390,000","29,937,000","19,252,000","23,426,000","12,080,000","15,569,000","2,735,000","13,029,000","4,266,000","12,425,000","8,573,000","12,939,000","9,389,000","12,234,000","-3,788,000","16,254,000","13,895,000","18,429,000","21,187,000","18,848,000","15,900,000","20,200,000","16,300,000","20,900,000","13,200,000","14,400,000","4,300,000","16,300,000","11,900,000","13,600,000","14,400,000","14,800,000","11,300,000","10,700,000","12,700,000","12,900,000","9,500,000","10,300,000","10,300,000","15,800,000","10,200,000","8,300,000","7,300,000","9,100,000","6,400,000","7,200,000","8,300,000","6,500,000","5,800,000","5,300,000","-800,000","5,700,000","5,400,000","5,000,000","3,000,000","6,300,000","7,100,000","6,200,000","5,500,000","6,800,000","6,800,000","6,400,000","1,100,000","6,500,000",,,,,,,,,,,,,,
TaxProvision,"37,668,000","11,198,000","8,227,000","9,650,000","8,593,000","10,229,000","8,206,000","8,582,000","6,925,000","8,520,000","8,804,000","4,072,000","10,470,000","6,197,000","7,463,000","9,256,000","10,298,000","10,979,000","30,750,000","8,928,000","10,675,000","8,075,000","3,803,000","8,434,000","6,883,000","8,686,000","5,177,000","8,489,000","3,746,000","5,003,000","2,438,000","8,906,000","-22,040,000","4,074,000","4,408,000","8,449,000","-5,895,000","6,064,000","30,625,000","13,482,000","11,241,000","9,676,000","8,635,000","11,109,000","8,669,000","8,607,000","8,205,000","9,925,000","6,636,000","7,193,000","4,842,000","8,775,000","5,825,000","5,994,000","756,000","14,575,000","15,170,000","12,187,000","11,276,000","15,366,000","10,206,000","11,273,000","7,665,000","13,396,000","8,741,000","11,763,000","7,675,000","12,334,000","6,558,000","8,522,000","8,811,000","9,580,000","3,166,000","7,027,000","4,047,000","5,216,000","928,000","4,432,000","1,449,000","4,226,000","2,928,000","4,464,000","3,251,000","4,239,000","-1,134,000","6,095,000","5,273,000","7,010,000","7,914,000","7,119,000","6,100,000","7,800,000","6,300,000","8,000,000","5,200,000","5,700,000","1,700,000","6,300,000","4,700,000","5,400,000","5,500,000","5,400,000","4,500,000","4,200,000","4,800,000","5,000,000","3,600,000","4,000,000","3,000,000","6,300,000","4,100,000","3,400,000","2,400,000","3,500,000","2,500,000","3,000,000","2,400,000","2,400,000","2,300,000","2,000,000","900,000","1,900,000","2,200,000","2,000,000","100,000","2,200,000","2,400,000","2,400,000","2,300,000","2,800,000","2,900,000","2,600,000","700,000","2,400,000",,,,,,,,,,,,,,
EarningsFromEquityInterestNetOfTax,"-4,994,000","0","0","0","-4,994,000","-255,000","-331,000","-174,000","-246,000",,,,,,,,,,,,,,,,,,,,,,,,,,,,,,,,,,,,,,,,,,,,,,,,,,,,,,,,,,,,,,,,,,,,,,,,,,,,,,,,,,,,,,,,,,,,,,,,,,,,,,,,,,,,,,,,,,,,,,,,,,,,,,,,,,,,,,,,,,,
NetIncomeCommonStockholders,"136,131,000","40,054,000","33,815,000","34,235,000","27,215,000","37,291,000","30,860,000","32,669,000","26,847,000","13,633,000","33,553,000","37,498,000","36,613,000","34,781,000","29,227,000","30,637,000","35,766,000","26,000,000","4,273,000","25,836,000","26,044,000","22,553,000","25,297,000","22,553,000","25,136,000","20,981,000","15,290,000","18,703,000","-39,394,000","17,213,000","11,584,000","13,584,000","-110,409,000","24,088,000","16,424,000","23,928,000","-177,271,000","4,233,000","-8,684,000","27,188,000","11,430,000","27,652,000","-89,954,000","32,732,000","29,583,000","28,589,000","24,199,000","26,281,000","21,592,000","23,695,000","15,001,000","21,668,000","19,202,000","17,960,000","-4,150,000","37,110,000","34,775,000","34,353,000","26,690,000","36,370,000","26,244,000","28,987,000","19,709,000","34,448,000","22,477,000","30,246,000","21,254,000","30,198,000","16,055,000","24,956,000","20,579,000","20,357,000","16,086,000","16,399,000","8,033,000","10,353,000","1,096,000","8,597,000","2,817,000","8,199,000","5,581,000","8,410,000","6,073,000","7,930,000","-2,760,000","10,095,000","8,622,000","11,354,000","13,167,000","11,664,000","9,700,000","12,300,000","9,900,000","12,800,000","7,900,000","8,600,000","2,500,000","9,900,000","7,100,000","8,100,000","8,800,000","9,300,000","6,800,000","6,500,000","7,800,000","7,800,000","5,800,000","6,200,000","7,200,000","9,400,000","6,000,000","4,800,000","4,800,000","5,500,000","3,800,000","4,100,000","5,800,000","4,000,000","3,400,000","3,200,000","-5,100,000","3,700,000","3,100,000","2,900,000","2,800,000","4,000,000","4,600,000","3,700,000","3,100,000","3,900,000","3,800,000","3,700,000","300,000","4,000,000",,,,,,,,,,,,,,
	NetIncome,"136,942,000","40,054,000","33,815,000","35,046,000","28,027,000","37,291,000","30,860,000","33,481,000","27,685,000","13,633,000","33,553,000","37,498,000","36,613,000","34,781,000","29,227,000","30,637,000","34,951,000","26,000,000","4,273,000","25,836,000","25,242,000","22,553,000","25,297,000","22,553,000","25,136,000","20,981,000","15,290,000","18,703,000","-39,394,000","17,213,000","11,584,000","13,584,000","-110,409,000","24,088,000","16,424,000","23,928,000","-177,271,000","4,233,000","-8,684,000","27,188,000","11,659,000","27,652,000","-89,954,000","32,732,000","29,583,000","28,589,000","24,199,000","26,281,000","21,592,000","23,695,000","15,001,000","21,668,000","19,202,000","17,960,000","-4,150,000","37,110,000","34,775,000","34,353,000","26,690,000","36,370,000","26,244,000","28,987,000","19,709,000","34,448,000","22,477,000","30,246,000","21,254,000","30,198,000","16,055,000","24,956,000","20,579,000","20,357,000","16,086,000","16,399,000","8,033,000","10,353,000","1,807,000","8,597,000","2,817,000","8,199,000","5,645,000","8,475,000","6,138,000","7,995,000","-2,654,000","10,159,000","8,622,000","11,419,000","13,273,000","11,729,000","9,800,000","12,400,000","10,000,000","12,900,000","8,000,000","8,700,000","2,600,000","10,000,000","7,200,000","8,200,000","8,900,000","9,400,000","6,800,000","6,500,000","7,900,000","7,900,000","5,900,000","6,300,000","7,300,000","9,500,000","6,100,000","4,900,000","4,900,000","5,600,000","3,900,000","4,200,000","5,900,000","4,100,000","3,500,000","3,300,000","-5,000,000","3,800,000","3,200,000","3,000,000","2,900,000","4,100,000","4,700,000","3,800,000","3,200,000","4,000,000","3,900,000","3,800,000","400,000","4,100,000",,,,,,,,,,,,,,
		NetIncomeIncludingNoncontrollingInterests,"136,942,000","40,054,000","33,815,000","35,046,000","28,027,000","37,291,000","30,860,000","33,481,000","27,685,000","13,633,000","33,553,000","37,498,000","36,613,000","34,781,000","29,227,000","30,637,000","34,951,000","26,000,000","4,273,000","25,836,000","25,242,000","22,553,000","25,297,000","22,553,000","25,136,000","20,981,000","15,290,000","18,703,000","-39,394,000","17,213,000","11,584,000","13,584,000","-110,409,000","24,088,000","16,424,000","23,928,000","-177,271,000","4,233,000","-8,684,000","27,188,000","11,659,000","27,652,000","-89,954,000","32,732,000","29,583,000","28,589,000","24,199,000","26,281,000","21,592,000","23,695,000","15,001,000","21,668,000","19,202,000","17,960,000","-4,150,000","37,110,000","34,775,000","34,353,000","26,690,000","36,370,000","26,244,000","28,987,000","19,709,000","34,448,000","22,477,000","30,246,000","21,254,000","30,198,000","16,055,000","24,956,000","20,579,000","20,357,000","16,086,000","16,399,000","8,033,000","10,353,000","1,807,000","8,597,000","2,817,000","8,199,000","5,645,000","8,475,000","6,138,000","7,995,000","-2,654,000","10,159,000","8,622,000","11,419,000","13,273,000","11,729,000","9,800,000","12,400,000","10,000,000","12,900,000","8,000,000","8,700,000","2,600,000","10,000,000","7,200,000","8,200,000","8,900,000","9,400,000","6,800,000","6,500,000","7,900,000","7,900,000","5,900,000","6,300,000","7,300,000","9,500,000","6,100,000","4,900,000","4,900,000","5,600,000","3,900,000","4,200,000","5,900,000","4,100,000","3,500,000","3,300,000","-5,000,000","3,800,000","3,200,000","3,000,000","2,900,000","4,100,000","4,700,000","3,800,000","3,200,000","4,000,000","3,900,000","3,800,000","400,000","4,100,000","2,800,000","2,700,000","2,100,000","3,000,000","2,700,000","2,500,000","2,300,000","1,800,000","2,100,000","2,600,000","3,000,000","2,800,000","1,900,000","1,700,000"
			NetIncomeContinuousOperations,"136,942,000","40,054,000","33,815,000","35,046,000","28,027,000","37,291,000","30,860,000","33,481,000","27,685,000","13,633,000","33,553,000","37,498,000","36,613,000","34,781,000","29,227,000","30,637,000","34,951,000","26,000,000","4,273,000","25,836,000","25,242,000","22,553,000","25,297,000","22,553,000","25,136,000","20,981,000","15,290,000","18,703,000","-39,394,000","17,213,000","11,584,000","15,499,000","-96,981,000","20,184,000","10,517,000","17,423,000","-178,485,000","21,838,000","-8,684,000","27,188,000","11,659,000","27,652,000","-89,954,000","32,732,000","29,583,000","28,589,000","24,199,000","26,281,000","21,592,000","23,695,000","15,001,000","21,668,000","19,202,000","17,960,000","-4,150,000","37,110,000","34,775,000","34,353,000","26,690,000","36,370,000","26,244,000","28,987,000","19,709,000","34,448,000","22,477,000","30,246,000","21,254,000","30,198,000","16,055,000","24,956,000","20,579,000","20,357,000","16,086,000","16,399,000","8,033,000","10,353,000","1,807,000","8,597,000","2,817,000","8,199,000","5,645,000","8,475,000","6,138,000","7,995,000","-2,654,000","10,159,000","8,622,000","11,419,000","13,273,000","11,729,000","9,800,000","12,400,000","10,000,000","12,900,000","8,000,000","8,700,000","2,600,000","10,000,000","7,200,000","8,200,000","8,900,000","9,400,000","6,800,000","6,500,000","7,900,000","7,900,000","5,900,000","6,300,000","7,300,000","9,500,000","6,100,000","4,900,000","4,900,000","5,600,000","3,900,000","4,200,000","5,900,000","4,100,000","3,500,000","3,300,000","-1,700,000","3,800,000","3,200,000","3,000,000","2,900,000","4,100,000","4,700,000","3,800,000","3,200,000","4,000,000","3,900,000","3,800,000","400,000","4,100,000","2,800,000","2,700,000","2,100,000","3,000,000","2,700,000","2,500,000","2,300,000","1,800,000","2,100,000","2,600,000","3,000,000","2,800,000","1,900,000","1,700,000"
			NetIncomeDiscontinuousOperations,,,,,,,,,,,,,,,,,,,,,,,,,"0","0","0","0","0","0","0","-1,915,000","-13,428,000","3,904,000","5,907,000","6,505,000","1,214,000","-17,605,000",,,,,,,,,,,,,,,,,,,,,,,,,,,,,,,,,,,,,,,,,,,,,,,,,,,,,,,,,,,,,,,,,,,,,,,,,,,,,,,,,,,,,,,,,,,,,,,,,,,,,,,,,,,,,,
	PreferredStockDividends,"811,000",,,"811,000",,,,"812,000",,,,"838,000",,,,,,,,,,,,,,,,,,,,,,,,,,,,,,,,,,,,,,,,,,,,,,,,,,,,,,,,,,,,,,,,,"711,000",,,,"64,000","65,000","65,000","65,000","106,000","64,000",,"65,000","106,000","65,000","100,000","100,000","100,000","100,000","100,000","100,000","100,000","100,000","100,000","100,000","100,000","100,000",,,"100,000","100,000","100,000","100,000","100,000","100,000","100,000","100,000","100,000","100,000","100,000","100,000","100,000","100,000","100,000","100,000","100,000","100,000","100,000","100,000","100,000","100,000","100,000","100,000","100,000","100,000","100,000","100,000","100,000","100,000",,,,,,,,,,,,,,
DilutedNIAvailtoComStockholders,"136,131,000","40,054,000","33,815,000","34,235,000","27,215,000","37,291,000","30,860,000","32,669,000","26,847,000","13,633,000","33,553,000","37,498,000","36,613,000","34,781,000","29,227,000","30,637,000","35,766,000","26,000,000","4,273,000","25,836,000","26,044,000","22,553,000","25,297,000","22,553,000","25,136,000","20,981,000","15,290,000","18,703,000","-39,394,000","17,213,000","11,584,000","13,584,000","-110,409,000","24,088,000","16,424,000","23,928,000","-177,271,000","4,233,000","-8,684,000","27,188,000","11,430,000","27,652,000","-89,954,000","32,732,000","29,583,000","28,589,000","24,199,000","26,281,000","21,592,000","23,695,000","15,001,000","21,668,000","19,202,000","17,960,000","-4,150,000","37,110,000","34,775,000","34,353,000","26,690,000","36,370,000","26,244,000","28,987,000","19,709,000","34,448,000","22,477,000","30,246,000","21,254,000","30,198,000","16,055,000","24,956,000","20,579,000","20,357,000","16,086,000","16,399,000","8,033,000","10,353,000","1,096,000","8,597,000","2,817,000","8,199,000","5,581,000","8,410,000","6,073,000","7,930,000","-2,760,000","10,095,000","8,622,000","11,354,000","13,167,000","11,664,000","9,700,000","12,300,000","9,900,000","12,800,000","7,900,000","8,600,000","2,500,000","9,900,000","7,100,000","8,100,000","8,800,000","9,300,000","6,800,000","6,500,000","7,800,000","7,800,000","5,800,000","6,200,000","7,200,000","9,400,000","6,000,000","4,800,000","4,800,000","5,500,000","3,800,000","4,100,000","5,800,000","4,000,000","3,400,000","3,200,000","-5,100,000","3,700,000","3,100,000","2,900,000","2,800,000","4,000,000","4,600,000","3,700,000","3,100,000","3,900,000","3,800,000","3,700,000","300,000","4,000,000",,,,,,,,,,,,,,
BasicEPS,,"0.78","0.65","0.67","0.54","0.72","0.59","0.64","0.53","0.26","0.63","0.71","0.69","0.66","0.56","0.59","0.67","0.5","0.08","0.5","0.49","0.44","0.5","0.45","0.5","0.42","0.3","0.37","-0.77","0.34","0.23","0.27","-2.15","0.46","0.31","0.46","-3.43","0.08","-0.17","0.53","0.22","0.53","-1.72","0.62",,"0.54","0.46","0.5",,"0.45","0.29","0.41",,"0.34","-0.08","0.7",,"0.64","0.49","0.67",,"0.54","0.37","0.64",,"0.62","0.43","0.61",,"0.51","0.42","0.42",,"0.345","0.17","0.22",,"0.185","0.06","0.175",,"0.18","0.13","0.175",,"0.22","0.19","0.25",,"0.255","0.215","0.27",,"0.285","0.175","0.19",,"0.22","0.16","0.185",,"0.215","0.155","0.15",,"0.18","0.13","0.15",,"0.215","0.14","0.115",,"0.125","0.09","0.1",,"0.095","0.08","0.08",,"0.085","0.075","0.075",,"0.095","0.11","0.09",,"0.09","0.09","0.09",,"0.09","0.06","0.06",,"0.065","0.06","0.055",,"0.04","0.045","0.06",,"0.06","0.04","0.04"
DilutedEPS,,"0.78","0.65","0.67","0.53","0.71","0.59","0.64","0.53","0.26","0.62","0.7","0.68","0.65","0.55","0.58","0.66","0.49","0.08","0.49","0.48","0.43","0.49","0.44","0.49","0.42","0.3","0.37","-0.77","0.33","0.23","0.26","-2.15","0.46","0.31","0.46","-3.43","0.08","-0.17","0.53","0.22","0.52","-1.72","0.62",,"0.54","0.46","0.5",,"0.45","0.28","0.41",,"0.34","-0.08","0.69",,"0.63","0.48","0.66",,"0.53","0.36","0.63",,"0.61","0.43","0.6",,"0.5","0.41","0.415",,"0.34","0.17","0.22",,"0.185","0.06","0.175",,"0.18","0.13","0.17",,"0.22","0.185","0.245",,"0.255","0.215","0.27",,"0.285","0.175","0.19",,"0.22","0.155","0.185",,"0.215","0.155","0.15",,"0.18","0.13","0.15",,"0.215","0.14","0.115",,"0.125","0.09","0.1",,"0.095","0.08","0.08",,"0.085","0.075","0.075",,"0.095","0.11","0.09",,"0.09","0.09","0.09",,"0.09","0.06","0.06",,"0.065","0.06","0.055",,"0.04","0.045","0.06",,"0.06","0.04","0.04"
BasicAverageShares,,"51,326,000","51,800,000","51,973,000","52,065,000","52,050,000","52,018,000","52,021,000","51,983,000","52,607,000","53,320,000","53,143,000","52,885,000","52,766,000","52,532,000","52,201,000","51,822,000","51,747,000","51,698,000","51,440,000","51,307,000","51,227,000","51,054,000","50,634,000","50,355,000","50,251,000","50,527,000","51,029,000","51,317,000","51,301,000","51,272,000","51,251,000","51,250,000","51,933,000","52,208,000","52,071,000","51,689,000","51,415,000","51,177,000","51,039,000","52,196,000","52,513,000","52,447,000","52,657,000",,"52,701,000","52,593,000","52,448,000",,"52,427,000","52,370,000","52,337,000",,"52,286,000","52,350,000","53,291,000",,"54,021,000","54,510,000","54,350,000",,"53,953,000","53,894,000","53,734,000",,"48,923,000","48,994,000","49,250,000",,"49,177,000","49,059,713","48,469,048",,"47,533,333","47,252,941","47,059,091",,"46,470,270","46,950,000","46,851,429",,"46,722,222","46,715,385","45,314,286",,"45,886,364","45,378,947","45,416,000",,"45,741,176","45,116,279","45,555,556",,"44,912,281","45,142,857","45,263,158",,"45,000,000","44,375,000","43,783,784",,"43,255,814","43,870,968","43,333,333",,"43,333,333","44,615,385","41,333,333",,"43,720,930","42,857,143","41,739,130",,"44,000,000","42,222,222","41,000,000",,"42,105,263","42,500,000","40,000,000",,"43,529,412","41,333,333","38,666,667",,"42,105,263","41,818,182","41,111,111",,"43,333,333","42,222,222","41,111,111",,"44,444,444","44,984,000","44,984,000",,"44,984,000","44,984,000","44,984,000",,"44,756,000","44,756,000","44,756,000",,"44,756,000","44,756,000","44,756,000"
DilutedAverageShares,,"51,568,000","52,162,000","52,436,000","52,611,000","52,449,000","52,282,000","52,292,000","52,389,000","52,972,000","53,827,000","53,736,000","53,647,000","53,480,000","53,206,000","52,958,000","52,658,000","52,729,000","52,719,000","52,383,000","52,180,000","52,201,000","51,954,000","51,455,000","50,834,000","50,505,000","50,647,000","51,089,000","51,317,000","51,450,000","51,348,000","51,313,000","51,250,000","52,000,000","52,494,000","52,419,000","51,689,000","52,041,000","51,177,000","51,312,000","52,448,000","53,003,000","52,447,000","52,954,000",,"53,337,000","53,053,000","52,810,000",,"52,873,000","53,096,000","52,943,000",,"52,594,000","52,350,000","53,938,000",,"54,627,000","55,228,000","55,121,000",,"54,717,000","54,789,000","54,605,000",,"49,833,000","49,813,000","50,206,000",,"50,192,000","49,988,533","49,053,012",,"48,232,353","47,252,941","47,059,091",,"46,470,270","46,950,000","46,851,429",,"46,722,222","46,715,385","46,647,059",,"45,886,364","46,605,405","46,342,857",,"45,741,176","45,116,279","45,555,556",,"44,912,281","45,142,857","45,263,158",,"45,000,000","45,806,452","43,783,784",,"43,255,814","43,870,968","43,333,333",,"43,333,333","44,615,385","41,333,333",,"43,720,930","42,857,143","41,739,130",,"44,000,000","42,222,222","41,000,000",,"42,105,263","42,500,000","40,000,000",,"43,529,412","41,333,333","38,666,667",,"42,105,263","41,818,182","41,111,111",,"43,333,333","42,222,222","41,111,111",,"44,444,444","44,984,000","44,984,000",,"44,984,000","44,984,000","44,984,000",,"44,756,000","44,756,000","44,756,000",,"44,756,000","44,756,000","44,756,000"
TotalOperatingIncomeAsReported,"180,898,000","52,889,000","42,872,000","44,335,000","40,802,000","46,725,000","37,412,000","42,188,000","33,219,000","22,669,000","41,244,000","40,891,000","46,155,000","39,621,000","36,030,000","40,622,000","44,780,000","37,709,000","34,796,000","35,411,000","36,295,000","31,550,000","29,962,000","33,208,000","33,403,000","30,784,000","23,589,000","30,102,000","-32,763,000","24,285,000","16,811,000","26,973,000","-116,013,000","26,767,000","18,346,000","28,831,000","-181,589,000","30,956,000","25,450,000","44,436,000","26,913,000","40,953,000","-77,198,000","49,090,000","42,638,000","40,871,000","37,080,000","41,603,000","34,083,000","35,914,000","23,902,000","35,557,000","30,289,000","29,272,000","4,618,000","56,194,000","54,320,000","52,582,000","42,444,000","58,338,000","41,019,000","46,303,000","32,724,000","51,941,000","36,885,000","44,226,000","31,276,000","44,129,000","24,182,000","35,543,000","30,934,000","31,793,000","20,582,000","23,719,000","12,063,000","15,758,000","3,152,000","12,074,000","4,549,000","12,374,000","7,733,000","12,716,000","9,386,000","11,668,000","-4,439,000","16,493,000","14,056,000","18,412,000","15,032,000","19,102,000","15,400,000","19,800,000","14,900,000","20,800,000","13,100,000","14,600,000","10,500,000","16,600,000","11,300,000","13,100,000","14,200,000","14,500,000","11,200,000","10,600,000","12,300,000","12,600,000","8,500,000","7,800,000","9,400,000","13,700,000","9,800,000","7,800,000","7,700,000","8,800,000","6,000,000","7,000,000","7,500,000","6,500,000","4,900,000","5,200,000","-100,000","5,600,000","5,200,000","4,700,000","2,600,000","5,900,000","6,300,000","5,500,000","4,800,000","6,200,000","5,200,000","5,900,000","7,200,000","5,800,000",,,,,,,,,,,,,,
TotalExpenses,"1,103,313,000","285,662,000","275,183,000","277,140,000","265,328,000","248,778,000","228,426,000","235,039,000","218,525,000","229,453,000","235,421,000","246,056,000","249,123,000","250,124,000","246,396,000","252,574,000","252,719,000","260,712,000","252,984,000","254,740,000","252,917,000","244,377,000","238,039,000","246,968,000","248,703,000","256,032,000","245,041,000","252,971,000","271,702,000","261,108,000","260,938,000","278,989,000","283,385,000","279,771,000","268,524,000","270,303,000","257,283,000","266,241,000","294,701,000","289,772,000","286,965,000","287,236,000","282,094,000","300,418,000","298,264,000","295,814,000","289,795,000","284,344,000","283,094,000","283,626,000","268,278,000","279,328,000","254,341,000","245,232,000","242,423,000","322,123,000","342,529,000","329,327,000","321,680,000","321,796,000","321,746,000","300,029,000","288,551,000","280,318,000","251,448,000","222,268,000","199,698,000","188,506,000","185,864,000","174,223,000","165,282,000","168,626,000","164,022,000","156,680,000","140,819,000","134,395,000","131,943,000","129,881,000","125,016,000","126,288,000","128,106,000","117,817,000","111,203,000","118,333,000","137,989,000","117,811,000","119,617,000","126,005,000","128,790,000","123,382,000","113,800,000","105,700,000","105,400,000","100,700,000","99,200,000","102,200,000","103,500,000","102,200,000","95,900,000","102,200,000","96,500,000","93,800,000","98,700,000","86,600,000","85,500,000","82,100,000","79,300,000","71,400,000","73,800,000","69,600,000","69,100,000","61,200,000","58,500,000","57,100,000","58,100,000","52,600,000","53,500,000","56,200,000","56,700,000","52,500,000","60,700,000","55,600,000","54,800,000","49,500,000","50,300,000","48,100,000","48,200,000","44,200,000","44,400,000","42,400,000","43,200,000","39,100,000","37,500,000","38,600,000",,,,,,,,,,,,,,
NetIncomeFromContinuingAndDiscontinuedOperation,"136,942,000","40,054,000","33,815,000","35,046,000","28,027,000","37,291,000","30,860,000","33,481,000","27,685,000","13,633,000","33,553,000","37,498,000","36,613,000","34,781,000","29,227,000","30,637,000","34,951,000","26,000,000","4,273,000","25,836,000","25,242,000","22,553,000","25,297,000","22,553,000","25,136,000","20,981,000","15,290,000","18,703,000","-39,394,000","17,213,000","11,584,000","13,584,000","-110,409,000","24,088,000","16,424,000","23,928,000","-177,271,000","4,233,000","-8,684,000","27,188,000","11,659,000","27,652,000","-89,954,000","32,732,000","29,583,000","28,589,000","24,199,000","26,281,000","21,592,000","23,695,000","15,001,000","21,668,000","19,202,000","17,960,000","-4,150,000","37,110,000","34,775,000","34,353,000","26,690,000","36,370,000","26,244,000","28,987,000","19,709,000","34,448,000","22,477,000","30,246,000","21,254,000","30,198,000","16,055,000","24,956,000","20,579,000","20,357,000","16,086,000","16,399,000","8,033,000","10,353,000","1,807,000","8,597,000","2,817,000","8,199,000","5,645,000","8,475,000","6,138,000","7,995,000","-2,654,000","10,159,000","8,622,000","11,419,000","13,273,000","11,729,000","9,800,000","12,400,000","10,000,000","12,900,000","8,000,000","8,700,000","2,600,000","10,000,000","7,200,000","8,200,000","8,900,000","9,400,000","6,800,000","6,500,000","7,900,000","7,900,000","5,900,000","6,300,000","7,300,000","9,500,000","6,100,000","4,900,000","4,900,000","5,600,000","3,900,000","4,200,000","5,900,000","4,100,000","3,500,000","3,300,000","-1,700,000","3,800,000","3,200,000","3,000,000","2,900,000","4,100,000","4,700,000","3,800,000","3,200,000","4,000,000","3,900,000","3,800,000","400,000","4,100,000",,,,,,,,,,,,,,
NormalizedIncome,"137,243,883.878","41,076,856","34,279,712","34,620,288","27,264,439.78","36,362,734","29,247,488","33,357,465","26,220,978.397","22,064,035","32,159,080","36,253,240","35,352,467.048","33,027,815","28,129,531","30,650,056","34,036,460.806","25,978,207","3,502,120","25,675,512","24,847,736.504","22,219,592","24,779,076","22,908,992","24,884,004.123","20,471,253","16,031,024","19,225,192","-9,502,000","20,623,000","15,439,768","18,010,425","24,302,083.876","21,986,944","13,385,645","21,513,494","33,427,942.402","27,631,838","-6,646,900","29,222,429","17,059,200","29,378,530","12,745,144","32,882,814.626","30,436,801.945","28,422,212.899","24,915,918.899","28,713,404.325","26,045,330.877","25,402,623.349","16,924,980.497","24,196,870.479","20,672,053.622","18,889,715.288","9,568,900","35,780,257.908","33,674,203.624","33,673,911.904","25,094,898.857","36,287,046.931","24,834,240","28,709,801.913","19,785,318.916","33,988,635.733","22,733,320.456","28,605,146.04","21,189,346.815","29,919,677.419","15,659,535.665","24,929,163.988","20,233,799.354","20,164,561.513","16,956,642.635","16,919,125.374","8,064,919.205","11,624,432.719","8,380,912.249","7,952,340.471","2,998,592.827","8,142,250.382","6,851,303.511","8,319,110.828","6,134,077.538","7,614,659.147","3,492,658.395","10,247,752.184","8,716,317.668","11,300,032.72","9,214,106.952","11,803,053.003","9,430,188.679","12,093,069.307","9,018,404.908","12,653,110.048","7,878,787.879","8,700,000","6,167,441.86","10,122,699.387","6,776,470.588","7,898,529.412","8,714,583.333","9,082,432.432","6,679,646.018","6,317,757.009","7,526,771.654","7,716,279.07","5,216,842.105","4,709,708.738","6,449,514.563","8,177,215.19","5,740,000","4,600,000","5,034,246.575","5,353,846.154","3,717,187.5","4,020,000","5,615,662.651","4,036,923.077","2,896,551.724","3,113,207.547","-1,160,000","3,600,000","2,960,000","2,760,000","2,320,000","3,774,603.175","4,104,225.352","3,309,677.419","2,660,000","3,580,000","2,880,000","3,380,000","4,000,000","3,595,384.615",,,,,,,,,,,,,,
InterestExpense,"912,000","329,000","252,000","182,000","149,000","131,000","51,000","106,000","190,000","628,000","647,000","701,000","693,000","708,000","717,000","712,000","715,000","761,000","829,000","863,000","939,000","1,375,000","1,458,000","1,732,000","1,705,000","1,838,000","2,130,000","2,151,000","2,762,000","2,503,000","3,000,000","2,891,000","3,523,000","3,381,000","3,676,000","3,721,000","3,886,000","4,185,000","4,406,000","4,163,000","4,375,000","4,735,000","4,933,000","5,047,000","5,484,000","5,103,000","5,850,000","5,687,000","5,750,000","5,147,000","5,163,000","5,162,000","5,919,000","6,307,000","6,314,000",,,,,,,,,,,,,,,,,,,,,,,,,,,,,,,,,,,,,,,,,,,,,,,,,,,,,,,,,,,,,,,,,,,,,,,,,,,,,,,,,,,,,,,,,,,,,
NetInterestIncome,"-912,000","-329,000","-252,000","-182,000","-149,000","-131,000","-51,000","-106,000","-190,000","-628,000","-647,000","-701,000","-693,000","-708,000","-717,000","-712,000","-715,000","-761,000","-829,000","-863,000","-939,000","-1,375,000","-1,458,000","-1,732,000","-1,705,000","-1,838,000","-2,130,000","-2,151,000","-2,762,000","-2,503,000","-3,000,000","-2,891,000","-3,523,000","-3,381,000","-3,676,000","-3,721,000","-3,886,000","-4,185,000","-4,406,000","-4,163,000","-4,375,000","-4,735,000","-4,933,000","-5,047,000","-5,484,000","-5,103,000","-5,850,000","-5,687,000","-5,750,000","-5,147,000","-5,163,000","-5,162,000","-5,919,000","-6,307,000","-6,314,000",,,,,,,,,,,,,,,,,,,,,,,,,,,,,,,,,,,,,,,,,,,,,,,,,,,,,,,,,,,,,,,,,,,,,,,,,,,,,,,,,,,,,,,,,,,,,
EBIT,"180,516,000","51,581,000","42,294,000","44,878,000","41,763,000","47,906,000","39,448,000","42,343,000","35,046,000","22,781,000","43,004,000","42,271,000","47,776,000","41,686,000","37,407,000","40,605,000","45,964,000","37,740,000","35,852,000","35,627,000","36,856,000","32,003,000","30,558,000","32,719,000","33,724,000","31,505,000","22,597,000","29,343,000","-32,886,000","24,719,000","17,022,000","27,296,000","-115,498,000","27,639,000","18,601,000","29,593,000","-180,494,000","32,087,000","26,347,000","44,833,000","27,275,000","42,063,000","-76,386,000","48,888,000","43,736,000","42,299,000","38,254,000","41,893,000","33,978,000","36,035,000","25,006,000","35,605,000","30,946,000","30,261,000","2,920,000","56,194,000","54,320,000","52,582,000","42,444,000","58,338,000","41,019,000","46,303,000","32,724,000","51,941,000","36,885,000","44,226,000","31,276,000","44,129,000","24,182,000","35,543,000","30,934,000","31,793,000","21,489,000","24,174,000","12,129,000","17,511,000","12,741,000","12,074,000","4,549,000","12,374,000","7,733,000","12,716,000","9,386,000","11,668,000","-4,439,000","16,493,000","14,056,000","18,412,000","15,032,000","19,102,000","15,400,000","19,800,000","14,900,000","20,800,000","13,100,000","14,600,000","10,500,000","16,600,000","11,300,000","13,100,000","14,200,000","14,500,000","11,200,000","10,600,000","12,300,000","12,600,000","8,500,000","7,800,000","9,400,000","13,700,000","9,800,000","7,800,000","7,700,000","8,800,000","6,000,000","7,000,000","7,500,000","6,500,000","4,900,000","5,200,000","-100,000","5,600,000","5,200,000","4,700,000","2,600,000","5,900,000","6,300,000","5,500,000","4,800,000","6,200,000","5,200,000","5,900,000","7,200,000","5,800,000","45,100,000","40,000,000","-97,100,000","39,700,000","38,300,000","34,900,000","-80,000,000","33,200,000","31,700,000","29,800,000","-62,600,000","28,900,000","26,800,000","24,500,000"
EBITDA,"214,207,000"
ReconciledCostOfRevenue,"668,186,000","174,525,000","168,693,000","166,487,000","158,481,000","146,656,000","136,316,000","141,799,000","133,238,000","136,416,000","137,538,000","145,542,000","148,698,000","143,996,000","142,616,000","146,657,000","150,047,000","147,339,000","144,088,000","144,086,000","145,345,000","136,018,000","133,843,000","139,818,000","141,017,000","141,373,000","135,738,000","143,724,000","159,567,000","149,228,000","144,425,000","160,079,000","162,673,000","154,457,000","148,658,000","149,029,000","142,141,000","146,031,000","174,130,000","173,026,000","167,425,000","171,582,000","167,279,000","181,677,000","178,068,000","170,258,000","169,999,000","165,076,000","164,155,000","161,690,000","148,911,000","161,043,000","151,081,000","142,560,000","140,307,000","197,171,000","204,920,000","192,333,000","189,101,000","192,467,000","189,161,000","177,181,000","171,114,000","168,131,000","144,429,000","125,739,000","113,869,000","108,644,000","101,119,000","95,898,000","91,260,000","94,894,000","91,047,000","85,980,000","74,718,000","73,143,000","71,413,000","68,826,000","65,909,000","68,445,000","68,595,000","63,516,000","60,952,000","63,123,000","81,035,000","56,347,000","55,041,000","59,294,000","57,394,000","55,432,000","50,500,000","48,400,000","47,000,000","46,400,000","46,300,000","47,300,000","49,500,000","48,500,000","44,400,000","49,200,000","47,100,000","44,500,000","46,900,000","41,300,000","40,800,000","42,000,000","39,100,000","33,900,000","35,400,000","35,100,000","34,300,000","29,700,000","27,500,000","27,900,000","27,500,000","25,800,000","24,600,000","28,200,000","27,300,000","25,600,000","24,600,000","26,700,000","26,200,000","23,900,000","24,400,000","22,700,000","22,000,000","20,200,000","21,100,000","20,100,000","19,600,000","17,800,000","17,400,000","18,400,000",,,,,,,,,,,,,,
ReconciledDepreciation,"33,691,000","8,452,000","8,487,000","8,509,000","8,243,000","5,819,000","5,786,000","5,635,000","5,706,000","6,059,000","6,038,000","5,634,000","5,963,000","5,927,000","5,949,000","5,960,000","6,395,000","6,207,000","6,276,000","6,564,000","6,514,000","6,687,000","6,868,000","7,234,000","7,536,000","7,394,000","8,613,000","8,889,000","10,947,000","8,445,000","9,943,000","10,123,000","10,816,000","11,440,000","11,464,000","10,878,000","12,688,000","13,991,000","11,371,000","10,675,000","11,066,000","10,745,000","10,935,000","11,241,000","11,305,000","12,020,000","12,908,000","12,594,000","12,746,000","12,910,000","13,549,000","13,817,000","14,179,000","13,479,000","13,481,000","13,712,000","14,905,000","16,013,000","15,501,000","14,168,000","13,453,000","14,307,000","13,169,000","12,927,000","11,171,000","9,419,000","7,194,000","7,360,000","6,831,000","6,738,000","6,478,000","6,775,000","5,536,000","4,492,000","5,379,000","4,783,000","4,763,000","5,072,000","3,868,000","4,357,000","4,311,000","4,256,000","3,966,000","4,097,000","5,943,000","5,374,000","6,777,000","4,552,000","4,825,000","4,308,000","4,400,000","4,300,000","3,400,000","4,100,000","3,700,000","4,000,000","3,500,000","3,200,000","3,200,000","3,400,000","3,700,000","3,300,000","3,700,000","3,500,000","3,600,000","2,700,000","2,100,000","2,200,000","2,000,000","2,100,000","2,600,000","2,400,000","2,300,000","2,200,000","2,500,000","2,400,000","2,800,000","2,500,000","2,400,000","2,500,000","2,800,000","1,900,000","1,900,000","2,100,000","2,000,000","1,900,000","1,800,000","1,800,000","1,200,000","1,700,000","1,900,000","1,700,000","1,800,000","1,700,000",,,,,,,,,,,,,,
NetIncomeFromContinuingOperationNetMinorityInterest,"136,942,000","40,054,000","33,815,000","35,046,000","28,027,000","37,291,000","30,860,000","33,481,000","27,685,000","13,633,000","33,553,000","37,498,000","36,613,000","34,781,000","29,227,000","30,637,000","34,951,000","26,000,000","4,273,000","25,836,000","25,242,000","22,553,000","25,297,000","22,553,000","25,136,000","20,981,000","15,290,000","18,703,000","-39,394,000","17,213,000","11,584,000","15,499,000","-96,981,000","20,184,000","10,517,000","17,423,000","-178,485,000","21,838,000","-8,684,000","27,188,000","11,659,000","27,652,000","-89,954,000","32,732,000","29,583,000","28,589,000","24,199,000","26,281,000","21,592,000","23,695,000","15,001,000","21,668,000","19,202,000","17,960,000","-4,150,000","37,110,000","34,775,000","34,353,000","26,690,000","36,370,000","26,244,000","28,987,000","19,709,000","34,448,000","22,477,000","30,246,000","21,254,000","30,198,000","16,055,000","24,956,000","20,579,000","20,357,000","16,086,000","16,399,000","8,033,000","10,353,000","1,807,000","8,597,000","2,817,000","8,199,000","5,645,000","8,475,000","6,138,000","7,995,000","-2,654,000","10,159,000","8,622,000","11,419,000","13,273,000","11,729,000","9,800,000","12,400,000","10,000,000","12,900,000","8,000,000","8,700,000","2,600,000","10,000,000","7,200,000","8,200,000","8,900,000","9,400,000","6,800,000","6,500,000","7,900,000","7,900,000","5,900,000","6,300,000","7,300,000","9,500,000","6,100,000","4,900,000","4,900,000","5,600,000","3,900,000","4,200,000","5,900,000","4,100,000","3,500,000","3,300,000","-1,700,000","3,800,000","3,200,000","3,000,000","2,900,000","4,100,000","4,700,000","3,800,000","3,200,000","4,000,000","3,900,000","3,800,000","400,000","4,100,000",,,,,,,,,,,,,,
TotalUnusualItemsExcludingGoodwill,"-382,000","-1,308,000","-578,000","543,000","961,000","1,181,000","2,036,000","155,000","1,827,000","-13,709,000","1,760,000","1,380,000","1,621,000","2,065,000","1,377,000","-17,000","1,184,000","31,000","1,056,000","216,000","561,000","453,000","596,000","-489,000","321,000","721,000","-992,000","-759,000","-49,820,000","-4,400,000","-4,668,000","-3,955,000","-148,846,000","-2,167,000","-4,069,000","-6,078,000","-218,912,000","-7,409,000","-3,134,000","-3,041,000","-8,308,000","-2,330,000","-114,876,000","-202,000","-1,104,000","217,000","-960,000","-3,351,000","-5,822,000","-2,226,000","-2,545,000","-3,553,000","-1,916,000","-1,240,000","-21,106,000","1,852,000","1,581,000","920,000","2,269,000","118,000","1,958,000","385,000","-106,000","638,000","-356,000","2,279,000","88,000","392,000","557,000","36,000","493,000","283,000","-1,042,000","-743,000","-48,000","-1,912,000","-9,950,000","977,000","-275,000","86,000","-1,832,000","238,000","6,000","582,000","-8,773,000","-142,000","-152,000","192,000","6,479,000","-119,000","600,000","500,000","1,600,000","400,000","200,000",,"-5,900,000","-200,000","700,000","500,000","300,000","500,000","200,000","300,000","600,000","300,000","1,100,000","2,600,000","1,200,000","2,200,000","600,000","500,000","-200,000","400,000","300,000","300,000","400,000","100,000","1,000,000","300,000","-900,000","300,000","400,000","400,000","600,000","500,000","900,000","800,000","900,000","700,000","1,700,000","700,000","-6,000,000","800,000",,,,,,,,,,,,,,
TotalUnusualItems,"-382,000","-1,308,000","-578,000","543,000","961,000","1,181,000","2,036,000","155,000","1,827,000","-13,709,000","1,760,000","1,380,000","1,621,000","2,065,000","1,377,000","-17,000","1,184,000","31,000","1,056,000","216,000","561,000","453,000","596,000","-489,000","321,000","721,000","-992,000","-759,000","-49,820,000","-4,400,000","-4,668,000","-3,955,000","-148,846,000","-2,167,000","-4,069,000","-6,078,000","-218,912,000","-7,409,000","-3,134,000","-3,041,000","-8,308,000","-2,330,000","-114,876,000","-202,000","-1,104,000","217,000","-960,000","-3,351,000","-5,822,000","-2,226,000","-2,545,000","-3,553,000","-1,916,000","-1,240,000","-21,106,000","1,852,000","1,581,000","920,000","2,269,000","118,000","1,958,000","385,000","-106,000","638,000","-356,000","2,279,000","88,000","392,000","557,000","36,000","493,000","283,000","-1,042,000","-743,000","-48,000","-1,912,000","-9,950,000","977,000","-275,000","86,000","-1,832,000","238,000","6,000","582,000","-8,773,000","-142,000","-152,000","192,000","6,479,000","-119,000","600,000","500,000","1,600,000","400,000","200,000",,"-5,900,000","-200,000","700,000","500,000","300,000","500,000","200,000","300,000","600,000","300,000","1,100,000","2,600,000","1,200,000","2,200,000","600,000","500,000","-200,000","400,000","300,000","300,000","400,000","100,000","1,000,000","300,000","-900,000","300,000","400,000","400,000","600,000","500,000","900,000","800,000","900,000","700,000","1,700,000","700,000","-6,000,000","800,000",,,,,,,,,,,,,,
NormalizedEBITDA,"214,589,000","61,341,000","51,359,000","52,844,000","49,045,000","52,544,000","43,198,000","47,823,000","38,925,000","42,549,000","47,282,000","46,525,000","52,118,000","45,548,000","41,979,000","46,582,000","51,175,000","43,916,000","41,072,000","41,975,000","42,809,000","38,237,000","36,830,000","40,442,000","40,939,000","38,178,000","32,202,000","38,991,000","27,881,000","37,564,000","31,633,000","41,374,000","44,164,000","41,246,000","34,134,000","46,549,000","51,106,000","53,487,000","40,852,000","58,549,000","46,649,000","55,138,000","49,425,000","60,331,000","56,145,000","54,102,000","52,122,000","57,838,000","52,546,000","51,171,000","41,100,000","52,975,000","47,041,000","44,980,000","37,507,000","68,054,000","67,644,000","67,675,000","55,676,000","72,388,000","52,514,000","60,225,000","45,999,000","64,230,000","48,412,000","51,366,000","38,382,000","51,097,000","30,456,000","42,245,000","36,919,000","38,285,000","28,067,000","29,409,000","17,556,000","24,206,000","27,454,000","16,169,000","8,692,000","16,645,000","13,876,000","16,734,000","13,346,000","15,183,000","10,277,000","22,009,000","20,985,000","22,772,000","13,378,000","23,529,000","19,200,000","23,600,000","16,700,000","24,500,000","16,600,000","18,600,000","19,900,000","20,000,000","13,800,000","16,000,000","17,600,000","17,500,000","14,700,000","13,800,000","15,300,000","15,000,000","9,500,000","7,400,000","10,200,000","13,600,000","11,800,000","9,700,000","10,200,000","10,600,000","8,200,000","9,100,000","9,900,000","8,900,000","6,300,000","7,400,000","3,600,000","7,200,000","6,700,000","6,400,000","4,000,000","7,300,000","7,200,000","6,500,000","5,100,000","7,300,000","5,400,000","6,900,000","15,000,000","6,700,000","45,100,000","40,000,000","-97,100,000","39,700,000","38,300,000","34,900,000","-80,000,000","33,200,000","31,700,000","29,800,000","-62,600,000","28,900,000","26,800,000","24,500,000"
TaxRateForCalcs,"0.21","0.218","0.196","0.216","0.206","0.214","0.208","0.203","0.199","0.385","0.208","0.098","0.222","0.151","0.203","0.232","0.228","0.297","0.27","0.257","0.297","0.264","0.131","0.272","0.215","0.293","0.253","0.312","0.4","0.225","0.174","0.365","0.185","0.168","0.295","0.327","0.032","0.218","0.35","0.331","0.35","0.259","0.106","0.253","0.227","0.231","0.253","0.274","0.235","0.233","0.244","0.288","0.233","0.25","0.35","0.282","0.304","0.262","0.297","0.297","0.28","0.28","0.28","0.28","0.28","0.28","0.265","0.29","0.29","0.255","0.3","0.32","0.164","0.3","0.335","0.335","0.339","0.34","0.34","0.34","0.342","0.345","0.346","0.346","0.299","0.375","0.379","0.38","0.374","0.378","0.384","0.386","0.387","0.383","0.394","0.396","0.395","0.387","0.395","0.397","0.382","0.365","0.398","0.393","0.378","0.388","0.379","0.388","0.291","0.399","0.4","0.4","0.329","0.385","0.391","0.4","0.289","0.369","0.397","0.377","0.4","0.333","0.4","0.4","0.033","0.349","0.338","0.387","0.4","0.4","0.4","0.4","0.4","0.369",,,,,,,,,,,,,,
TaxEffectOfUnusualItems,"-80,116.122","-285,144","-113,288","117,288","198,439.78","252,734","423,488","31,465","362,978.397","-5,277,965","366,080","135,240","360,467.048","311,815","279,531","-3,944","269,460.806","9,207","285,120","55,512","166,736.504","119,592","78,076","-133,008","69,004.123","211,253","-250,976","-236,808","-19,928,000","-990,000","-812,232","-1,443,575","-27,562,916.124","-364,056","-1,200,355","-1,987,506","-6,999,057.598","-1,615,162","-1,096,900","-1,006,571","-2,907,800","-603,470","-12,176,856","-51,185.374","-250,198.055","50,212.899","-243,081.101","-918,595.675","-1,368,669.123","-518,376.651","-621,019.503","-1,024,129.521","-445,946.378","-310,284.712","-7,387,100","522,257.908","480,203.624","240,911.904","673,898.857","35,046.931","548,240","107,801.913","-29,681.084","178,635.733","-99,679.544","638,146.04","23,346.815","113,677.419","161,535.665","9,163.988","147,799.354","90,561.513","-171,357.365","-222,874.626","-16,080.795","-640,567.281","-3,376,087.751","332,340.471","-93,407.173","29,250.382","-625,696.489","82,110.828","2,077.538","201,659.147","-2,626,341.605","-53,247.816","-57,682.332","73,032.72","2,420,106.952","-44,946.997","230,188.679","193,069.307","618,404.908","153,110.048","78,787.879","0","-2,332,558.14","-77,300.613","276,470.588","198,529.412","114,583.333","182,432.432","79,646.018","117,757.009","226,771.654","116,279.07","416,842.105","1,009,708.738","349,514.563","877,215.19","240,000","200,000","-65,753.425","153,846.154","117,187.5","120,000","115,662.651","36,923.077","396,551.724","113,207.547","-360,000","100,000","160,000","160,000","20,000","174,603.175","304,225.352","309,677.419","360,000","280,000","680,000","280,000","-2,400,000","295,384.615",,,,,,,,,,,,,,