name,ttm,03/31/2022,12/31/2021,09/30/2021,06/30/2021,03/31/2021,12/31/2020,09/30/2020,06/30/2020,03/31/2020,12/31/2019,09/30/2019,06/30/2019,03/31/2019,12/31/2018,09/30/2018,06/30/2018,03/31/2018,12/31/2017,09/30/2017,06/30/2017,03/31/2017,12/31/2016,09/30/2016,06/30/2016,03/31/2016,12/31/2015,09/30/2015,06/30/2015,03/31/2015,12/31/2014,09/30/2014,06/30/2014,03/31/2014,12/31/2013,09/30/2013,06/30/2013,03/31/2013,12/31/2012,09/30/2012,06/30/2012,03/31/2012,12/31/2011,09/30/2011,06/30/2011,03/31/2011,12/31/2010,09/30/2010,06/30/2010,03/31/2010,12/31/2009,09/30/2009,06/30/2009,03/31/2009,12/31/2008,09/30/2008,06/30/2008,03/31/2008,12/31/2007,09/30/2007,06/30/2007,03/31/2007,12/31/2006,09/30/2006,06/30/2006,03/31/2006,12/31/2005,09/30/2005,06/30/2005,03/31/2005,12/31/2004,09/30/2004
TotalRevenue,"4,554,014,000","1,302,305,000","972,954,000","970,842,000","1,307,913,000","1,025,469,000","865,419,000","871,063,000","698,776,000","662,070,000","613,454,000","678,665,000","706,448,000","638,701,000","672,635,000","859,776,000","892,952,000","437,487,000","433,073,000","479,318,000","474,000,000","429,000,000","422,000,000","476,000,000","509,000,000","474,000,000","428,600,000","517,800,000","516,000,000","455,000,000","453,700,000","549,800,000","531,500,000","444,000,000","486,000,000","558,000,000","605,000,000","503,000,000","440,298,000","496,810,000","517,026,000","453,708,000","391,118,000","472,898,000","500,810,000","390,604,000","367,897,000","464,690,000","540,781,000","431,050,000","366,108,000","449,363,000","423,526,000","407,111,000","501,514,000","726,756,000","834,669,000","716,760,000","778,918,000","1,015,888,000","1,081,990,000","957,114,000","940,249,000","1,203,578,000","1,378,950,000","1,376,606,000","1,329,259,000","1,454,217,000","1,486,976,000","1,351,619,000","1,207,627,000","821,731,000"
	OperatingRevenue,"4,622,984,000","1,302,305,000","1,041,924,000","970,842,000","1,307,913,000","1,025,469,000","911,591,000","871,063,000","698,776,000","662,070,000","653,232,000","678,665,000","706,448,000","635,164,000","677,950,000","869,293,000","895,874,000","437,487,000","446,073,000","479,318,000","478,000,000","430,000,000","426,000,000","476,000,000","516,000,000","480,000,000","434,700,000","523,900,000","520,000,000","462,000,000","458,400,000","556,500,000","536,000,000","449,000,000","490,000,000","564,000,000","611,000,000","504,000,000","440,298,000","496,810,000","517,026,000","453,708,000","391,118,000","472,898,000","500,810,000","390,604,000","367,897,000","464,690,000","540,781,000","431,050,000","366,108,000","449,363,000","423,526,000","407,111,000","501,514,000","726,756,000","834,669,000","716,760,000","778,918,000","1,015,888,000","1,081,990,000","957,114,000","940,249,000","1,203,578,000","1,378,950,000","1,376,606,000","1,329,259,000","1,454,217,000","1,486,976,000","1,351,619,000","1,207,627,000","821,731,000"
CostOfRevenue,"3,664,928,000","1,011,254,000","779,418,000","817,515,000","1,056,741,000","845,077,000","741,174,000","711,603,000","597,956,000","568,861,000","530,464,000","584,952,000","612,281,000","552,656,000","591,512,000","768,021,000","789,301,000","382,162,000","378,104,000","418,773,000","413,455,000","374,174,000","369,283,000","415,999,000","451,624,000","416,730,000","376,680,000","457,007,000","455,673,000","404,753,000","404,295,000","485,265,000","469,461,000","391,268,000","431,926,000","495,460,000","549,407,000","446,695,000","388,179,000","436,279,000","453,838,000","399,476,000","343,161,000","414,620,000","443,165,000","344,335,000","323,563,000","414,748,000","476,662,000","378,772,000","320,828,000","394,058,000","375,226,000","362,835,000","455,068,000","643,507,000","727,234,000","638,957,000","712,775,000","913,078,000","962,752,000","853,359,000","847,743,000","1,082,672,000","1,242,507,000","1,246,654,000","1,188,866,000","1,317,180,000","1,371,295,000","1,232,291,000","1,106,273,000","744,439,000"
GrossProfit,"889,086,000","291,051,000","193,536,000","153,327,000","251,172,000","180,392,000","124,245,000","159,460,000","100,820,000","93,209,000","82,990,000","93,713,000","94,167,000","86,045,000","81,123,000","91,755,000","103,651,000","55,325,000","55,504,000","60,545,000","60,546,000","54,434,000","52,374,000","60,050,000","57,387,000","57,596,000","51,470,000","60,824,000","59,983,000","50,196,000","49,815,000","64,580,000","62,033,000","52,676,000","54,349,000","62,492,000","55,185,000","56,458,000","52,119,000","60,531,000","63,188,000","54,232,000","47,957,000","58,278,000","57,645,000","46,269,000","44,334,000","49,942,000","64,119,000","52,278,000","45,280,000","55,305,000","48,300,000","44,276,000","46,446,000","83,249,000","107,435,000","77,803,000","66,143,000","102,810,000","119,238,000","103,755,000","92,506,000","120,906,000","136,443,000","129,952,000","140,393,000","137,037,000","115,681,000","119,328,000","101,354,000","77,292,000"
OperatingExpense,"368,448,000","98,873,000","91,340,000","83,272,000","94,961,000","83,137,000","99,203,000","86,688,000","78,735,000","85,404,000","84,043,000","87,458,000","81,604,000","81,738,000","88,308,000","95,760,000","99,167,000","61,905,000","52,134,000","49,066,000","51,265,000","55,275,000","49,557,000","51,372,000","54,690,000","57,275,000","47,910,000","52,346,000","53,113,000","52,314,000","50,386,000","58,539,000","52,305,000","54,339,000","58,053,000","59,399,000","70,739,000","61,592,000","56,650,000","50,262,000","59,323,000","58,326,000","50,539,000","57,096,000","59,404,000","51,384,000","56,537,000","57,232,000","60,523,000","60,258,000","50,083,000","58,906,000","37,742,000","62,695,000","73,256,000","78,733,000","86,330,000","85,603,000","111,198,000","89,932,000","98,681,000","93,868,000","91,951,000","104,832,000","103,185,000","102,490,000","105,676,000","102,919,000","92,505,000","95,678,000","96,103,000","54,107,000"
	SellingGeneralAndAdministration,"337,934,000","91,289,000","83,459,000","76,176,000","87,010,000","75,560,000","91,922,000","78,992,000","69,710,000","77,769,000","76,219,000","79,881,000","74,101,000","74,410,000","80,659,000","87,692,000","91,723,000","59,240,000","49,967,000","46,817,000","49,012,000","52,912,000","47,306,000","49,152,000","52,294,000","54,799,000","45,324,000","49,907,000","50,675,000","50,036,000","48,089,000","56,136,000","49,884,000","51,987,000","55,483,000","57,255,000","68,510,000","59,419,000","54,638,000","48,156,000","57,136,000","56,066,000","48,097,000","54,537,000","56,780,000","48,446,000","53,461,000","54,121,000","57,089,000","56,514,000","46,470,000","55,024,000","50,852,000","57,665,000","67,748,000","73,793,000","81,227,000","80,635,000","106,114,000","84,826,000","93,346,000","88,468,000","86,550,000","99,615,000","98,122,000","97,267,000","100,699,000","97,926,000","87,948,000","91,435,000","92,208,000","52,028,000"
	DepreciationAmortizationDepletionIncomeStatement,"27,473,000","6,746,000","6,763,000","6,884,000","7,080,000","7,465,000","7,116,000","7,087,000","7,063,000","7,635,000","7,824,000","7,577,000","7,503,000","7,328,000","7,649,000","8,068,000","7,444,000","2,665,000","2,167,000","2,249,000","2,253,000","2,363,000","2,251,000","2,220,000","2,396,000","2,476,000","2,586,000","2,439,000","2,438,000","2,278,000","2,297,000","2,403,000","2,421,000","2,352,000","2,570,000","2,144,000","2,229,000","2,173,000","2,012,000","2,106,000","2,187,000","2,260,000","2,442,000","2,559,000","2,624,000","2,938,000","3,076,000","3,111,000","3,434,000","3,744,000","3,831,000","3,882,000","4,241,000","5,030,000","5,508,000","4,940,000","5,103,000","4,968,000","5,084,000","5,106,000","5,335,000","5,400,000","5,401,000","5,217,000","5,063,000","5,043,000","4,977,000","4,993,000","4,557,000","4,243,000","3,895,000","2,079,000"
		DepreciationAndAmortizationInIncomeStatement,"27,473,000","6,746,000","6,763,000","6,884,000","7,080,000","7,465,000","7,116,000","7,087,000","7,063,000","7,635,000","7,824,000","7,577,000","7,503,000","7,328,000","7,649,000","8,068,000","7,444,000","2,665,000","2,167,000","2,249,000","2,253,000","2,363,000","2,251,000","2,220,000","2,396,000","2,476,000","2,586,000","2,439,000","2,438,000","2,278,000","2,297,000","2,403,000","2,421,000","2,352,000","2,570,000","2,144,000","2,229,000","2,173,000","2,012,000","2,106,000","2,187,000","2,260,000","2,442,000","2,559,000","2,624,000","2,938,000","3,076,000","3,111,000","3,434,000","3,744,000","3,831,000","3,882,000","4,241,000","5,030,000","5,508,000","4,940,000","5,103,000","4,968,000","5,084,000","5,106,000","5,335,000","5,400,000","5,401,000","5,217,000","5,063,000","5,043,000","4,977,000","4,993,000","4,557,000","4,243,000","3,895,000","2,079,000"
	OtherOperatingExpenses,"3,041,000","838,000","1,118,000","212,000","871,000","112,000","165,000","609,000","1,962,000",,,,,,,,,,,,,,,,,,,,,,,,,,,,,,,,,,,,,,,,,,"-218,000",,"-17,351,000",,,,,,,,,,,,,"180,000",,,,,,
OperatingIncome,"520,638,000","192,178,000","102,196,000","70,055,000","156,211,000","97,255,000","25,042,000","72,772,000","22,085,000","7,805,000","-1,053,000","6,255,000","12,563,000","4,307,000","-7,185,000","-4,005,000","4,484,000","-6,580,000","3,370,000","11,479,000","9,281,000","-841,000","2,817,000","8,678,000","2,697,000","321,000","3,560,000","8,478,000","6,870,000","-2,118,000","-571,000","6,041,000","9,728,000","-1,663,000","-3,704,000","3,093,000","-15,554,000","-5,134,000","-4,531,000","10,269,000","3,865,000","-4,094,000","-2,582,000","1,182,000","-1,759,000","-5,115,000","-12,203,000","-7,290,000","3,596,000","-7,980,000","-4,803,000","-3,601,000","10,558,000","-18,419,000","-26,810,000","4,516,000","21,105,000","-7,800,000","-45,055,000","12,878,000","20,557,000","9,887,000","555,000","16,074,000","33,258,000","27,462,000","34,717,000","34,118,000","23,176,000","23,650,000","5,251,000","23,185,000"
NetNonOperatingInterestIncomeExpense,"-40,566,000","-11,293,000","-11,817,000","-8,313,000","-9,143,000","-16,234,000","-10,723,000","-10,776,000","-11,535,000","-14,380,000","-13,691,000","-13,409,000","-13,717,000","-13,401,000","-13,354,000","-13,273,000","-12,194,000","-8,480,000","-4,945,000","-5,670,000","-5,367,000","-5,242,000","-5,336,000","-6,105,000","-6,250,000","-7,207,000","-6,984,000","-7,115,000","-6,690,000","-6,553,000","-6,681,000","-6,777,000","-6,859,000","-6,454,000","-6,998,000","-6,918,000","-6,916,000","-7,192,000","-6,756,000","-7,294,000","-7,325,000","-6,782,000","-6,756,000","-6,963,000","-7,730,000","-9,061,000","-9,147,000","-9,121,000","-8,205,000","-7,315,000","-7,846,000","-7,987,000","-8,506,000","-8,117,000",,,,,,,,,,,,,,,,,,
	InterestExpenseNonOperating,"40,566,000","11,293,000","11,817,000","8,313,000","9,143,000","16,234,000","10,723,000","10,776,000","11,535,000","14,380,000","13,691,000","13,409,000","13,717,000","13,401,000","13,354,000","13,273,000","12,194,000","8,480,000","4,945,000","5,670,000","5,367,000","5,242,000","5,336,000","6,105,000","6,250,000","7,207,000","6,984,000","7,115,000","6,690,000","6,553,000","6,681,000","6,777,000","6,859,000","6,454,000","6,998,000","6,918,000","6,916,000","7,192,000","6,756,000","7,294,000","7,325,000","6,782,000","6,756,000","6,963,000","7,730,000","9,061,000","9,147,000","9,121,000","8,205,000","7,315,000","7,846,000","7,987,000","8,506,000","8,117,000",,,,,,,,,,,,,,,,,,
OtherIncomeExpense,"10,929,000","-154,000","8,095,000","1,688,000","1,298,000","2,585,000","5,524,000","8,922,000","-417,000","762,000","528,000","355,000","9,805,000","-150,000","98,000","94,000","94,000","94,000","820,000","0",,"6,700,000","13,396,000","13,957,000","-135,000","372,000","-221,000","-263,000","-29,000","-358,000","-12,000","-193,000","40,000","-160,000","-54,000","-17,000","-128,000","-110,000","36,000","-1,767,000","-49,000","62,000","-91,000","-333,000","134,000","1,736,000","1,242,000","781,000","1,238,000","572,000","7,304,000","-1,755,000","-1,393,000","-6,082,000","-216,000","-65,000","-190,000","-130,000","-231,000","-7,000","225,000","383,000","-337,000","29,000","-4,795,000","-81,000","-128,000","295,000","-224,000","-129,000",,"12,000"
	GainOnSaleOfSecurity,"3,935,000","984,000","984,000","984,000","984,000","984,000","1,057,000",,,,,,,,,,,,,,,,,,,,,,,,,,,,,,,,,,,,,,,,,,,,,,,,,,,,,,,,,,,,,,,,,
	SpecialIncomeCharges,"7,140,000","0","7,140,000","0","0","1,287,000","1,320,000","8,684,000","0","525,000","3,284,000","38,000","9,760,000",,"0","0",,"0","0","0","0","6,700,000","13,396,000","13,940,000",,,,"0","0",,,,,,"-50,000",,,,"36,000","-1,767,000","-49,000","62,000","-91,000","-333,000","134,000","1,736,000","1,242,000","781,000","1,238,000","572,000","7,304,000","-1,755,000","-1,393,000","-6,082,000","-216,000","-65,000","-190,000","-130,000","-231,000","-7,000","225,000","383,000","-337,000","29,000","-4,795,000","-81,000","-128,000","295,000","-224,000","-129,000",,"12,000"
		WriteOff,,,,,,,,,,,,,,,,,,,,,,,,,,,,,,,,,,,,,,,,,,,,"0",,,,"183,000",,"0",,"0",,,,,,,,,,,,,,,,,,,,
		OtherSpecialCharges,,,,,,,,,,,,,,,,,,,,,,,,,,,,,,,,,,,,,,,,,,,,"333,000",,,,"-964,000",,"-572,000",,"1,755,000",,,,,,,,,,,,,,,,,,,,
		GainOnSaleOfPPE,"7,140,000","0","7,140,000","0","0","1,287,000","1,320,000","8,684,000","0","525,000","3,284,000","38,000","9,760,000",,"0","0",,"0","0","0","0","6,700,000","13,396,000","13,940,000",,,,"0","0",,,,,,,,,,,,,,,,,,,,,,,,,,,,,,,,,,,,,,,,,,,
	OtherNonOperatingIncomeExpenses,"-146,000","-1,138,000","-29,000","704,000","314,000","314,000","196,000","238,000","-417,000","237,000","-2,756,000","317,000","45,000","-150,000","98,000","94,000","94,000","94,000","820,000",,,,"0","17,000","-135,000","372,000","-221,000","-263,000","-29,000","-358,000","-12,000","-193,000","40,000","-160,000","-54,000","-17,000","-128,000","-110,000","-22,000",,,,,,,,,,,,,,,,,,,,,,,,,,,,,,,,,
PretaxIncome,"491,001,000","180,731,000","98,474,000","63,430,000","148,366,000","83,606,000","19,843,000","70,918,000","10,133,000","-5,813,000","-14,216,000","-6,799,000","8,651,000","-9,244,000","-20,441,000","-17,184,000","-7,616,000","-14,966,000","-755,000","5,809,000","3,914,000","617,000","10,877,000","16,530,000","-3,688,000","-6,514,000","-3,645,000","1,100,000","151,000","-9,029,000","-7,264,000","-929,000","2,909,000","-8,277,000","-10,756,000","-3,842,000","-22,598,000","-12,436,000","-11,309,000","2,991,000","-3,509,000","-10,814,000","-9,429,000","-6,114,000","-9,623,000","-12,440,000","-20,108,000","-15,630,000","-3,371,000","-14,723,000","-11,597,000","-13,343,000","659,000","-32,618,000","-38,043,000","-4,340,000","11,530,000","-17,284,000","-55,190,000","1,519,000","8,984,000","-336,000","-10,441,000","4,057,000","16,201,000","16,364,000","23,484,000","23,197,000","12,296,000","14,187,000","-8,606,000","17,431,000"
TaxProvision,"123,319,000","47,322,000","24,857,000","16,232,000","34,908,000","21,746,000","-15,000","15,802,000","3,438,000","-5,026,000","-4,021,000","244,000","2,350,000","-2,525,000","-4,269,000","-7,288,000","942,000","-1,539,000","-54,241,000","123,000","676,000","33,000","512,000","1,522,000","-544,000","-369,000","2,417,000","539,000","-2,719,000","-84,000","377,000","-69,000","-327,000","331,000","-8,299,000","-636,000","-292,000","213,000","61,000","-77,000","197,000","205,000","823,000","94,000","158,000","-114,000","137,000","-778,000","36,000","16,000","-23,622,000","120,000","31,000","28,035,000","-12,926,000","-1,746,000","4,931,000","-6,693,000","-21,110,000","629,000","3,550,000","-147,000","-4,576,000","1,765,000","6,590,000","6,569,000","8,946,000","9,301,000","4,545,000","5,769,000","-2,803,000","6,861,000"
NetIncomeCommonStockholders,"367,682,000","133,409,000","73,617,000","47,198,000","113,458,000","61,860,000","19,858,000","55,116,000","6,695,000","-787,000","-10,195,000","-7,043,000","6,301,000","-6,719,000","-16,172,000","-9,896,000","-8,558,000","-13,427,000","53,486,000","5,686,000","3,238,000","584,000","10,365,000","15,008,000","-3,144,000","-6,145,000","-6,062,000","561,000","2,870,000","-8,945,000","-7,641,000","-860,000","3,236,000","-8,608,000","-2,457,000","-3,206,000","-22,306,000","-12,649,000","-11,370,000","3,068,000","-3,706,000","-11,019,000","-10,252,000","-6,208,000","-9,781,000","-12,326,000","-20,245,000","-14,852,000","-3,407,000","-14,739,000","12,025,000","-13,463,000","628,000","-60,653,000","-25,117,000","-2,594,000","6,599,000","-10,591,000","-34,080,000","890,000","5,434,000","-189,000","-5,865,000","2,292,000","9,611,000","9,795,000","14,538,000","13,896,000","7,751,000","8,418,000","-7,058,000","9,246,000"
	NetIncome,"367,682,000","133,409,000","73,617,000","47,198,000","113,458,000","61,860,000","19,858,000","55,116,000","6,695,000","-787,000","-10,195,000","-7,043,000","6,301,000","-6,719,000","-16,172,000","-9,896,000","-8,558,000","-13,427,000","53,486,000","5,686,000","3,238,000","584,000","10,365,000","15,008,000","-3,144,000","-6,145,000","-6,062,000","561,000","2,870,000","-8,945,000","-7,641,000","-860,000","3,236,000","-8,608,000","-2,457,000","-3,206,000","-22,306,000","-12,649,000","-11,370,000","3,068,000","-3,706,000","-11,019,000","-10,252,000","-6,208,000","-9,781,000","-12,326,000","-20,245,000","-14,852,000","-3,407,000","-14,739,000","12,025,000","-13,463,000","628,000","-60,653,000","-25,117,000","-2,594,000","6,599,000","-10,591,000","-34,080,000","890,000","5,434,000","-189,000","-5,865,000","2,292,000","9,611,000","9,795,000","14,538,000","13,896,000","7,751,000","8,418,000","-5,803,000","10,570,000"
		NetIncomeIncludingNoncontrollingInterests,"367,682,000","133,409,000","73,617,000","47,198,000","113,458,000","61,860,000","19,858,000","55,116,000","6,695,000","-787,000","-10,195,000","-7,043,000","6,301,000","-6,719,000","-16,172,000","-9,896,000","-8,558,000","-13,427,000","53,486,000","5,686,000","3,238,000","584,000","10,365,000","15,008,000","-3,144,000","-6,145,000","-6,062,000","561,000","2,870,000","-8,945,000","-7,641,000","-860,000","3,236,000","-8,608,000","-2,457,000","-3,206,000","-22,306,000","-12,649,000","-11,370,000","3,068,000","-3,706,000","-11,019,000","-10,252,000","-6,208,000","-9,781,000","-12,326,000","-20,245,000","-14,852,000","-3,407,000","-14,739,000","12,025,000","-13,463,000","628,000","-60,653,000","-25,117,000","-2,594,000","6,599,000","-10,591,000","-34,080,000","890,000","5,434,000","-189,000","-5,865,000","2,292,000","9,611,000","9,795,000","14,538,000","13,896,000","7,751,000","8,418,000","-5,803,000","10,570,000"
			NetIncomeContinuousOperations,"367,682,000","133,409,000","73,617,000","47,198,000","113,458,000","61,860,000","19,858,000","55,116,000","6,695,000","-787,000","-10,195,000","-7,043,000","6,301,000","-6,719,000","-16,172,000","-9,896,000","-8,558,000","-13,427,000","53,486,000","5,686,000","3,238,000","584,000","10,365,000","15,008,000","-3,144,000","-6,145,000","-6,062,000","561,000","2,870,000","-8,945,000","-7,641,000","-860,000","3,236,000","-8,608,000","-2,457,000","-3,206,000","-22,306,000","-12,649,000","-11,370,000","3,068,000","-3,706,000","-11,019,000","-10,252,000","-6,208,000","-9,781,000","-12,326,000","-20,245,000","-14,852,000","-3,407,000","-14,739,000","12,025,000","-13,463,000","628,000","-60,653,000","-25,117,000","-2,594,000","6,599,000","-10,591,000","-34,080,000","890,000","5,434,000","-189,000","-5,865,000","2,292,000","9,611,000","9,795,000","14,538,000","13,896,000","7,751,000","8,418,000","-5,803,000","10,570,000"
	PreferredStockDividends,,,,,,,,,,,,,,,,,,,,,,,,,,,,,,,,,,,,,,,,,,,,,,,,,,,,,,,,,,,,,,,,,,,,,,,"1,255,000","1,324,000"
DilutedNIAvailtoComStockholders,"367,682,000","133,409,000","73,617,000","47,198,000","113,458,000","61,860,000","19,858,000","55,116,000","6,695,000","-787,000","-10,195,000","-7,043,000","6,301,000","-6,719,000","-16,172,000","-9,896,000","-8,558,000","-13,427,000","53,486,000","5,686,000","3,238,000","584,000","10,365,000","15,008,000","-3,144,000","-6,145,000","-6,062,000","561,000","2,870,000","-8,945,000","-7,641,000","-860,000","3,236,000","-8,608,000","-2,457,000","-3,206,000","-22,306,000","-12,649,000","-11,370,000","3,068,000","-3,706,000","-11,019,000","-10,252,000","-6,208,000","-9,781,000","-12,326,000","-20,245,000","-14,852,000","-3,407,000","-14,739,000","12,025,000","-13,463,000","628,000","-60,653,000","-25,117,000","-2,594,000","6,599,000","-10,591,000","-34,080,000","890,000","5,434,000","-189,000","-5,865,000","2,292,000","9,611,000","9,795,000","14,538,000","13,896,000","7,751,000","8,418,000","-7,058,000","9,246,000"
BasicEPS,,"13.72","7.57","4.85","11.88","6.53","2.1","5.83","0.71","-0.08","-1.09","-0.75","0.67","-0.72","-1.74","-1.07","-0.93","-1.47",,"0.63","0.36","0.07","1.16","1.69","-0.35","-0.7",,"0.1","0.3","-1","-0.9","-0.1","0.4","-1","-0.3","-0.4","-2.7","-1.9","-1.9","0.5","-0.6","-1.8",,"-1.2","-3.1","-3.538",,"-4.245","-0.973","-4.245",,"-3.892","0.177","-17.247",,"-0.708","1.857","-3.007",,"0.265","1.592","-0.088",,"0.619","2.742","2.83",,"4.069","2.3","2.476",,"4.511"
DilutedEPS,,"13.19","7.3","4.74","11.61","6.28","2.04","5.72","0.71","-0.08","-1.09","-0.75","0.67","-0.72","-1.74","-1.07","-0.93","-1.47",,"0.62","0.35","0.06","1.14","1.68","-0.35","-0.7",,"0.1","0.3","-1","-0.9","-0.1","0.4","-1","-0.3","-0.4","-2.7","-1.9","-1.9","0.5","-0.6","-1.8",,"-1.2","-3.1","-3.538",,"-4.245","-0.973","-4.245",,"-3.892","0.177","-17.247",,"-0.737","1.857","-3.007",,"0.265","1.592","-0.088",,"0.619","2.742","2.83",,"4.069","2.211","2.476",,"4.245"
BasicAverageShares,,"9,720,000","9,725,231","9,721,000","9,549,000","9,466,000","9,456,190","9,453,859","9,395,000","9,837,500","9,353,211","9,390,667","9,351,000","9,337,000","9,294,253","9,274,000","9,215,000","9,137,000",,"9,079,000","9,055,000","8,966,000","8,935,345","8,900,000","8,895,000","8,876,400",,"8,769,000","8,739,900","8,716,500","8,654,500","8,639,900","8,587,400","8,518,700","8,481,800","8,459,600","8,416,700","6,671,400","6,011,800","6,009,900","6,009,800","5,998,700",,"5,118,300","3,106,300","3,488,332",,"3,472,616","3,470,921","3,458,257",,"3,499,073","3,682,009","3,514,337",,"3,521,912","3,513,884","3,496,812",,"3,488,332","3,487,767","3,482,340",,"3,466,737","3,465,267","3,439,037",,"3,414,389","3,412,919","3,409,414",,"2,046,440"
DilutedAverageShares,,"10,113,000","10,084,932","9,953,000","9,775,000","9,858,000","9,734,314","9,635,664","9,402,000","9,837,500","9,353,211","9,390,667","9,359,000","9,337,000","9,294,253","9,274,000","9,215,000","9,137,000",,"9,243,000","9,190,000","9,098,000","9,092,105","8,930,000","8,895,000","8,876,400",,"8,807,300","8,786,200","8,716,500","8,654,500","8,639,900","8,587,400","8,518,700","8,481,800","8,459,600","8,416,700","6,671,400","6,011,800","6,009,900","6,009,800","5,998,700",,"5,118,300","3,106,300","3,488,332",,"3,472,616","3,470,921","3,458,257",,"3,499,073","3,693,089","3,514,337",,"3,521,912","3,540,228","3,496,812",,"3,499,412","3,504,387","3,482,340",,"3,480,305","3,481,209","3,472,503",,"3,447,630","3,445,707","3,443,672",,"2,182,115"
TotalOperatingIncomeAsReported,"531,713,000","193,162,000","110,320,000","71,039,000","157,195,000","99,526,000","30,370,000","81,456,000","22,085,000","8,330,000","2,231,000","6,293,000","22,323,000","4,307,000","-7,185,000","-4,005,000","4,484,000","-6,580,000","3,370,000","11,479,000","9,281,000","5,859,000","16,213,000","22,618,000","2,697,000","321,000","3,560,000","8,478,000","6,870,000","-2,118,000","-571,000","6,041,000","9,728,000","-1,663,000","-3,704,000","3,093,000","-15,554,000","-5,134,000","-4,531,000","10,269,000","3,865,000","-4,094,000","-2,582,000","1,182,000","-1,759,000","-5,115,000","-12,203,000","-7,290,000","3,596,000","-7,980,000","-4,803,000","-3,601,000","10,558,000","-18,419,000","-26,810,000","4,516,000","21,105,000","-7,800,000","-45,055,000","12,878,000","20,557,000","9,887,000","555,000","16,074,000","33,258,000","27,462,000","34,717,000","34,118,000","23,176,000","23,650,000","5,251,000","23,185,000"
TotalExpenses,"4,033,376,000","1,110,127,000","870,758,000","900,787,000","1,151,702,000","928,214,000","840,377,000","798,291,000","676,691,000","654,265,000","614,507,000","672,410,000","693,885,000","634,394,000","679,820,000","863,781,000","888,468,000","444,067,000","430,238,000","467,839,000","464,720,000","429,449,000","418,840,000","467,371,000","506,314,000","474,005,000","424,590,000","509,353,000","508,786,000","457,067,000","454,681,000","543,804,000","521,766,000","445,607,000","489,979,000","554,859,000","620,146,000","508,287,000","444,829,000","486,541,000","513,161,000","457,802,000","393,700,000","471,716,000","502,569,000","395,719,000","380,100,000","471,980,000","537,185,000","439,030,000","370,911,000","452,964,000","412,968,000","425,530,000","528,324,000","722,240,000","813,564,000","724,560,000","823,973,000","1,003,010,000","1,061,433,000","947,227,000","939,694,000","1,187,504,000","1,345,692,000","1,349,144,000","1,294,542,000","1,420,099,000","1,463,800,000","1,327,969,000","1,202,376,000","798,546,000"
NetIncomeFromContinuingAndDiscontinuedOperation,"367,682,000","133,409,000","73,617,000","47,198,000","113,458,000","61,860,000","19,858,000","55,116,000","6,695,000","-787,000","-10,195,000","-7,043,000","6,301,000","-6,719,000","-16,172,000","-9,896,000","-8,558,000","-13,427,000","53,486,000","5,686,000","3,238,000","584,000","10,365,000","15,008,000","-3,144,000","-6,145,000","-6,062,000","561,000","2,870,000","-8,945,000","-7,641,000","-860,000","3,236,000","-8,608,000","-2,457,000","-3,206,000","-22,306,000","-12,649,000","-11,370,000","3,068,000","-3,706,000","-11,019,000","-10,252,000","-6,208,000","-9,781,000","-12,326,000","-20,245,000","-14,852,000","-3,407,000","-14,739,000","12,025,000","-13,463,000","628,000","-60,653,000","-25,117,000","-2,594,000","6,599,000","-10,591,000","-34,080,000","890,000","5,434,000","-189,000","-5,865,000","2,292,000","9,611,000","9,795,000","14,538,000","13,896,000","7,751,000","8,418,000","-5,803,000","10,570,000"
NormalizedIncome,"359,388,578.704","132,682,808","67,543,675.996","46,465,904","112,705,240","60,179,460","15,968,560","48,368,532","6,695,000","-1,170,250","-12,550,119.584","-7,070,740","-804,280","-6,719,000","-16,172,000","-9,896,000","-8,558,000","-13,427,000","53,486,000","5,686,000","3,238,000","-5,757,653.16","-2,400,426.129","2,351,525.711","-3,144,000","-6,145,000","-6,062,000","561,000","2,870,000","-8,945,000","-7,641,000","-860,000","3,236,000","-8,608,000","-2,457,000","-3,206,000","-22,306,000","-12,649,000","-11,393,400","4,216,550","-3,674,150","-11,059,300","-10,192,850","-5,991,550","-9,868,100","-14,046,091.318","-21,052,300","-15,594,124.888","-4,211,700","-15,110,800","7,277,400","-12,322,250","1,955,471.927","-56,699,700","-24,974,391.057","-2,555,000","6,722,500","-10,511,340.778","-33,937,356.768","894,550","5,297,908.059","-437,950","-5,662,800","2,274,600","12,488,000","9,843,600","14,617,239.653","13,719,000","7,892,202.342","8,495,400","-5,803,000","10,562,723.309"
InterestExpense,"40,566,000","11,293,000","11,817,000","8,313,000","9,143,000","16,234,000","10,723,000","10,776,000","11,535,000","14,380,000","13,691,000","13,409,000","13,717,000","13,401,000","13,354,000","13,273,000","12,194,000","8,480,000","4,945,000","5,670,000","5,367,000","5,242,000","5,336,000","6,105,000","6,250,000","7,207,000","6,984,000","7,115,000","6,690,000","6,553,000","6,681,000","6,777,000","6,859,000","6,454,000","6,998,000","6,918,000","6,916,000","7,192,000","6,756,000","7,294,000","7,325,000","6,782,000","6,756,000","6,963,000","7,730,000","9,061,000","9,147,000","9,121,000","8,205,000","7,315,000","7,846,000","7,987,000","8,506,000","8,117,000",,"8,791,000",,,,,"11,798,000",,"10,659,000",,,,"11,105,000",,"10,656,000",,,
NetInterestIncome,"-40,566,000","-11,293,000","-11,817,000","-8,313,000","-9,143,000","-16,234,000","-10,723,000","-10,776,000","-11,535,000","-14,380,000","-13,691,000","-13,409,000","-13,717,000","-13,401,000","-13,354,000","-13,273,000","-12,194,000","-8,480,000","-4,945,000","-5,670,000","-5,367,000","-5,242,000","-5,336,000","-6,105,000","-6,250,000","-7,207,000","-6,984,000","-7,115,000","-6,690,000","-6,553,000","-6,681,000","-6,777,000","-6,859,000","-6,454,000","-6,998,000","-6,918,000","-6,916,000","-7,192,000","-6,756,000","-7,294,000","-7,325,000","-6,782,000","-6,756,000","-6,963,000","-7,730,000","-9,061,000","-9,147,000","-9,121,000","-8,205,000","-7,315,000","-7,846,000","-7,987,000","-8,506,000","-8,117,000",,"-8,791,000",,,,,"-11,798,000",,"-10,659,000",,,,"-11,105,000",,"-10,656,000",,,
EBIT,"531,567,000","192,024,000","110,291,000","71,743,000","157,509,000","99,840,000","30,566,000","81,694,000","21,668,000","8,567,000","-525,000","6,610,000","22,368,000","4,157,000","-7,087,000","-3,911,000","4,578,000","-6,486,000","4,190,000","11,479,000","9,281,000","5,859,000","16,213,000","22,635,000","2,562,000","693,000","3,339,000","8,215,000","6,841,000","-2,476,000","-583,000","5,848,000","9,768,000","-1,823,000","-3,758,000","3,076,000","-15,682,000","-5,244,000","-4,553,000","10,285,000","3,816,000","-4,032,000","-2,673,000","849,000","-1,893,000","-3,379,000","-10,961,000","-6,509,000","4,834,000","-7,408,000","-3,751,000","-5,356,000","9,165,000","-24,501,000","-27,411,000","4,516,000","21,105,000","-7,800,000","-45,055,000","12,878,000","20,557,000","9,887,000","555,000","16,074,000","33,258,000","27,462,000","34,717,000","34,118,000","23,176,000","23,650,000","5,251,000","23,185,000"
EBITDA,"559,040,000"
ReconciledCostOfRevenue,"3,664,928,000","1,011,254,000","779,418,000","817,515,000","1,056,741,000","845,077,000","741,174,000","711,603,000","597,956,000","568,861,000","530,464,000","584,952,000","612,281,000","552,656,000","591,512,000","768,021,000","789,301,000","382,162,000","378,104,000","418,773,000","413,455,000","374,174,000","369,283,000","415,999,000","451,624,000","416,730,000","376,680,000","457,007,000","455,673,000","404,753,000","404,295,000","485,265,000","469,461,000","391,268,000","431,926,000","495,459,000","549,407,000","446,695,000","388,179,000","436,279,000","453,838,000","399,476,000","343,161,000","414,620,000","443,166,000","344,335,000","323,563,000","414,748,000","476,662,000","378,772,000","320,828,000","394,058,000","375,226,000","362,835,000","456,891,000","642,899,000","726,627,000","638,349,000","712,167,000","912,470,000","962,144,000","852,753,000","847,133,000","1,082,063,000","1,241,863,000","1,245,889,000","1,187,941,000","1,316,369,000","1,370,407,000","1,231,286,000","1,105,165,000","744,439,000"
ReconciledDepreciation,"27,473,000","6,746,000","6,763,000","6,884,000","7,080,000","7,465,000","7,116,000","7,087,000","7,063,000","7,635,000","7,824,000","7,577,000","7,503,000","7,328,000","7,649,000","8,068,000","7,444,000","2,665,000","2,167,000","2,249,000","2,253,000","2,363,000","2,251,000","2,220,000","2,396,000","2,476,000","2,586,000","2,439,000","2,438,000","2,278,000","2,297,000","2,403,000","2,421,000","2,352,000","2,570,000","2,145,000","2,229,000","2,173,000","2,012,000","2,106,000","2,187,000","2,260,000","2,442,000","2,559,000","2,623,000","2,938,000","3,076,000","3,111,000","3,434,000","3,744,000","3,831,000","3,882,000","4,241,000","5,030,000","3,685,000","5,548,000","5,710,000","5,576,000","5,692,000","5,714,000","5,943,000","6,006,000","6,011,000","5,826,000","5,707,000","5,808,000","5,902,000","5,804,000","5,445,000","5,248,000","5,003,000","2,079,000"
NetIncomeFromContinuingOperationNetMinorityInterest,"367,682,000","133,409,000","73,617,000","47,198,000","113,458,000","61,860,000","19,858,000","55,116,000","6,695,000","-787,000","-10,195,000","-7,043,000","6,301,000","-6,719,000","-16,172,000","-9,896,000","-8,558,000","-13,427,000","53,486,000","5,686,000","3,238,000","584,000","10,365,000","15,008,000","-3,144,000","-6,145,000","-6,062,000","561,000","2,870,000","-8,945,000","-7,641,000","-860,000","3,236,000","-8,608,000","-2,457,000","-3,206,000","-22,306,000","-12,649,000","-11,370,000","3,068,000","-3,706,000","-11,019,000","-10,252,000","-6,208,000","-9,781,000","-12,326,000","-20,245,000","-14,852,000","-3,407,000","-14,739,000","12,025,000","-13,463,000","628,000","-60,653,000","-25,117,000","-2,594,000","6,599,000","-10,591,000","-34,080,000","890,000","5,434,000","-189,000","-5,865,000","2,292,000","9,611,000","9,795,000","14,538,000","13,896,000","7,751,000","8,418,000","-5,803,000","10,570,000"
TotalUnusualItemsExcludingGoodwill,"11,075,000","984,000","8,124,000","984,000","984,000","2,271,000","5,328,000","8,684,000","0","525,000","3,284,000","38,000","9,760,000",,"0","0",,"0","0","0","0","6,700,000","13,396,000","13,940,000",,,,"0","0",,,,,,,,,,"36,000","-1,767,000","-49,000","62,000","-91,000","-333,000","134,000","1,736,000","1,242,000","781,000","1,238,000","572,000","7,304,000","-1,755,000","-1,393,000","-6,082,000","-216,000","-65,000","-190,000","-130,000","-231,000","-7,000","225,000","383,000","-337,000","29,000","-4,795,000","-81,000","-128,000","295,000","-224,000","-129,000",,"12,000"
TotalUnusualItems,"11,075,000","984,000","8,124,000","984,000","984,000","2,271,000","5,328,000","8,684,000","0","525,000","3,284,000","38,000","9,760,000",,"0","0",,"0","0","0","0","6,700,000","13,396,000","13,940,000",,,,"0","0",,,,,,,,,,"36,000","-1,767,000","-49,000","62,000","-91,000","-333,000","134,000","1,736,000","1,242,000","781,000","1,238,000","572,000","7,304,000","-1,755,000","-1,393,000","-6,082,000","-216,000","-65,000","-190,000","-130,000","-231,000","-7,000","225,000","383,000","-337,000","29,000","-4,795,000","-81,000","-128,000","295,000","-224,000","-129,000",,"12,000"
NormalizedEBITDA,"547,965,000","197,786,000","108,930,000","77,643,000","163,605,000","105,034,000","32,354,000","80,097,000","28,731,000","15,677,000","4,015,000","14,149,000","20,111,000","11,485,000","562,000","4,157,000","12,022,000","-3,821,000","6,357,000","13,728,000","11,534,000","1,522,000","5,068,000","10,915,000","4,958,000","3,169,000","5,925,000","10,654,000","9,279,000","-198,000","1,714,000","8,251,000","12,189,000","529,000","-1,188,000","5,221,000","-13,453,000","-3,071,000","-2,577,000","14,158,000","6,052,000","-1,834,000","-140,000","3,741,000","597,000","-2,177,000","-9,127,000","-4,179,000","7,030,000","-4,236,000","-7,224,000","281,000","14,799,000","-13,389,000","-21,687,000","10,129,000","27,005,000","-2,094,000","-39,132,000","18,599,000","26,275,000","15,510,000","6,903,000","21,871,000","43,760,000","33,351,000","40,747,000","39,627,000","28,845,000","29,027,000","10,254,000","25,252,000"
TaxRateForCalcs,"0.251","0.262","0.252","0.256","0.235","0.26","0.27","0.223","0.339","0.27","0.283","0.27","0.272","0.273","0.209","0.27","0.27","0.103","0.4","0.021","0.173","0.053","0.047","0.092","0.148","0.057","0.4","0.4","0.4","0.009","0.4","0.074","0.35","0.35","0.35","0.166","0.013","0.35","0.35","0.35","0.35","0.35","0.35","0.35","0.35","0.009","0.35","0.05","0.35","0.35","0.35","0.35","0.047","0.35","0.34","0.4","0.35","0.387","0.382","0.35","0.395","0.35","0.4","0.4","0.4","0.4","0.381","0.4","0.37","0.4","0.326","0.394"
TaxEffectOfUnusualItems,"2,781,578.704","257,808","2,050,675.996","251,904","231,240","590,460","1,438,560","1,936,532","0","141,750","928,880.416","10,260","2,654,720","0","0","0","0","0","0","0","0","358,346.84","630,573.871","1,283,525.711","0","0","0","0","0","0","0","0","0","0","0","0","0","0","12,600","-618,450","-17,150","21,700","-31,850","-116,550","46,900","15,908.682","434,700","38,875.112","433,300","200,200","2,556,400","-614,250","-65,528.073","-2,128,700","-73,391.057","-26,000","-66,500","-50,340.778","-88,356.768","-2,450","88,908.059","134,050","-134,800","11,600","-1,918,000","-32,400","-48,760.347","118,000","-82,797.658","-51,600","0","4,723.309"