name,ttm,03/31/2022,12/31/2021,09/30/2021,06/30/2021,03/31/2021,12/31/2020,09/30/2020,06/30/2020,03/31/2020,12/31/2019,09/30/2019,06/30/2019,03/31/2019,12/31/2018,09/30/2018,06/30/2018,03/31/2018,12/31/2017,09/30/2017,06/30/2017,03/31/2017,12/31/2016,09/30/2016,06/30/2016,03/31/2016,12/31/2015,09/30/2015,06/30/2015,03/31/2015,12/31/2014,09/30/2014,06/30/2014,03/31/2014,12/31/2013,09/30/2013,06/30/2013,03/31/2013,12/31/2012,09/30/2012,06/30/2012,03/31/2012,12/31/2011,09/30/2011,06/30/2011,03/31/2011,12/31/2010,09/30/2010,06/30/2010,03/31/2010,12/31/2009,09/30/2009,06/30/2009,03/31/2009,12/31/2008,09/30/2008,06/30/2008,03/31/2008,12/31/2007,09/30/2007,06/30/2007,03/31/2007,12/31/2006,09/30/2006,06/30/2006,03/31/2006,12/31/2005,09/30/2005,06/30/2005,03/31/2005,12/31/2004,09/30/2004,06/30/2004,03/31/2004,12/31/2003,09/30/2003,06/30/2003,03/31/2003,12/31/2002,09/30/2002,06/30/2002,03/31/2002,12/31/2001,09/30/2001,06/30/2001,03/31/2001,12/31/2000,09/30/2000,06/30/2000,03/31/2000,12/31/1999,09/30/1999,06/30/1999,03/31/1999,12/31/1998,09/30/1998,06/30/1998,03/31/1998,12/31/1997,09/30/1997,06/30/1997,03/31/1997,12/31/1996,09/30/1996,06/30/1996,03/31/1996,12/31/1995,09/30/1995,06/30/1995,03/31/1995,12/31/1994,09/30/1994,06/30/1994,03/31/1994,12/31/1993,09/30/1993,06/30/1993,03/31/1993,12/31/1992
TotalRevenue,"2,124,530,000","508,506,000","454,149,000","590,943,000","570,932,000","549,889,000","428,539,000","686,748,000","533,112,000","489,413,000","417,804,000","781,701,000","482,738,000","421,260,000","402,040,000","767,945,000","511,521,000","455,178,000","372,489,000","672,981,000","478,588,000","425,468,000","339,241,000","632,121,000","459,937,000","385,607,000","344,449,000","632,852,000","429,438,000","299,359,000","265,764,000","545,905,000","354,671,000","270,021,000","293,170,000","438,334,000","314,439,000","287,902,000","246,902,000","370,931,000","254,555,000","191,643,000","188,548,000","334,908,000","172,829,000","127,503,000","110,299,000","252,930,000","339,942,000","198,185,000","218,784,000","359,872,000","224,653,000","188,323,000","232,364,000","712,649,000","455,578,000","405,417,000","503,148,000","1,100,805,000","758,146,000","826,295,000","803,014,000","1,883,758,000","1,203,538,000","1,269,091,000","1,105,616,000","1,814,051,000","1,293,227,000","976,248,000","911,827,000","1,211,141,000","1,009,279,000","876,581,000","810,108,000","1,039,923,000","771,758,000","665,567,000","700,160,000","904,331,000","743,813,000","503,312,000","489,717,000","617,005,000","448,825,000","374,297,000","365,050,000","496,602,000","389,557,000","332,961,000","308,700,000","454,200,000","370,400,000","327,300,000","242,100,000","365,600,000","234,800,000","221,300,000","155,600,000","316,600,000","195,600,000","177,800,000","161,100,000","294,800,000","217,100,000","196,500,000","158,200,000","270,600,000","151,400,000","123,500,000","102,300,000","184,300,000","154,400,000","113,400,000","84,400,000","115,700,000","61,900,000","67,200,000","30,300,000"
	OperatingRevenue,"2,124,530,000","508,506,000","454,149,000","590,943,000","570,932,000","549,889,000","428,539,000","686,748,000","533,112,000","489,413,000","417,804,000","781,701,000","482,738,000","421,260,000","402,040,000","767,945,000","511,521,000","455,178,000","372,489,000","672,981,000","478,588,000","425,468,000","339,241,000","632,121,000","459,937,000","385,607,000","344,449,000","632,852,000","429,438,000","299,359,000","265,764,000","545,905,000","354,671,000","270,021,000","293,170,000","438,334,000","314,439,000","287,902,000","246,902,000","370,931,000","254,555,000","191,643,000","188,548,000","334,908,000","172,829,000","127,503,000","110,299,000","252,930,000","339,942,000","198,185,000","218,784,000","359,872,000","224,653,000","188,323,000","232,364,000","712,649,000","455,578,000","405,417,000","503,148,000","1,100,805,000","758,146,000","826,295,000","803,014,000","1,883,758,000","1,203,538,000","1,269,091,000","1,105,616,000","1,814,051,000","1,293,227,000","976,248,000","911,827,000","1,211,141,000","1,009,279,000","876,581,000","810,108,000","1,039,923,000","771,758,000","665,567,000","700,160,000","904,331,000","743,813,000","503,312,000","489,717,000","617,005,000","448,825,000","374,297,000","365,050,000","496,602,000","389,557,000","332,961,000","308,700,000","454,200,000","370,400,000","327,300,000","242,100,000","365,600,000","234,800,000","221,300,000","155,600,000","316,600,000","195,600,000","177,800,000","161,100,000","294,800,000","217,100,000","196,500,000","158,200,000","270,600,000","151,400,000","123,500,000","102,300,000","184,300,000","154,400,000","113,400,000","84,400,000","115,700,000","61,900,000","67,200,000","30,300,000"
CostOfRevenue,"1,676,344,000","388,756,000","356,749,000","475,430,000","455,409,000","451,963,000","353,246,000","570,148,000","444,054,000","410,568,000","354,667,000","665,404,000","410,974,000","503,940,000","341,385,000","642,080,000","428,277,000","380,101,000","311,660,000","559,621,000","400,145,000","358,070,000","285,578,000","529,715,000","382,284,000","326,041,000","286,867,000","525,647,000","353,330,000","245,446,000","230,546,000","458,092,000","285,867,000","217,849,000","238,500,000","358,288,000","260,324,000","244,017,000","210,818,000","329,533,000","233,324,000","171,453,000","166,279,000","310,566,000","158,994,000","128,744,000","98,911,000","252,824,000","299,803,000","172,143,000","199,463,000","327,165,000","219,032,000","219,653,000","218,555,000","722,033,000","502,994,000","567,284,000","603,188,000","1,144,243,000","798,198,000","780,883,000","781,905,000","1,519,705,000","894,231,000","954,596,000","832,786,000","1,367,189,000","963,699,000","796,057,000","696,355,000","953,898,000","801,865,000","699,020,000","644,949,000","868,132,000","598,553,000","515,533,000","551,817,000","720,661,000","597,706,000","401,742,000","392,305,000","495,451,000","357,071,000","296,729,000","294,964,000","431,544,000","317,246,000","274,030,000","253,900,000","397,200,000","304,000,000","271,000,000","200,200,000","318,900,000","193,600,000","184,700,000","129,800,000","266,700,000","165,400,000","151,700,000","135,000,000","248,400,000","183,400,000","166,200,000","132,900,000","221,300,000","134,000,000","108,100,000","87,400,000","158,400,000","132,800,000","97,100,000","70,900,000",,,,
GrossProfit,"448,186,000","119,750,000","97,400,000","115,513,000","115,523,000","97,926,000","75,293,000","116,600,000","89,058,000","78,845,000","63,137,000","116,297,000","71,764,000","-82,680,000","60,655,000","125,865,000","83,244,000","75,077,000","60,829,000","113,360,000","78,443,000","67,398,000","53,663,000","102,406,000","77,653,000","59,566,000","57,582,000","107,205,000","76,108,000","53,913,000","35,218,000","87,813,000","68,804,000","52,172,000","54,670,000","80,046,000","54,115,000","43,885,000","36,084,000","41,398,000","21,231,000","20,190,000","22,269,000","24,342,000","13,835,000","-1,241,000","11,388,000","106,000","40,139,000","26,042,000","19,321,000","32,707,000","5,621,000","-31,330,000","13,809,000","-9,384,000","-47,416,000","-161,867,000","-100,040,000","-43,438,000","-40,052,000","45,412,000","21,109,000","364,053,000","309,307,000","314,495,000","272,830,000","446,862,000","329,528,000","180,191,000","215,472,000","257,243,000","207,414,000","177,561,000","165,159,000","171,791,000","173,205,000","150,034,000","148,343,000","183,670,000","146,107,000","101,570,000","97,412,000","121,554,000","91,754,000","77,568,000","70,086,000","65,058,000","72,311,000","58,931,000","54,800,000","57,000,000","66,400,000","56,300,000","41,900,000","46,700,000","41,200,000","36,600,000","25,800,000","49,900,000","30,200,000","26,100,000","26,100,000","46,400,000","33,700,000","30,300,000","25,300,000","49,300,000","17,400,000","15,400,000","14,900,000","25,900,000","21,600,000","16,300,000","13,500,000",,,,
OperatingExpense,"257,073,000","65,139,000","56,461,000","68,643,000","66,830,000","64,308,000","57,605,000","81,014,000","65,907,000","62,421,000","59,191,000","80,292,000","62,221,000","56,270,000","57,149,000","82,403,000","65,664,000","61,252,000","54,148,000","75,577,000","62,874,000","59,887,000","52,388,000","71,568,000","61,344,000","56,536,000","48,434,000","70,260,000","58,412,000","47,477,000","44,708,000","64,361,000","53,716,000","46,555,000","43,138,000","57,967,000","45,643,000","43,574,000","39,685,000","47,908,000","42,386,000","37,884,000","38,968,000","48,505,000","49,074,000","43,738,000","39,711,000","44,388,000","58,193,000","47,616,000","49,233,000","59,140,000","56,314,000","71,369,000","76,135,000","108,521,000","93,928,000","128,348,000","99,227,000","162,035,000","141,763,000","109,729,000","115,368,000","212,727,000","153,412,000","149,793,000","133,078,000","191,345,000","150,891,000","238,305,000","104,594,000","129,042,000","111,176,000","99,717,000","89,507,000","79,157,000","107,237,000","88,547,000","89,277,000","119,570,000","92,386,000","63,315,000","60,314,000","83,276,000","59,869,000","48,494,000","40,096,000","57,402,000","44,116,000","37,880,000","36,100,000","50,800,000","43,000,000","36,900,000","29,200,000","39,900,000","27,500,000","26,200,000","20,000,000","53,700,000","21,100,000","20,700,000","19,200,000","30,700,000","21,900,000","20,600,000","17,300,000","25,500,000","15,100,000","13,000,000","11,500,000","15,300,000","14,000,000","11,400,000","9,300,000",,,,
	SellingGeneralAndAdministration,"243,990,000","62,108,000","53,580,000","65,161,000","63,141,000","60,625,000","54,483,000","76,208,000","62,127,000","58,794,000","55,764,000","74,445,000","58,979,000","53,370,000","54,379,000","77,825,000","62,008,000","58,186,000","51,641,000","70,707,000","59,567,000","56,732,000","49,711,000","67,208,000","57,957,000","53,480,000","45,443,000","65,541,000","54,915,000","44,696,000","42,367,000","60,220,000","50,316,000","43,724,000","40,231,000","53,944,000","42,690,000","40,481,000","36,970,000","43,734,000","38,643,000","34,694,000","36,565,000","44,879,000","46,414,000","41,663,000","37,798,000","41,305,000","54,573,000","44,869,000","45,809,000","53,483,000","51,357,000","67,030,000","56,209,000","99,227,000","83,517,000","74,017,000","93,169,000","128,607,000","104,131,000","109,729,000","115,368,000","212,727,000","153,412,000","149,793,000","133,078,000","191,345,000","150,891,000","108,070,000","104,594,000","129,042,000","111,176,000","99,717,000","89,507,000","117,306,000","85,618,000","76,347,000","77,377,000","105,394,000","79,499,000","55,139,000","52,552,000","72,756,000","51,218,000","41,428,000","40,096,000","55,709,000","42,450,000","36,187,000","34,300,000","48,700,000","40,600,000","35,900,000","28,200,000","38,700,000","26,700,000","25,600,000","19,300,000","53,000,000","20,700,000","20,000,000","18,800,000","30,300,000","21,500,000","20,300,000","16,900,000","24,900,000","14,800,000","12,700,000","11,300,000","14,900,000","13,800,000","11,100,000","9,000,000",,,,
		GeneralAndAdministrativeExpense,"168,865,000","45,530,000","37,767,000","43,382,000","42,186,000","39,741,000","37,976,000","49,361,000","41,276,000","40,050,000","39,699,000","44,608,000","40,749,000","37,372,000","38,642,000","48,048,000","42,473,000","40,852,000","37,285,000","44,624,000","40,794,000","40,100,000","36,388,000","42,604,000","40,457,000","38,898,000","31,669,000","40,659,000","37,669,000","32,727,000","31,441,000","39,431,000","35,994,000","32,628,000","28,410,000","36,428,000","29,612,000","28,795,000","26,328,000","27,671,000","27,867,000","26,319,000","28,194,000",,,,,,,,,,,,,,,,,,,,,,,,,,,,,,,,,,,,,,,,,,,,,,,,,,,,,,,,,,,,,,,,,,,,,,,,,,,,
			OtherGandA,"168,865,000","45,530,000","37,767,000","43,382,000","42,186,000","39,741,000","37,976,000","49,361,000","41,276,000","40,050,000","39,699,000","44,608,000","40,749,000","37,372,000","38,642,000","48,048,000","42,473,000","40,852,000","37,285,000","44,624,000","40,794,000","40,100,000","36,388,000","42,604,000","40,457,000","38,898,000","31,669,000","40,659,000","37,669,000","32,727,000","31,441,000","39,431,000","35,994,000","32,628,000","28,410,000","36,428,000","29,612,000","28,795,000","26,328,000","27,671,000","27,867,000","26,319,000","28,194,000",,,,,,,,,,,,,,,,,,,,,,,,,,,,,,,,,,,,,,,,,,,,,,,,,,,,,,,,,,,,,,,,,,,,,,,,,,,,
		SellingAndMarketingExpense,"75,125,000","16,578,000","15,813,000","21,779,000","20,955,000","20,884,000","16,507,000","26,847,000","20,851,000","18,744,000","16,065,000","29,837,000","18,230,000","15,998,000","15,737,000","29,777,000","19,535,000","17,334,000","14,356,000","26,083,000","18,773,000","16,632,000","13,323,000","24,604,000","17,500,000","14,582,000","13,774,000","24,882,000","17,246,000","11,969,000","10,926,000","20,789,000","14,322,000","11,096,000","11,821,000","17,516,000","13,078,000","11,686,000","10,642,000","16,063,000","10,776,000","8,375,000","8,371,000",,,,,,,,,,,,,,,,,,,,,,,,,,,,,,,,,,,,,,,,,,,,,,,,,,,,,,,,,,,,,,,,,,,,,,,,,,,,
	DepreciationAmortizationDepletionIncomeStatement,"13,083,000","3,031,000","2,881,000","3,482,000","3,689,000","3,683,000","3,122,000","4,806,000","3,780,000","3,627,000","3,427,000","5,847,000","3,242,000","2,900,000","2,770,000","4,578,000","3,656,000","3,066,000","2,507,000","4,870,000","3,307,000","3,155,000","2,677,000","4,360,000","3,387,000","3,056,000","2,991,000","4,719,000","3,497,000","2,781,000","2,341,000","4,141,000","3,400,000","2,831,000","2,907,000","4,023,000","2,953,000","3,093,000","2,715,000","4,174,000","3,743,000","3,190,000","2,403,000","3,626,000","2,660,000","2,075,000","1,913,000","3,083,000","3,620,000","2,747,000","3,424,000","5,657,000","4,957,000","4,339,000","3,783,000","9,294,000","6,046,000","6,226,000","6,058,000","10,425,000","7,880,000",,,,,,,,,,,,,,,,,,,,,,,,,,,"1,693,000","1,666,000","1,693,000","1,800,000","2,100,000","2,400,000","1,000,000","1,000,000","1,200,000","800,000","600,000","700,000","700,000","400,000","700,000","400,000","400,000","400,000","300,000","400,000","600,000","300,000","300,000","200,000","400,000","200,000","300,000","300,000",,,,
		DepreciationAndAmortizationInIncomeStatement,"13,083,000","3,031,000","2,881,000","3,482,000","3,689,000","3,683,000","3,122,000","4,806,000","3,780,000","3,627,000","3,427,000","5,847,000","3,242,000","2,900,000","2,770,000","4,578,000","3,656,000","3,066,000","2,507,000","4,870,000","3,307,000","3,155,000","2,677,000","4,360,000","3,387,000","3,056,000","2,991,000","4,719,000","3,497,000","2,781,000","2,341,000","4,141,000","3,400,000","2,831,000","2,907,000","4,023,000","2,953,000","3,093,000","2,715,000","4,174,000","3,743,000","3,190,000","2,403,000","3,626,000","2,660,000","2,075,000","1,913,000","3,083,000","3,620,000","2,747,000","3,424,000","5,657,000","4,957,000","4,339,000","3,783,000","9,294,000","6,046,000","6,226,000","6,058,000","10,425,000","7,880,000",,,,,,,,,,,,,,,,,,,,,,,,,,,"1,693,000","1,666,000","1,693,000","1,800,000","2,100,000","2,400,000","1,000,000","1,000,000","1,200,000","800,000","600,000","700,000","700,000","400,000","700,000","400,000","400,000","400,000","300,000","400,000","600,000","300,000","300,000","200,000","400,000","200,000","300,000","300,000",,,,
	OtherOperatingExpenses,,,,,,,,,,,,,,,,,,,,,,,,,,,,,,,,,,,,,,,,,,,,,,,,,,,,,,,"16,143,000","0","4,365,000","48,105,000",,"23,003,000","29,752,000",,,,,,,"0",,"130,235,000",,,,,,"-38,149,000","21,619,000","12,200,000","11,900,000",,"12,887,000","8,176,000","7,762,000",,"8,651,000","7,066,000",,,,,,,,,,,,,,,,,,,,,,,,,,,,,,,,,
OperatingIncome,"191,113,000","54,611,000","40,939,000","46,870,000","48,693,000","33,618,000","17,688,000","35,586,000","23,151,000","16,424,000","3,946,000","36,005,000","9,543,000","-138,950,000","3,506,000","43,462,000","17,580,000","13,825,000","6,681,000","37,783,000","15,569,000","7,511,000","1,275,000","30,838,000","16,309,000","3,030,000","9,148,000","36,945,000","17,696,000","6,436,000","-9,490,000","23,452,000","15,088,000","5,617,000","11,532,000","22,079,000","8,472,000","311,000","-3,601,000","-6,510,000","-21,155,000","-17,694,000","-16,699,000","-24,163,000","-35,239,000","-44,979,000","-28,323,000","-44,282,000","-18,054,000","-21,574,000","-29,912,000","-26,433,000","-50,693,000","-102,699,000","-62,326,000","-117,905,000","-141,344,000","-290,215,000","-199,267,000","-205,473,000","-181,815,000","-64,317,000","-94,259,000","151,326,000","155,895,000","164,702,000","139,752,000","255,517,000","178,637,000","-58,114,000","110,878,000","128,201,000","96,238,000","77,844,000","75,652,000","92,634,000","65,968,000","61,487,000","59,066,000","64,100,000","53,721,000","38,255,000","37,098,000","38,278,000","31,885,000","29,074,000","29,990,000","7,656,000","28,195,000","21,051,000","18,700,000","6,200,000","23,400,000","19,400,000","12,700,000","6,800,000","13,700,000","10,400,000","5,800,000","-3,800,000","9,100,000","5,400,000","6,900,000","15,700,000","11,800,000","9,700,000","8,000,000","23,800,000","2,300,000","2,400,000","3,400,000","10,600,000","7,600,000","4,900,000","4,200,000","-139,400,000","61,900,000","67,200,000","30,300,000"
NetNonOperatingInterestIncomeExpense,,,,,,,,,,,,,,,,,,,,,,,,,,,,,,,,,,,,,,,,"-16,327,000","-17,233,000","-18,800,000","-19,100,000","-17,712,000","-17,707,000","-19,100,000","-18,923,000",,"-17,381,000","-19,565,000","-20,532,000",,"-23,727,000","-21,022,000",,,,,,,,,,,,,,,,,,,,,,,,,,,,,,,,,,,,,,,,,,,,,,,,,,,,,,,,,,,,,,,,,
	InterestExpenseNonOperating,,,,,,,,,,,,,,,,,,,,,,,,,,,,,,,,,,,,,,,,"16,327,000","17,233,000","18,800,000","19,100,000","17,712,000","17,707,000","19,100,000","18,923,000",,"17,381,000","19,565,000","20,532,000",,"23,727,000","21,022,000",,,,,,,,,,,,,,,,,,,,,,,,,,,,,,,,,,,,,,,,,,,,,,,,,,,,,,,,,,,,,,,,,
	TotalOtherFinanceCost,,,,,,,,,,,,,,,,,,,,,,,,,,,,,,,,,,,,,,,,,,,,,,,,,,"18,037,000",,,,,,,,,,,,,,,,,,,,,,,,,,,,,,,,,,,,,,,,,,,,,,,,,,,,,,,,,,,,,,,,,,,,,
OtherIncomeExpense,"213,000","139,000","419,000","402,000","-747,000","-1,271,000","-1,527,000","-1,926,000","-2,900,000","-1,639,000","-1,353,000","-26,498,000","-98,000","-40,000","-106,000","-1,880,000","117,000","-1,197,000","-29,150,000","-132,000","-2,713,000","-19,470,000","-5,174,000","-17,196,000","-4,853,000","-8,240,000","-7,333,000","-6,264,000","-5,610,000","-8,391,000","-9,292,000","-3,178,000","-30,050,000","-13,897,000","-15,438,000","-13,212,000","-14,346,000","-19,765,000","-15,591,000","-41,471,000","477,000","-2,208,000","750,000","2,292,000","780,000","7,604,000","-1,807,000","-57,036,000","-21,537,000","44,167,000","-43,000","10,612,000","51,173,000","-8,341,000","-35,835,000","-22,330,000","-36,422,000","-93,035,000","-18,958,000","-51,425,000","-27,960,000","-4,998,000","-367,000","-6,435,000","1,607,000","1,912,000","4,455,000","4,279,000","3,938,000","-128,498,000","2,462,000","3,089,000","1,599,000","2,250,000","1,702,000","1,851,000","-6,283,000","1,277,000","1,959,000","3,103,000","3,550,000","1,378,000","854,000","812,000","780,000","-375,000","504,000","856,000","-3,608,000","-510,000","-900,000","-900,000","-300,000",,,"100,000","300,000","100,000","200,000","6,300,000","200,000","-6,200,000","200,000","0","100,000",,,"100,000",,,"200,000",,,,,,,,
	EarningsFromEquityInterest,"934,000","163,000","288,000","170,000","313,000","186,000","-75,000","209,000","4,000","147,000","-13,000","88,000","299,000","81,000","-64,000","-268,000","147,000","256,000","-101,000","158,000","158,000","33,000","22,000","60,000","62,000","-51,000","60,000","159,000","153,000","82,000","142,000","6,324,000","-81,000","-17,000","319,000","93,000","-310,000","68,000","36,000","329,000","48,000","4,000","-77,000","188,000","63,000","71,000","238,000","12,507,000","-12,492,000","-8,779,000","-43,000","492,000","-4,041,000","-8,341,000","-1,413,000","-6,245,000","-18,568,000","-40,361,000","-16,140,000","-28,142,000","-939,000","-7,692,000","-2,360,000","-1,581,000","127,000","330,000","352,000","1,871,000","2,951,000","301,000","-102,000",,,,,,,,,,,,,,,,,,,,,,,,,,,,,,,,,,,,,,,,,,,,,,,,
	SpecialIncomeCharges,"-1,626,000","-164,000",,"-412,000","-1,050,000","-563,000",,"0","0","0",,"-25,494,000","358,000","216,000","0","-1,935,000",,,"-25,904,000","2,933,000","0","-15,563,000","0","-11,393,000","429,000","-1,631,000","-828,000","-80,000","0","0",,"0","-19,764,000","-153,000",,"-998,000","0","-3,638,000",,"-41,800,000","429,000","-2,212,000","827,000","2,104,000","717,000","7,533,000","-2,045,000","-69,543,000","-9,045,000","52,946,000","0","10,120,000","55,214,000","0","-34,422,000","-16,085,000","-17,854,000","-52,674,000","-2,818,000","-23,283,000","-27,021,000","2,694,000","1,993,000","-4,854,000","1,480,000","1,582,000","4,103,000","2,408,000","987,000","-128,799,000","2,564,000","1,528,000","1,599,000","2,250,000","1,702,000","1,851,000","-6,283,000","1,277,000","1,959,000","3,103,000","3,550,000","1,378,000","854,000","812,000","780,000","-375,000","504,000","856,000","-3,608,000","-510,000","-900,000","-900,000","-300,000",,,"100,000","300,000","100,000","200,000","6,300,000","200,000","-6,200,000","200,000","0","100,000",,,"100,000",,,"200,000",,,,,,,,
		ImpairmentOfCapitalAssets,,,,,,,,,,,,,,,,,,,,,,,,,,,,,,,,,,,,,,,,,,,,,,,,"0","0","0","0","0","0","0",,,,,,,,,,,,,,,,,,,,,,,,,,,,,,,,,,,,,,,,,,,,,,,,,,,,,,,,,,,,,,,,,
		OtherSpecialCharges,"1,626,000","164,000",,"412,000","1,050,000","563,000",,,,,,"25,494,000","-358,000","-216,000",,"1,935,000",,,"25,904,000","-2,933,000",,"15,563,000",,"11,393,000","-429,000","1,631,000","828,000","80,000",,,,"0","19,764,000","153,000",,"998,000",,"3,638,000",,,,,,,,"-7,533,000","2,045,000","69,543,000","9,045,000","-52,946,000",,"-10,120,000","-55,214,000",,,,,,,,,,,,,,,,,,,,,,,,,,,,,,,,,,,,,,,,,,,,,,,,,,,,,,,,,,,,,,,,,,
	OtherNonOperatingIncomeExpenses,"905,000","140,000","131,000","644,000","-10,000","-894,000","-1,452,000","-2,135,000","-2,904,000","-1,786,000","-1,340,000","-1,092,000","-755,000","-337,000","-42,000","323,000","-30,000","-1,453,000","-3,145,000","-3,223,000","-2,871,000","-3,940,000","-5,196,000","-5,863,000","-5,344,000","-6,558,000","-6,565,000","-6,343,000","-5,763,000","-8,473,000","-9,434,000","-9,502,000","-10,205,000","-13,727,000","-15,757,000","-12,307,000","-14,036,000","-16,195,000","-15,627,000",,,,,,,,,,,,,,,,,,,,,,,,,,,,,,,,,,,,,,,,,,,,,,,,,,,,,,,,,,,,,,,,,,,,,,,,,,,,,,,,
PretaxIncome,"191,326,000","54,750,000","41,358,000","47,272,000","47,946,000","32,347,000","16,161,000","33,660,000","20,251,000","14,785,000","2,593,000","9,507,000","9,445,000","-138,990,000","3,400,000","41,582,000","17,697,000","12,628,000","-22,469,000","37,651,000","12,856,000","-11,959,000","-3,899,000","13,642,000","11,456,000","-5,210,000","1,815,000","30,681,000","12,086,000","-1,955,000","-18,782,000","20,274,000","-14,962,000","-8,280,000","-3,906,000","8,867,000","-5,874,000","-19,454,000","-19,192,000","-64,308,000","-37,911,000","-38,702,000","-35,049,000","-39,583,000","-52,166,000","-56,475,000","-49,053,000","-47,367,000","-55,974,000","4,556,000","-49,486,000","44,137,000","-21,890,000","-126,775,000","-82,018,000","-140,215,000","-173,401,000","-335,145,000","-218,225,000","-233,895,000","-180,023,000","-69,315,000","-94,626,000","144,891,000","157,502,000","166,614,000","144,207,000","259,796,000","182,575,000","-56,377,000","113,340,000","131,290,000","97,837,000","80,094,000","77,354,000","94,485,000","67,255,000","62,764,000","61,025,000","67,203,000","57,271,000","39,633,000","37,952,000","39,090,000","32,665,000","28,699,000","23,496,000","27,359,000","17,335,000","14,469,000","12,300,000","23,100,000","16,700,000","13,200,000","7,600,000","19,300,000","9,000,000","6,200,000","2,900,000","12,200,000","5,600,000","-4,100,000","4,400,000","11,200,000","8,000,000","6,100,000","4,800,000","10,600,000","2,300,000","2,500,000","3,500,000","10,600,000","7,700,000","4,900,000","4,200,000",,,,
TaxProvision,"26,252,000","10,072,000","6,463,000","-1,087,000","10,804,000","7,704,000","4,125,000","9,033,000","4,981,000","4,170,000","-211,000","7,043,000","-2,180,000","-38,158,000","-3,922,000","-18,902,000","4,268,000","1,012,000","108,106,000","3,958,000","5,742,000","-4,464,000","-2,540,000","14,431,000","5,349,000","-3,898,000","616,000","-323,843,000","-135,000","105,000","-696,000","-40,014,000","-1,769,000","-56,000","42,000","-2,461,000","-432,000","-343,000","-253,000","-3,909,000","145,000","-836,000","-35,747,000","2,796,000","3,589,000","-2,426,000","-593,000","5,736,000","-28,382,000","-1,688,000","-94,021,000","-550,000","5,990,000","-12,008,000","-1,963,000","334,935,000","-63,707,000","-106,422,000","-79,989,000","-78,663,000","-61,276,000","-26,226,000","-35,620,000","53,018,000","54,878,000","62,263,000","54,294,000","95,372,000","69,835,000","27,967,000","43,636,000","51,203,000","38,157,000","31,236,000","30,168,000","37,321,000","26,566,000","24,792,000","24,105,000","26,545,000","22,622,000","15,456,000","14,802,000","15,245,000","12,740,000","11,192,000","9,164,000","10,670,000","6,761,000","5,643,000","4,800,000","9,200,000","6,400,000","5,100,000","2,900,000","7,300,000","3,400,000","2,400,000","1,100,000","4,700,000","2,200,000","-1,600,000","1,700,000","4,300,000","3,200,000","2,400,000","1,900,000","4,200,000","900,000","1,000,000","1,400,000","4,200,000","3,200,000","1,900,000","1,600,000",,,,
NetIncomeCommonStockholders,"165,053,000","44,672,000","34,885,000","48,361,000","37,135,000","24,528,000","11,997,000","23,678,000","15,188,000","10,614,000","2,746,000","2,429,000","11,602,000","-100,862,000","7,311,000","60,605,000","13,409,000","11,558,000","-130,947,000","33,654,000","7,123,000","-7,535,000","-1,429,000","-854,000","5,782,000","-1,234,000","999,000","356,255,000","12,175,000","-1,996,000","-22,340,000","59,847,000","-12,355,000","-7,971,000","-5,138,000","11,948,000","-5,788,000","-19,640,000","-20,388,000","-66,233,000","-39,884,000","-39,948,000","739,000","-43,176,000","-59,120,000","-53,755,000","-48,808,000","-59,530,000","-27,816,000","5,298,000","47,999,000","33,791,000","-27,976,000","-114,923,000","-80,275,000","-473,941,000","-109,842,000","-229,893,000","-138,236,000","-155,232,000","-118,747,000","-43,089,000","-59,006,000","91,873,000","102,624,000","104,351,000","89,913,000","164,424,000","112,740,000","-84,344,000","69,704,000","80,087,000","59,680,000","48,858,000","47,186,000","57,164,000","40,689,000","37,972,000","36,920,000","40,658,000","34,649,000","24,177,000","23,150,000","23,845,000","19,192,000","17,507,000","14,332,000","16,689,000","10,574,000","8,826,000","7,500,000","13,900,000","10,300,000","6,100,000","3,700,000","11,000,000","4,600,000","2,800,000","800,000","6,500,000","2,400,000","-3,500,000","1,700,000","5,900,000","3,800,000","2,700,000","1,900,000","5,800,000","1,400,000","1,500,000","2,100,000","6,400,000","4,500,000","3,000,000","2,600,000","6,000,000","2,000,000","3,200,000","4,900,000"
	NetIncome,"165,053,000","44,672,000","34,885,000","48,361,000","37,135,000","24,528,000","11,997,000","23,678,000","15,188,000","10,614,000","2,746,000","2,429,000","11,602,000","-100,862,000","7,311,000","60,605,000","13,409,000","11,558,000","-130,947,000","33,654,000","7,123,000","-7,535,000","-1,429,000","-854,000","5,782,000","-1,234,000","999,000","356,255,000","12,175,000","-1,996,000","-22,340,000","59,847,000","-12,355,000","-7,971,000","-5,138,000","11,948,000","-5,788,000","-19,640,000","-20,388,000","-66,233,000","-39,884,000","-39,948,000","739,000","-43,176,000","-59,120,000","-53,755,000","-48,808,000","-59,530,000","-27,816,000","5,298,000","47,999,000","33,791,000","-27,976,000","-114,923,000","-80,275,000","-473,941,000","-109,842,000","-229,893,000","-138,236,000","-155,232,000","-118,747,000","-43,089,000","-59,006,000","91,873,000","102,624,000","104,351,000","89,913,000","164,424,000","112,740,000","-84,344,000","69,704,000","80,087,000","59,680,000","48,858,000","47,186,000","57,164,000","40,689,000","37,972,000","36,920,000","40,658,000","34,649,000","24,177,000","23,150,000","23,845,000","19,192,000","17,507,000","14,332,000","16,689,000","10,574,000","8,826,000","7,500,000","13,900,000","10,300,000","8,100,000","4,700,000","12,000,000","5,600,000","3,800,000","1,800,000","7,500,000","3,400,000","-2,500,000","2,700,000","6,900,000","4,800,000","3,700,000","2,900,000","6,400,000","1,400,000","1,500,000","2,100,000","6,400,000","4,500,000","3,000,000","2,600,000","6,000,000","2,000,000","3,200,000","4,900,000"
		NetIncomeIncludingNoncontrollingInterests,"165,053,000","44,672,000","34,885,000","48,361,000","37,135,000","24,528,000","11,997,000","23,678,000","15,188,000","10,614,000","2,746,000","2,429,000","11,602,000","-100,862,000","7,311,000","60,605,000","13,409,000","11,558,000","-130,947,000","33,654,000","7,123,000","-7,535,000","-1,429,000","-854,000","5,782,000","-1,234,000","999,000","356,255,000","12,175,000","-1,996,000","-22,340,000","59,847,000","-12,355,000","-7,971,000","-5,138,000","11,948,000","-5,788,000","-19,640,000","-20,388,000","-66,233,000","-39,884,000","-39,948,000","739,000","-43,176,000","-59,120,000","-53,755,000","-48,808,000","-59,530,000","-27,816,000","5,298,000","47,999,000","33,791,000","-27,976,000","-114,923,000","-80,275,000","-473,941,000","-109,842,000","-229,893,000","-138,236,000","-155,232,000","-118,747,000","-43,089,000","-59,006,000","91,873,000","102,624,000","104,351,000","89,913,000","164,424,000","112,740,000","-84,344,000","69,704,000","80,087,000","59,680,000","48,858,000","47,186,000","57,164,000","40,689,000","37,972,000","36,920,000","40,658,000","34,649,000","24,177,000","23,150,000","23,845,000","19,192,000","17,507,000","14,332,000","16,689,000","10,574,000","8,826,000","7,500,000","13,900,000","10,300,000","8,100,000","4,700,000","12,000,000","5,600,000","3,800,000","1,800,000","7,500,000","3,400,000","-2,500,000","2,700,000","6,900,000","4,800,000","3,700,000","2,900,000","6,400,000","1,400,000","1,500,000","2,100,000","6,400,000","4,500,000","3,000,000","2,600,000","6,000,000","2,000,000","3,200,000","4,900,000"
			NetIncomeContinuousOperations,"165,074,000","44,678,000","34,895,000","48,359,000","37,142,000","24,643,000","12,036,000","24,627,000","15,270,000","10,615,000","2,804,000","2,464,000","11,625,000","-100,832,000","7,322,000","60,484,000","13,429,000","11,616,000","-130,575,000","33,693,000","7,114,000","-7,495,000","-1,359,000","-789,000","6,107,000","-1,312,000","1,199,000","354,524,000","12,221,000","-2,060,000","-18,086,000","60,288,000","-13,193,000","-8,224,000","-3,948,000","11,328,000","-5,442,000","-19,111,000","-18,939,000","-60,399,000","-38,056,000","-37,866,000","698,000","-42,379,000","-55,755,000","-54,049,000","-48,460,000","-53,103,000","-27,592,000","6,244,000","44,535,000","44,687,000","-27,880,000","-114,767,000","-80,055,000","-475,170,000","-109,694,000","-228,723,000","-138,236,000","-155,232,000","-118,747,000","-43,089,000","-59,006,000","91,873,000","102,624,000","104,351,000","89,913,000","164,424,000","112,740,000","-84,344,000","69,704,000","80,087,000","59,680,000","48,858,000","47,186,000","57,164,000","40,689,000","37,972,000","36,920,000","40,658,000","34,649,000","24,177,000","23,150,000","23,845,000","19,925,000","17,507,000","14,332,000","16,689,000","10,574,000","8,826,000","7,500,000","13,900,000","10,300,000","8,100,000","4,700,000","12,000,000","5,600,000","3,800,000","1,800,000","7,500,000","3,400,000","-2,500,000","2,700,000","6,900,000","4,800,000","3,700,000","2,900,000","6,400,000","1,400,000","1,500,000","2,100,000","6,400,000","4,500,000","3,000,000","2,600,000","6,000,000","2,000,000","3,200,000","1,100,000"
			NetIncomeDiscontinuousOperations,"-21,000","-6,000","-10,000","2,000","-7,000","-115,000","-39,000","-949,000","-82,000","-1,000","-58,000","-35,000","-23,000","-30,000","-11,000","121,000","-20,000","-58,000","-372,000","-39,000","9,000","-40,000","-70,000","-65,000","-325,000","78,000","-200,000","1,731,000","-46,000","64,000","-4,254,000","-441,000","838,000","253,000","-1,190,000","620,000","-346,000","-529,000","-1,449,000","-5,834,000","-1,828,000","-2,082,000","41,000","-797,000","-3,365,000","294,000","-348,000","-6,427,000","-224,000","-946,000","3,464,000","-10,896,000","-96,000","-156,000","-220,000","1,229,000","-148,000","-1,170,000",,,,,,,,,,,,,,,,,,,,,,,,,,,,,,,,,,,,,,,,,,,,,,,,,,,,,,,,,,,,,
			NetIncomeExtraordinary,,,,,,,,,,,,,,,,,,,,,,,,,,,,,,,,,,,,,,,,,,,,,,,,,,,,,,,,,,,,,,,,,,,,,,,,,,,,,,,,,,,,,,,,,,,,,,,,,,,,,,,,,,,,,,,,,,,,"0",,,"3,800,000"
			NetIncomeFromTaxLossCarryforward,,,,,,,,,,,,,,,,,,,,,,,,,,,,,,,,,,,,,,,,,,,,,,,,,,,,,,,,,,,,,,,,,,,,,,,,,,,,,,,,,,,,"0","-733,000",,,,,,,,,,,,,,,,,,,,,,,,,,,,,,,,,,
	PreferredStockDividends,,,,,,,,,,,,,,,,,,,,,,,,,,,,,,,,,,,,,,,,,,,,,,,,,,,,,,,,,,,,,,,,,,,,,,,,,,,,,,,,,,,,,,,,,,,,"0",,"2,000,000","1,000,000","1,000,000","1,000,000","1,000,000","1,000,000","1,000,000","1,000,000","1,000,000","1,000,000","1,000,000","1,000,000","1,000,000","1,000,000",,,,,,,,,,,,
DilutedNIAvailtoComStockholders,"165,053,000","44,672,000","34,885,000","48,361,000","37,135,000","24,528,000","11,997,000","23,678,000","15,188,000","10,614,000","2,746,000","2,429,000","11,602,000","-100,862,000","7,311,000","60,605,000","13,409,000","11,558,000","-130,947,000","33,654,000","7,123,000","-7,535,000","-1,429,000","-854,000","5,782,000","-1,234,000","999,000","356,255,000","12,175,000","-1,996,000","-22,340,000","59,847,000","-12,355,000","-7,971,000","-5,138,000","11,948,000","-5,788,000","-19,640,000","-20,388,000","-66,233,000","-39,884,000","-39,948,000","739,000","-43,176,000","-59,120,000","-53,755,000","-48,808,000","-59,530,000","-27,816,000","5,298,000","47,999,000","33,791,000","-27,976,000","-114,923,000","-80,275,000","-473,941,000","-109,842,000","-229,893,000","-138,236,000","-155,232,000","-118,747,000","-43,089,000","-59,006,000","91,873,000","102,624,000","104,351,000","89,913,000","164,424,000","112,740,000","-84,344,000","69,704,000","80,087,000","59,680,000","48,858,000","47,186,000","57,164,000","40,689,000","37,972,000","36,920,000","40,658,000","34,649,000","24,177,000","23,150,000","23,845,000","19,192,000","17,507,000","14,332,000","16,689,000","10,574,000","8,826,000","7,500,000","13,900,000","10,300,000","6,100,000","3,700,000","11,000,000","4,600,000","2,800,000","800,000","6,500,000","2,400,000","-3,500,000","1,700,000","5,900,000","3,800,000","2,700,000","1,900,000","5,800,000","1,400,000","1,500,000","2,100,000","6,400,000","4,500,000","3,000,000","2,600,000","6,000,000","2,000,000","3,200,000","4,900,000"
BasicEPS,,"1.46","1.15","1.61","1.24","0.82","0.4",,"0.51","0.36","0.09","0.08","0.38","-3.28","0.23","1.88","0.42","0.36","-4.08","1.05","0.22","-0.23","-0.04",,"0.18","-0.04","0.03","11.47","0.46","-0.08","-0.84","2.26","-0.47","-0.31","-0.21","0.48","-0.23","-0.8","-0.84",,"-2","-2.55","0.05",,"-4","-3.7","-3.3",,"-2.05","0.45","6.2",,"-3.6","-14.85","-10.4",,"-14.25","-29.8","-17.95",,"-15.45","-5.6","-7.7",,"13","12.9","11",,"13.9","-10.45","8.65",,"7.467","6.1","5.917",,"5.267","4.933","4.8",,"4.6","4.733","4.6",,"3.9","3.583","2.95",,"2.183","1.767","1.467",,"2.048","1.548","1.032",,"1.315","0.799","0.233",,"0.683","-0.899","0.433",,"0.982","0.683","0.483",,"0.266","0.266","0.383",,"0.799","0.549","0.433",,"0.366","0.599","0.899"
DilutedEPS,,"1.45","1.14","1.57","1.22","0.81","0.4",,"0.51","0.35","0.09","0.08","0.38","-3.28","0.23","1.84","0.41","0.35","-4.08","1.03","0.22","-0.23","-0.04",,"0.18","-0.04","0.03","11.21","0.38","-0.08","-0.84","1.88","-0.47","-0.31","-0.21","0.38","-0.23","-0.8","-0.84",,"-2.013","-2.55","0.05",,"-4","-3.7","-3.3",,"-2.05","0.45","5.85",,"-3.6","-14.85","-10.4",,"-14.25","-29.8","-17.95",,"-15.45","-5.6","-7.7",,"11.85","11.75","10",,"12.5","-10.45","7.833",,"7.183","5.867","5.683",,"5.017","4.717","4.583",,"4.317","4.267","4.117",,"3.45","3.2","2.683",,"2.1","1.7","1.417",,"1.915","1.399","0.882",,"1.116","0.733","0.233",,"0.666","-0.899","0.433",,"0.882","0.666","0.483",,"0.266","0.266","0.383",,"0.799","0.549","0.433",,"0.366","0.599","0.899"
BasicAverageShares,,"30,594,000","30,336,000","30,069,000","30,022,000","29,953,000","29,771,000",,"29,597,000","29,868,000","29,746,000","29,545,000","30,250,000","30,714,000","31,801,000","32,221,000","32,147,000","32,140,000","32,055,000","31,974,000","31,971,000","31,969,000","31,893,000",,"31,813,000","31,808,000","31,757,000","31,055,000","26,482,000","26,480,000","26,457,000","26,425,000","26,421,000","25,320,000","25,009,000","24,888,000","24,770,000","24,654,000","24,294,000",,"19,810,000","15,710,600","14,833,000",,"14,796,400","14,786,000","14,775,600",,"13,662,000","11,662,800","7,765,400",,"7,763,000","7,732,400","7,718,600",,"7,710,200","7,709,600","7,707,800",,"7,691,800","7,685,400","7,656,000",,"7,887,000","8,088,400","8,191,600",,"8,099,400","8,081,800","8,059,200",,"7,992,000","7,998,600","7,968,600",,"7,714,200","7,689,000","7,686,600",,"7,527,000","5,114,400","5,041,200",,"4,917,000","4,890,600","4,861,200",,"4,852,800","4,984,800","5,118,000",,"5,029,420","3,939,423","3,584,229",,"3,497,168","3,503,504","3,432,003",,"3,515,711","3,858,858","3,878,678",,"3,868,275","3,955,175","3,934,969",,"5,255,255","5,630,631","5,483,745",,"5,630,631","5,460,005","6,006,006",,"5,460,005","5,338,672","5,449,894"
DilutedAverageShares,,"30,823,000","30,724,000","30,867,000","30,562,000","30,215,000","30,086,000",,"29,674,000","29,975,000","30,138,000","30,169,000","30,489,000","30,714,000","32,055,000","33,002,000","32,726,000","32,721,000","32,055,000","32,576,000","32,375,000","31,969,000","31,893,000",,"31,820,000","31,808,000","31,844,000","31,773,000","31,800,000","26,480,000","26,457,000","31,782,000","26,421,000","25,320,000","25,009,000","31,560,000","24,770,000","24,654,000","24,294,000",,"19,810,000","15,710,600","17,421,200",,"14,796,400","14,786,000","14,775,600",,"13,662,000","13,829,400","8,387,800",,"7,763,000","7,732,400","7,718,600",,"7,710,200","7,709,600","7,707,800",,"7,691,800","7,685,400","7,656,000",,"8,785,800","9,013,200","9,121,400",,"9,133,200","8,081,800","9,060,000",,"8,305,800","8,319,000","8,297,400",,"8,118,000","8,041,800","8,054,400",,"8,032,800","5,675,400","5,617,800",,"5,550,000","5,479,200","5,350,200",,"5,047,200","5,171,400","5,295,000",,"5,379,292","4,361,504","4,192,872",,"4,123,527","3,822,004","3,432,003",,"3,603,604","3,858,858","3,878,678",,"4,306,193","4,054,054","3,934,969",,"5,255,255","5,630,631","5,483,745",,"5,630,631","5,460,005","6,006,006",,"5,460,005","5,338,672","5,449,894"
TotalOperatingIncomeAsReported,"191,113,000","54,611,000","40,939,000","46,870,000","48,693,000","33,618,000","17,688,000","35,586,000","23,151,000","16,424,000","3,946,000","36,005,000","9,543,000","-138,950,000","3,506,000","43,462,000","17,580,000","13,825,000","6,681,000","37,783,000","15,569,000","7,511,000","1,275,000","30,838,000","16,309,000","3,030,000","9,148,000","36,945,000","17,696,000","6,436,000","-9,490,000","23,452,000","15,088,000","5,617,000","11,532,000","22,079,000","8,472,000","311,000","-3,601,000","-6,510,000","-21,155,000","-17,694,000","-16,699,000","-24,163,000","-35,239,000","-44,979,000","-28,323,000","-44,282,000","-18,054,000","-21,574,000","-29,912,000","-26,433,000","-50,693,000","-102,699,000","-62,326,000","-117,905,000","-141,344,000","-290,215,000","-199,267,000","-205,473,000","-181,815,000","-64,317,000","-94,259,000","151,326,000","155,895,000","164,702,000","139,752,000","255,517,000","178,637,000","-58,114,000","110,878,000","128,201,000","96,238,000","77,844,000","75,652,000","92,634,000","65,968,000","61,487,000","59,066,000","64,100,000","53,721,000","38,255,000","37,098,000","38,278,000","31,885,000","29,074,000","29,990,000","7,656,000","28,195,000","21,051,000","18,700,000","6,200,000","23,400,000","19,400,000","12,700,000","6,800,000","13,700,000","10,400,000","5,800,000","-3,800,000","9,100,000","5,400,000","6,900,000","15,700,000","11,800,000","9,700,000","8,000,000","23,800,000","2,300,000","2,400,000","3,400,000","10,600,000","7,600,000","4,900,000","4,200,000",,,,
TotalExpenses,"1,933,417,000","453,895,000","413,210,000","544,073,000","522,239,000","516,271,000","410,851,000","651,162,000","509,961,000","472,989,000","413,858,000","745,696,000","473,195,000","560,210,000","398,534,000","724,483,000","493,941,000","441,353,000","365,808,000","635,198,000","463,019,000","417,957,000","337,966,000","601,283,000","443,628,000","382,577,000","335,301,000","595,907,000","411,742,000","292,923,000","275,254,000","522,453,000","339,583,000","264,404,000","281,638,000","416,255,000","305,967,000","287,591,000","250,503,000","377,441,000","275,710,000","209,337,000","205,247,000","359,071,000","208,068,000","172,482,000","138,622,000","297,212,000","357,996,000","219,759,000","248,696,000","386,305,000","275,346,000","291,022,000","294,690,000","830,554,000","596,922,000","695,632,000","702,415,000","1,306,278,000","939,961,000","890,612,000","897,273,000","1,732,432,000","1,047,643,000","1,104,389,000","965,864,000","1,558,534,000","1,114,590,000","1,034,362,000","800,949,000","1,082,940,000","913,041,000","798,737,000","734,456,000","947,289,000","705,790,000","604,080,000","641,094,000","840,231,000","690,092,000","465,057,000","452,619,000","578,727,000","416,940,000","345,223,000","335,060,000","488,946,000","361,362,000","311,910,000","290,000,000","448,000,000","347,000,000","307,900,000","229,400,000","358,800,000","221,100,000","210,900,000","149,800,000","320,400,000","186,500,000","172,400,000","154,200,000","279,100,000","205,300,000","186,800,000","150,200,000","246,800,000","149,100,000","121,100,000","98,900,000","173,700,000","146,800,000","108,500,000","80,200,000",,,,
NetIncomeFromContinuingAndDiscontinuedOperation,"165,053,000","44,672,000","34,885,000","48,361,000","37,135,000","24,528,000","11,997,000","23,678,000","15,188,000","10,614,000","2,746,000","2,429,000","11,602,000","-100,862,000","7,311,000","60,605,000","13,409,000","11,558,000","-130,947,000","33,654,000","7,123,000","-7,535,000","-1,429,000","-854,000","5,782,000","-1,234,000","999,000","356,255,000","12,175,000","-1,996,000","-22,340,000","59,847,000","-12,355,000","-7,971,000","-5,138,000","11,948,000","-5,788,000","-19,640,000","-20,388,000","-66,233,000","-39,884,000","-39,948,000","739,000","-43,176,000","-59,120,000","-53,755,000","-48,808,000","-59,530,000","-27,816,000","5,298,000","47,999,000","33,791,000","-27,976,000","-114,923,000","-80,275,000","-473,941,000","-109,842,000","-229,893,000","-138,236,000","-155,232,000","-118,747,000","-43,089,000","-59,006,000","91,873,000","102,624,000","104,351,000","89,913,000","164,424,000","112,740,000","-84,344,000","69,704,000","80,087,000","59,680,000","48,858,000","47,186,000","57,164,000","40,689,000","37,972,000","36,920,000","40,658,000","34,649,000","24,177,000","23,150,000","23,845,000","19,925,000","17,507,000","14,332,000","16,689,000","10,574,000","8,826,000","7,500,000","13,900,000","10,300,000","8,100,000","4,700,000","12,000,000","5,600,000","3,800,000","1,800,000","7,500,000","3,400,000","-2,500,000","2,700,000","6,900,000","4,800,000","3,700,000","2,900,000","6,400,000","1,400,000","1,500,000","2,100,000","6,400,000","4,500,000","3,000,000","2,600,000","6,000,000","2,000,000","3,200,000","1,100,000"
NormalizedIncome,"166,476,895.184","44,811,824","34,895,000","48,659,760","37,955,750","25,072,006","12,036,000","24,627,000","15,270,000","10,615,000","2,804,000","21,074,620","11,363,660","-100,988,600","7,322,000","61,896,550","13,429,000","11,616,000","-115,032,600","31,068,326.844","7,114,000","2,263,001","-1,359,000","6,046,800","5,849,600","-333,400","1,746,308","354,572,000","12,221,000","-2,060,000","-18,086,000","60,288,000","4,238,848","-8,072,071","-3,948,000","11,976,700","-5,442,000","-15,538,484","-18,939,000","-21,139,837.843","-38,334,850","-35,701,781.303","160,450","-43,746,600","-56,221,050","-61,258,404.462","-46,439,721.933","-7,900,050","-21,712,750","-28,170,900","44,535,000","38,109,000","-63,769,100","-114,767,000","-46,456,848.253","-464,714,750","-98,399,505.297","-192,775,110.871","-136,450,920.16","-139,779,482.178","-100,923,373.647","-44,763,699.069","-60,248,776.383","94,950,841.564","101,659,672.436","103,360,187.211","87,354,781.335","162,899,985.034","112,130,527.838","-7,064,600","68,127,142.262","79,154,918.836","58,704,619.316","47,485,481.459","46,147,778.68","56,044,133.736","44,490,189.309","37,199,419.476","35,734,809.013","38,780,676.458","32,501,247.211","23,336,389.751","22,629,076.202","23,349,677.923","19,449,215.521","17,735,757.971","14,024,572.012","16,166,839.687","12,774,807.153","9,137,096.828","8,048,780.488","14,441,558.442","10,485,029.94","8,100,000","4,700,000","11,937,823.834","5,413,333.333","3,738,709.677","1,675,862.069","3,627,049.18","3,278,571.429","1,280,487.805","2,577,272.727","6,900,000","4,740,000","3,700,000","2,900,000","6,339,622.642","1,400,000","1,500,000","1,980,000","6,400,000","4,500,000","3,000,000","2,600,000","6,000,000","2,000,000","3,200,000","1,100,000"
InterestExpense,,,,,,,,,,,,,,,,,,,,,,,,,,,,,,,,,,,,,,,,"16,327,000","17,233,000","18,800,000","19,100,000","17,712,000","17,707,000","19,100,000","18,923,000",,"17,381,000","19,565,000","20,532,000",,"23,727,000","21,022,000",,,,,,,,,,,,,,,,,,,,,,,,,,,,,,,,,,,,,,,,,,,,,,,,,,,,,,,,,,,,,,,,,
NetInterestIncome,,,,,,,,,,,,,,,,,,,,,,,,,,,,,,,,,,,,,,,,"-16,327,000","-17,233,000","-18,800,000","-19,100,000","-17,712,000","-17,707,000","-19,100,000","-18,923,000",,"-17,381,000","-19,565,000","-20,532,000",,"-23,727,000","-21,022,000",,,,,,,,,,,,,,,,,,,,,,,,,,,,,,,,,,,,,,,,,,,,,,,,,,,,,,,,,,,,,,,,,
EBIT,"191,113,000","54,611,000","40,939,000","46,870,000","48,693,000","33,618,000","17,688,000","35,586,000","23,151,000","16,424,000","3,946,000","36,005,000","9,543,000","-138,950,000","3,506,000","43,462,000","17,580,000","13,825,000","6,681,000","37,783,000","15,569,000","7,511,000","1,275,000","30,838,000","16,309,000","3,030,000","9,148,000","36,945,000","17,696,000","6,436,000","-9,490,000","23,452,000","15,088,000","5,617,000","11,532,000","22,079,000","8,472,000","311,000","-3,601,000","-47,981,000","-20,678,000","-19,902,000","-15,949,000","-21,871,000","-34,459,000","-37,375,000","-30,130,000","-70,396,000","-38,593,000","24,121,000","-28,954,000","-61,311,000","1,837,000","-105,753,000","-62,326,000","-117,905,000","-141,344,000","-290,215,000","-199,267,000","-205,473,000","-181,815,000","-64,317,000","-94,259,000","151,326,000","155,895,000","164,702,000","139,752,000","255,517,000","178,637,000","-58,114,000","110,878,000","128,201,000","96,238,000","77,844,000","75,652,000","92,634,000","65,968,000","61,487,000","59,066,000","64,100,000","53,721,000","38,255,000","37,098,000","38,278,000","31,885,000","29,074,000","29,990,000","7,656,000","28,195,000","21,051,000","18,700,000","6,200,000","23,400,000","19,400,000","12,700,000","6,800,000","13,700,000","10,400,000","5,800,000","-3,800,000","9,100,000","5,400,000","6,900,000","15,700,000","11,800,000","9,700,000","8,000,000","23,800,000","2,300,000","2,400,000","3,400,000","10,600,000","7,600,000","4,900,000","4,200,000","-139,400,000","61,900,000","67,200,000","30,300,000"
EBITDA,"204,196,000"
ReconciledCostOfRevenue,"1,676,344,000","388,756,000","356,749,000","475,430,000","455,409,000","451,963,000","353,246,000","570,148,000","444,054,000","410,568,000","354,667,000","665,404,000","410,974,000","503,940,000","341,385,000","642,080,000","428,277,000","380,101,000","311,660,000","559,621,000","400,145,000","358,070,000","285,578,000","529,715,000","382,284,000","326,041,000","286,867,000","525,647,000","353,330,000","245,446,000","230,546,000","458,092,000","285,867,000","217,849,000","238,500,000","358,288,000","260,324,000","244,017,000","210,818,000","329,533,000","233,314,000","171,449,000","166,258,000","310,517,000","158,712,000","128,695,000","98,857,000","252,297,000","299,799,000","172,143,000","199,463,000","327,017,000","219,032,000","219,653,000","218,555,000","722,033,000","502,994,000","567,199,000","603,188,000","1,144,243,000","787,911,000","780,883,000","781,905,000","1,519,705,000","894,231,000","954,596,000","832,786,000","1,367,189,000","963,699,000","796,057,000","696,355,000","953,898,000","801,865,000","699,020,000","644,949,000","868,132,000","598,553,000","515,533,000","551,817,000","720,661,000","597,706,000","401,742,000","392,305,000","495,451,000","357,071,000","296,729,000","294,964,000","431,544,000","317,246,000","274,030,000","253,900,000","397,200,000","305,100,000","270,900,000","200,200,000","318,900,000","193,600,000","184,700,000","129,800,000","266,700,000","165,300,000","151,800,000","135,000,000","248,400,000","183,400,000","166,200,000","132,900,000","221,300,000","134,000,000","108,100,000","87,400,000","158,400,000","132,700,000","97,200,000","70,900,000",,,,
ReconciledDepreciation,"13,083,000","3,031,000","2,881,000","3,482,000","3,689,000","3,683,000","3,122,000","4,806,000","3,780,000","3,627,000","3,427,000","5,847,000","3,242,000","2,900,000","2,770,000","4,578,000","3,656,000","3,066,000","2,507,000","4,870,000","3,307,000","3,155,000","2,677,000","4,360,000","3,387,000","3,056,000","2,991,000","4,719,000","3,497,000","2,781,000","2,341,000","4,141,000","3,400,000","2,831,000","2,907,000","4,023,000","2,953,000","3,093,000","2,715,000","4,174,000","3,753,000","3,194,000","2,424,000","3,675,000","2,942,000","2,124,000","1,967,000","3,610,000","3,624,000","2,747,000","3,424,000","5,805,000","4,957,000","4,339,000","3,783,000","9,294,000","6,046,000","6,311,000","6,058,000","10,425,000","18,167,000","2,451,000","2,551,000","2,653,000","2,590,000","351,000","4,710,000","5,863,000","5,676,000","5,142,000","4,493,000","3,655,000","4,065,000","4,021,000","4,014,000","3,623,000","3,913,000","2,953,000","2,731,000","3,131,000","2,485,000","1,870,000","1,967,000","3,082,000","2,043,000","2,044,000","2,084,000","1,693,000","1,666,000","1,693,000","1,800,000","2,100,000","1,300,000","1,100,000","1,000,000","1,200,000","800,000","600,000","700,000","700,000","500,000","600,000","400,000","400,000","400,000","300,000","400,000","600,000","300,000","300,000","200,000","400,000","300,000","200,000","300,000",,,,
NetIncomeFromContinuingOperationNetMinorityInterest,"165,074,000","44,678,000","34,895,000","48,359,000","37,142,000","24,643,000","12,036,000","24,627,000","15,270,000","10,615,000","2,804,000","2,464,000","11,625,000","-100,832,000","7,322,000","60,484,000","13,429,000","11,616,000","-130,575,000","33,693,000","7,114,000","-7,495,000","-1,359,000","-789,000","6,107,000","-1,312,000","1,199,000","354,524,000","12,221,000","-2,060,000","-18,086,000","60,288,000","-13,193,000","-8,224,000","-3,948,000","11,328,000","-5,442,000","-19,111,000","-18,939,000","-60,399,000","-38,056,000","-37,866,000","698,000","-42,379,000","-55,755,000","-54,049,000","-48,460,000","-53,103,000","-27,592,000","6,244,000","44,535,000","44,687,000","-27,880,000","-114,767,000","-80,055,000","-475,170,000","-109,694,000","-228,723,000","-138,236,000","-155,232,000","-118,747,000","-43,089,000","-59,006,000","91,873,000","102,624,000","104,351,000","89,913,000","164,424,000","112,740,000","-84,344,000","69,704,000","80,087,000","59,680,000","48,858,000","47,186,000","57,164,000","40,689,000","37,972,000","36,920,000","40,658,000","34,649,000","24,177,000","23,150,000","23,845,000","19,925,000","17,507,000","14,332,000","16,689,000","10,574,000","8,826,000","7,500,000","13,900,000","10,300,000","8,100,000","4,700,000","12,000,000","5,600,000","3,800,000","1,800,000","7,500,000","3,400,000","-2,500,000","2,700,000","6,900,000","4,800,000","3,700,000","2,900,000","6,400,000","1,400,000","1,500,000","2,100,000","6,400,000","4,500,000","3,000,000","2,600,000","6,000,000","2,000,000","3,200,000","1,100,000"
TotalUnusualItemsExcludingGoodwill,"-1,626,000","-164,000",,"-412,000","-1,050,000","-563,000",,"0","0","0",,"-25,494,000","358,000","216,000","0","-1,935,000",,,"-25,904,000","2,933,000","0","-15,563,000","0","-11,393,000","429,000","-1,631,000","-828,000","-80,000","0","0",,"0","-19,764,000","-153,000",,"-998,000","0","-3,638,000",,"-41,800,000","429,000","-2,212,000","827,000","2,104,000","717,000","7,533,000","-2,045,000","-69,543,000","-9,045,000","52,946,000","0","10,120,000","55,214,000","0","-34,422,000","-16,085,000","-17,854,000","-52,674,000","-2,818,000","-23,283,000","-27,021,000","2,694,000","1,993,000","-4,854,000","1,480,000","1,582,000","4,103,000","2,408,000","987,000","-128,799,000","2,564,000","1,528,000","1,599,000","2,250,000","1,702,000","1,851,000","-6,283,000","1,277,000","1,959,000","3,103,000","3,550,000","1,378,000","854,000","812,000","780,000","-375,000","504,000","856,000","-3,608,000","-510,000","-900,000","-900,000","-300,000",,,"100,000","300,000","100,000","200,000","6,300,000","200,000","-6,200,000","200,000","0","100,000",,,"100,000",,,"200,000",,,,,,,,
TotalUnusualItems,"-1,626,000","-164,000",,"-412,000","-1,050,000","-563,000",,"0","0","0",,"-25,494,000","358,000","216,000","0","-1,935,000",,,"-25,904,000","2,933,000","0","-15,563,000","0","-11,393,000","429,000","-1,631,000","-828,000","-80,000","0","0",,"0","-19,764,000","-153,000",,"-998,000","0","-3,638,000",,"-41,800,000","429,000","-2,212,000","827,000","2,104,000","717,000","7,533,000","-2,045,000","-69,543,000","-9,045,000","52,946,000","0","10,120,000","55,214,000","0","-34,422,000","-16,085,000","-17,854,000","-52,674,000","-2,818,000","-23,283,000","-27,021,000","2,694,000","1,993,000","-4,854,000","1,480,000","1,582,000","4,103,000","2,408,000","987,000","-128,799,000","2,564,000","1,528,000","1,599,000","2,250,000","1,702,000","1,851,000","-6,283,000","1,277,000","1,959,000","3,103,000","3,550,000","1,378,000","854,000","812,000","780,000","-375,000","504,000","856,000","-3,608,000","-510,000","-900,000","-900,000","-300,000",,,"100,000","300,000","100,000","200,000","6,300,000","200,000","-6,200,000","200,000","0","100,000",,,"100,000",,,"200,000",,,,,,,,
NormalizedEBITDA,"205,822,000","57,806,000","43,820,000","50,764,000","53,432,000","37,864,000","20,810,000","40,392,000","26,931,000","20,051,000","7,373,000","67,346,000","12,427,000","-136,266,000","6,276,000","49,975,000","21,236,000","16,891,000","35,092,000","39,720,000","18,876,000","26,229,000","3,952,000","46,591,000","19,267,000","7,717,000","12,967,000","41,744,000","21,193,000","9,217,000","-7,149,000","27,593,000","38,252,000","8,601,000","14,439,000","27,100,000","11,425,000","7,042,000","-886,000","-2,007,000","-17,354,000","-14,496,000","-14,352,000","-20,300,000","-32,234,000","-42,784,000","-26,118,000","2,757,000","-25,924,000","-26,078,000","-25,530,000","-65,626,000","-48,420,000","-101,414,000","-24,121,000","-92,526,000","-117,444,000","-231,230,000","-190,391,000","-171,765,000","-136,627,000","-64,560,000","-93,701,000","158,833,000","157,005,000","163,471,000","140,359,000","258,972,000","183,326,000","75,827,000","112,807,000","130,328,000","98,704,000","79,615,000","77,964,000","94,406,000","76,164,000","63,163,000","59,838,000","64,128,000","52,656,000","38,747,000","38,211,000","40,548,000","33,148,000","31,493,000","31,570,000","8,493,000","33,469,000","23,254,000","21,400,000","9,200,000","26,100,000","20,500,000","13,700,000","7,900,000","14,200,000","10,900,000","6,300,000","-9,400,000","9,400,000","12,300,000","7,100,000","16,100,000","12,100,000","10,000,000","8,400,000","24,300,000","2,600,000","2,700,000","3,400,000","11,000,000","7,900,000","5,200,000","4,500,000","-139,400,000","61,900,000","67,200,000","30,300,000"
TaxRateForCalcs,"0.137","0.184","0.156","0.27","0.225","0.238","0.255","0.268","0.246","0.282","0.27","0.27","0.27","0.275","0.27","0.27","0.241","0.08","0.4","0.105","0.4","0.373","0.4","0.4","0.4","0.4","0.339","0.4","0.4","0.4","0.037","0.35","0.118","0.007","0.35","0.35","0.074","0.018","0.013","0.061","0.35","0.022","0.35","0.35","0.35","0.043","0.012","0.35","0.35","0.35","0.35","0.35","0.35","0.095","0.024","0.35","0.367","0.318","0.367","0.336","0.34","0.378","0.376","0.366","0.348","0.374","0.377","0.367","0.383","0.4","0.385","0.39","0.39","0.39","0.39","0.395","0.395","0.395","0.395","0.395","0.395","0.39","0.39","0.39","0.39","0.39","0.39","0.39","0.39","0.39","0.39","0.398","0.383","0.386","0.382","0.378","0.378","0.387","0.379","0.385","0.393","0.39","0.386","0.384","0.4","0.393","0.396","0.396","0.391","0.4","0.4","0.396","0.4","0.388","0.381","0.4","0.4","0.4","0.4"
TaxEffectOfUnusualItems,"-223,104.816","-30,176","0","-111,240","-236,250","-133,994","0","0","0","0","0","-6,883,380","96,660","59,400","0","-522,450","0","0","-10,361,600","308,326.844","0","-5,804,999","0","-4,557,200","171,600","-652,400","-280,692","-32,000","0","0","0","0","-2,332,152","-1,071","0","-349,300","0","-65,484","0","-2,540,837.843","150,150","-47,781.303","289,450","736,400","250,950","323,595.538","-24,721.933","-24,340,050","-3,165,750","18,531,100","0","3,542,000","19,324,900","0","-823,848.253","-5,629,750","-6,559,505.297","-16,726,110.871","-1,032,920.16","-7,830,482.178","-9,197,373.647","1,019,300.931","750,223.617","-1,776,158.436","515,672.436","591,187.211","1,544,781.335","883,985.034","377,527.838","-51,519,600","987,142.262","595,918.836","623,619.316","877,481.459","663,778.68","731,133.736","-2,481,810.691","504,419.476","773,809.013","1,225,676.458","1,402,247.211","537,389.751","333,076.202","316,677.923","304,215.521","-146,242.029","196,572.012","333,839.687","-1,407,192.847","-198,903.172","-351,219.512","-358,441.558","-114,970.06","0","0","37,823.834","113,333.333","38,709.677","75,862.069","2,427,049.18","78,571.429","-2,419,512.195","77,272.727","0","40,000","0","0","39,622.642","0","0","80,000","0","0","0","0","0","0","0","0"