name,ttm,03/31/2022,12/31/2021,09/30/2021,06/30/2021,03/31/2021,12/31/2020,09/30/2020,06/30/2020,03/31/2020,12/31/2019,09/30/2019,06/30/2019,03/31/2019,12/31/2018,09/30/2018,06/30/2018,03/31/2018,12/31/2017,09/30/2017,06/30/2017,03/31/2017,12/31/2016,09/30/2016,06/30/2016,03/31/2016,12/31/2015,09/30/2015,06/30/2015,03/31/2015,12/31/2014,09/30/2014,06/30/2014,03/31/2014,12/31/2013,09/30/2013,06/30/2013,03/31/2013,12/31/2012,09/30/2012,06/30/2012,03/31/2012,12/31/2011,09/30/2011,06/30/2011,03/31/2011,12/31/2010,09/30/2010,06/30/2010,03/31/2010,12/31/2009,09/30/2009,06/30/2009,03/31/2009,12/31/2008,09/30/2008,06/30/2008,03/31/2008,12/31/2007,09/30/2007,06/30/2007,03/31/2007,12/31/2006,09/30/2006,06/30/2006,03/31/2006,12/31/2005,09/30/2005,06/30/2005,03/31/2005,12/31/2004,09/30/2004,06/30/2004,03/31/2004,12/31/2003,09/30/2003,06/30/2003,03/31/2003,12/31/2002,09/30/2002,06/30/2002,03/31/2002,12/31/2001,09/30/2001,06/30/2001,03/31/2001,12/31/2000,09/30/2000,06/30/2000,03/31/2000,12/31/1999,09/30/1999,06/30/1999,03/31/1999,12/31/1998,09/30/1998,06/30/1998,03/31/1998,12/31/1997,09/30/1997,06/30/1997,03/31/1997,12/31/1996,09/30/1996,06/30/1996,03/31/1996,12/31/1995,09/30/1995,06/30/1995,03/31/1995,12/31/1994,09/30/1994,06/30/1994,03/31/1994,12/31/1993,09/30/1993,06/30/1993,03/31/1993,12/31/1992,09/30/1992
TotalRevenue,"3,093,833,000","793,710,000","776,693,000","754,474,000","768,956,000","627,417,000","554,552,000","517,716,000","295,851,000","615,106,000","694,030,000","586,536,000","602,645,000","599,481,000","567,580,000","580,882,000","593,178,000","590,691,000","571,815,000","555,392,000","569,869,000","563,426,000","603,146,000","560,018,000","558,862,000","553,693,000","526,841,000","526,688,000","529,107,000","517,973,000","499,673,000","499,114,000","496,406,000","481,431,000","475,075,000","469,699,000","470,118,000","463,018,000","464,695,000","453,819,000","454,749,000","435,754,000","477,696,000","430,417,000","430,746,000","418,765,000","416,710,000","418,352,000","418,909,000","405,433,000","400,642,000","400,640,000","407,944,000","392,794,000","400,353,000","405,116,000","407,134,000","393,803,000","406,291,000","375,536,000","373,167,000","356,583,000","360,696,000","325,337,000","322,573,000","306,366,000","328,276,000","292,807,000","288,336,000","268,224,000","266,097,000","247,683,000","234,920,000","220,534,000","214,523,000","197,832,000","188,620,000","172,860,000","174,394,000","161,982,000","165,360,000","150,234,000","148,754,000","137,620,000","132,235,000","120,521,000","125,633,000","111,321,000","105,216,000","96,111,000","95,100,000","91,900,000","85,800,000","74,800,000","72,823,000","68,600,000","64,300,000","59,500,000","58,789,000","53,600,000","51,000,000","45,200,000","43,505,458","42,200,000","39,200,000","35,400,000","34,400,000","29,400,000","28,500,000","25,000,000","24,200,000","22,200,000","20,400,000","18,700,000","18,400,000","17,400,000","17,400,000","13,800,000","12,700,000","14,100,000"
	OperatingRevenue,"3,093,833,000","793,710,000","776,693,000","754,474,000","768,956,000","627,417,000","554,552,000","517,716,000","295,851,000","615,106,000","694,030,000","586,536,000","602,645,000","599,481,000","567,580,000","580,882,000","593,178,000","590,691,000","571,815,000","555,392,000","569,869,000","563,426,000","603,146,000","560,018,000","558,862,000","553,693,000","526,841,000","526,688,000","529,107,000","517,973,000","499,673,000","499,114,000","496,406,000","481,431,000","475,075,000","469,699,000","470,118,000","463,018,000","464,695,000","453,819,000","454,749,000","435,754,000","477,696,000","430,417,000","430,746,000","418,765,000","416,710,000","418,352,000","418,909,000","405,433,000","400,642,000","400,640,000","407,944,000","392,794,000","400,353,000","405,116,000","407,134,000","393,803,000","406,291,000","375,536,000","373,167,000","356,583,000","360,696,000","325,337,000","322,573,000","306,366,000","328,276,000","292,807,000","288,336,000","268,224,000","266,097,000","247,683,000","234,920,000","220,534,000","214,523,000","197,832,000","188,620,000","172,860,000","174,394,000","161,982,000","165,360,000","150,234,000","148,754,000","137,620,000","132,235,000","120,521,000","125,633,000","111,321,000","105,216,000","96,111,000","95,100,000","91,900,000","85,800,000","74,800,000","72,823,000","68,600,000","64,300,000","59,500,000","58,789,000","53,600,000","51,000,000","45,200,000","43,505,458","42,200,000","39,200,000","35,400,000","34,400,000","29,400,000","28,500,000","25,000,000","24,200,000","22,200,000","20,400,000","18,700,000","18,400,000","17,400,000","17,400,000","13,800,000","12,700,000","14,100,000"
CostOfRevenue,"1,844,418,000","484,264,000","467,023,000","449,375,000","443,756,000","365,607,000","345,321,000","318,759,000","194,951,000","377,887,000","409,053,000","346,541,000","352,359,000","353,497,000","336,789,000","338,135,000","345,657,000","346,433,000","331,246,000","320,919,000","321,844,000","322,974,000","342,646,000","315,405,000","312,144,000","316,431,000","298,244,000","297,706,000","295,118,000","297,781,000","288,845,000","287,307,000","281,444,000","278,812,000","266,029,000","263,340,000","264,109,000","265,276,000","-63,046,000","370,950,000","365,975,000","356,466,000","391,178,000","354,869,000","352,785,000","345,436,000","342,358,000","343,549,000","339,181,000","333,083,000","328,993,000","330,105,000","333,686,000","333,080,000","341,679,000","342,565,000","333,975,000","329,160,000","331,587,000","303,198,000","298,178,000","293,194,000","288,978,000","263,423,000","256,739,000","248,539,000","259,678,000","232,650,000","228,591,000","213,884,000","212,009,000","202,782,000","188,095,000","176,094,000","171,315,000","157,038,000","149,024,000","138,104,000","137,663,000","129,058,000","130,080,000","119,788,000","118,323,000","109,966,000","105,320,000","97,625,000","99,475,000","87,494,000","83,234,000","76,485,000","70,300,000","75,200,000","70,400,000","62,500,000","160,033,000","20,500,000","19,300,000","18,200,000","45,513,000","41,400,000","39,500,000","35,700,000","34,870,679","33,400,000","30,300,000","27,100,000","-26,800,000","22,600,000","21,700,000","19,200,000","-20,200,000","16,800,000","15,600,000","14,700,000","5,800,000","5,300,000","5,400,000","4,200,000","3,900,000","4,200,000"
GrossProfit,"1,249,415,000","309,446,000","309,670,000","305,099,000","325,200,000","261,810,000","209,231,000","198,957,000","100,900,000","237,219,000","284,977,000","239,995,000","250,286,000","245,984,000","230,791,000","242,747,000","247,521,000","244,258,000","240,569,000","234,473,000","248,025,000","240,452,000","260,500,000","244,613,000","246,718,000","237,262,000","228,597,000","228,982,000","233,989,000","220,192,000","210,828,000","211,807,000","214,962,000","202,619,000","209,046,000","206,359,000","206,009,000","197,742,000","527,741,000","82,869,000","88,774,000","79,288,000","86,518,000","75,548,000","77,961,000","73,329,000","74,352,000","74,803,000","79,728,000","72,350,000","71,649,000","70,535,000","74,258,000","59,714,000","58,674,000","62,551,000","73,159,000","64,643,000","74,704,000","72,338,000","74,989,000","63,389,000","71,718,000","61,914,000","65,834,000","57,827,000","68,598,000","60,157,000","59,745,000","54,340,000","54,088,000","44,901,000","46,825,000","44,440,000","43,208,000","40,794,000","39,596,000","34,756,000","36,731,000","32,924,000","35,280,000","30,446,000","30,431,000","27,654,000","26,915,000","22,896,000","26,158,000","23,827,000","21,982,000","19,626,000","24,800,000","16,700,000","15,400,000","12,300,000","-87,210,000","48,100,000","45,000,000","41,300,000","13,276,000","12,200,000","11,500,000","9,500,000","8,634,779","8,800,000","8,900,000","8,300,000","61,200,000","6,800,000","6,800,000","5,800,000","44,400,000","5,400,000","4,800,000","4,000,000","12,600,000","12,100,000","12,000,000","9,600,000","8,800,000","9,900,000"
OperatingExpense,"1,110,017,000","280,027,000","284,228,000","273,037,000","272,725,000","251,822,000","232,964,000","221,935,000","182,074,000","238,611,000","254,040,000","213,031,000","210,187,000","215,836,000","196,417,000","208,989,000","210,395,000","212,707,000","206,710,000","200,156,000","197,362,000","196,103,000","213,240,000","194,550,000","191,528,000","188,668,000","189,802,000","187,327,000","184,236,000","179,138,000","176,036,000","177,632,000","171,761,000","169,360,000","168,487,000","166,631,000","163,334,000","160,311,000","497,504,000","41,183,000","44,787,000","46,963,000","43,782,000","41,030,000","41,691,000","41,718,000","38,369,000","43,394,000","42,433,000","43,673,000","45,667,000","43,199,000","45,299,000","41,733,000","43,263,000","41,528,000","43,191,000","40,922,000","52,572,000","44,505,000","39,594,000","37,946,000","48,060,000","37,252,000","33,009,000","32,099,000","34,555,000","27,788,000","25,120,000","26,195,000","25,296,000","25,923,000","20,177,000","19,978,000","21,168,000","20,116,000","17,602,000","16,750,000","17,928,000","15,681,000","16,093,000","15,424,000","14,863,000","13,462,000","12,493,000","11,636,000","13,150,000","11,369,000","9,919,000","11,018,000","14,700,000","8,300,000","8,100,000","7,400,000","-90,824,000","42,700,000","40,000,000","37,600,000","9,442,000","7,900,000","7,900,000","7,100,000","7,578,027","6,400,000","6,000,000","6,000,000","58,500,000","4,400,000","3,900,000","3,500,000","41,600,000","2,900,000","2,600,000","2,500,000","10,900,000","10,200,000","10,000,000","8,500,000","7,500,000","8,400,000"
	SellingGeneralAndAdministration,"190,832,000","49,123,000","47,679,000","45,802,000","48,228,000","44,427,000","40,177,000","37,795,000","35,712,000","43,960,000","44,083,000","39,746,000","37,247,000","39,123,000","36,604,000","37,469,000","41,423,000","39,274,000","34,587,000","35,364,000","35,295,000","36,287,000","38,863,000","36,057,000","35,785,000","35,337,000","35,705,000","33,277,000","35,345,000","33,075,000","29,169,000","29,641,000","29,042,000","31,242,000","29,323,000","28,805,000","27,811,000","28,789,000","26,763,000","22,450,000","26,278,000","28,665,000","24,348,000","23,442,000","24,208,000","24,265,000","20,312,000","25,492,000","24,407,000","25,518,000","26,529,000","24,511,000","26,544,000","23,130,000","24,482,000","23,473,000","24,830,000","22,829,000","35,237,000","28,661,000","23,961,000","22,556,000","33,855,000","23,787,000","20,019,000","19,706,000","21,631,000","16,413,000","14,477,000","16,002,000","14,831,000","16,889,000","11,921,000","11,791,000","13,449,000","13,141,000","10,882,000","10,204,000","11,693,000","9,772,000","10,561,000","10,245,000","9,931,000","8,911,000","8,400,000","7,755,000","9,169,000","7,822,000","6,868,000","7,915,000","11,700,000","5,400,000","5,400,000","5,000,000","-86,964,000","38,500,000","36,000,000","33,400,000","5,200,000","4,800,000","4,700,000","4,300,000","4,934,312","3,400,000","3,400,000","3,500,000","56,500,000","3,000,000","2,500,000","2,300,000","40,600,000","1,900,000","1,800,000","1,700,000","10,100,000","9,600,000","9,500,000","8,100,000","7,200,000","8,000,000"
		GeneralAndAdministrativeExpense,"190,832,000","49,123,000","47,679,000","45,802,000","48,228,000","44,427,000","40,177,000","37,795,000","35,712,000","43,960,000","44,083,000","39,746,000","37,247,000","39,123,000","36,604,000","37,469,000","41,423,000","39,274,000","34,587,000","35,364,000","35,295,000","36,287,000","38,863,000","36,057,000","35,785,000","35,337,000","35,705,000","33,277,000","35,345,000","33,075,000","29,169,000","29,641,000","29,042,000","31,242,000","29,323,000","28,805,000","27,811,000","28,789,000","26,763,000","170,442,000","175,381,000","173,751,000",,"166,791,000","164,785,000","163,523,000",,"162,760,000","160,445,000","160,687,000",,"156,498,000","161,687,000",,,,,,,,,,,,,,,,,,,,,,,,,,,,,,,,,,,,,,,,,,,,,,,,,,,,,,,,,,,,,,,,,,,
			SalariesAndWages,,,,,,,,,,,,,,,,,,,,,,,,,,,,,,,,,,,,,,,,"145,630,000","146,086,000","142,980,000",,"139,085,000","139,469,000","137,498,000",,"137,268,000","136,038,000","135,169,000",,"131,987,000","135,143,000",,,,,,,,,,,,,,,,,,,,,,,,,,,,,,,,,,,,,,,,,,,,,,,,,,,,,,,,,,,,,,,,,,,
			OtherGandA,"190,832,000","49,123,000","47,679,000","45,802,000","48,228,000","44,427,000","40,177,000","37,795,000","35,712,000","43,960,000","44,083,000","39,746,000","37,247,000","39,123,000","36,604,000","37,469,000","41,423,000","39,274,000","34,587,000","35,364,000","35,295,000","36,287,000","38,863,000","36,057,000","35,785,000","35,337,000","35,705,000","33,277,000","35,345,000","33,075,000","29,169,000","29,641,000","29,042,000","31,242,000","29,323,000","28,805,000","27,811,000","28,789,000","26,763,000","24,812,000","29,295,000","30,771,000",,"27,706,000","25,316,000","26,025,000",,"25,492,000","24,407,000","25,518,000",,"24,511,000","26,544,000",,,,,,,,,,,,,,,,,,,,,,,,,,,,,,,,,,,,,,,,,,,,,,,,,,,,,,,,,,,,,,,,,,,
	DepreciationAmortizationDepletionIncomeStatement,"89,153,000","21,505,000","22,849,000","22,576,000","22,223,000","22,006,000","22,612,000","22,651,000","22,590,000","23,562,000","23,770,000","21,342,000","21,659,000","21,362,000","24,157,000","24,090,000","23,727,000","24,002,000","23,237,000","22,999,000","23,297,000","23,196,000","23,451,000","21,634,000","21,461,000","21,464,000","21,911,000","21,317,000","21,158,000","21,177,000","21,120,000","20,930,000","20,534,000","20,251,000","20,452,000","19,661,000","19,215,000","19,230,000","18,893,000","18,733,000","18,509,000","18,298,000","19,434,000","17,588,000","17,483,000","17,453,000","18,057,000","17,902,000","18,026,000","18,155,000","19,138,000","18,688,000","18,755,000","18,603,000","18,781,000","18,055,000","18,361,000","18,093,000","17,335,000","15,844,000","15,633,000","15,390,000","14,205,000","13,465,000","12,990,000","12,393,000","12,924,000","11,375,000","10,643,000","10,193,000","10,465,000","9,034,000","8,256,000","8,187,000","7,719,000","6,975,000","6,720,000","6,546,000","6,235,000","5,909,000","5,532,000","5,179,000","4,932,000","4,551,000","4,093,000","3,881,000","3,981,000","3,547,000","3,051,000","3,103,000","3,000,000","2,900,000","2,700,000","2,400,000","-3,860,000","4,200,000","4,000,000","4,200,000","-2,404,000","3,100,000","3,200,000","2,800,000","2,643,715","3,000,000","2,600,000","2,500,000","2,000,000","1,400,000","1,400,000","1,200,000","1,000,000","1,000,000","800,000","800,000","800,000","600,000","500,000","400,000","300,000","400,000"
		DepreciationAndAmortizationInIncomeStatement,"89,153,000","21,505,000","22,849,000","22,576,000","22,223,000","22,006,000","22,612,000","22,651,000","22,590,000","23,562,000","23,770,000","21,342,000","21,659,000","21,362,000","24,157,000","24,090,000","23,727,000","24,002,000","23,237,000","22,999,000","23,297,000","23,196,000","23,451,000","21,634,000","21,461,000","21,464,000","21,911,000","21,317,000","21,158,000","21,177,000","21,120,000","20,930,000","20,534,000","20,251,000","20,452,000","19,661,000","19,215,000","19,230,000","18,893,000","18,733,000","18,509,000","18,298,000","19,434,000","17,588,000","17,483,000","17,453,000","18,057,000","17,902,000","18,026,000","18,155,000","19,138,000","18,688,000","18,755,000","18,603,000","18,781,000","18,055,000","18,361,000","18,093,000","17,335,000","15,844,000","15,633,000","15,390,000","14,205,000","13,465,000","12,990,000","12,393,000","12,924,000","11,375,000","10,643,000","10,193,000","10,465,000","9,034,000","8,256,000","8,187,000","7,719,000","6,975,000","6,720,000","6,546,000","6,235,000","5,909,000","5,532,000","5,179,000","4,932,000","4,551,000","4,093,000","3,881,000","3,981,000","3,547,000","3,051,000","3,103,000","3,000,000","2,900,000","2,700,000","2,400,000","-3,860,000","4,200,000","4,000,000","4,200,000","-2,404,000","3,100,000","3,200,000","2,800,000","2,643,715","3,000,000","2,600,000","2,500,000","2,000,000","1,400,000","1,400,000","1,200,000","1,000,000","1,000,000","800,000","800,000","800,000","600,000","500,000","400,000","300,000","400,000"
	OtherOperatingExpenses,"830,032,000","209,399,000","213,700,000","204,659,000","202,274,000","185,389,000","170,175,000","161,489,000","123,772,000","171,089,000","186,187,000","151,943,000","151,281,000","155,351,000","135,656,000","147,430,000","145,245,000","149,431,000","148,886,000","141,793,000","138,770,000","136,620,000","150,926,000","136,859,000","134,282,000","131,867,000","132,186,000","132,733,000","127,733,000","124,886,000","125,747,000","127,061,000","122,185,000","117,867,000","118,712,000","118,165,000","116,308,000","112,292,000","115,905,000","113,700,000","108,870,000","105,888,000",,"106,510,000","103,392,000","103,274,000",,"104,208,000","100,391,000","99,311,000",,"102,341,000","99,259,000",,,,,,,,,,,,,,,,,,,,,,,,,,,,,,,,,,,,,,,,,,,,,,,,,,,,,,,,,,,,,,,,,,,
OperatingIncome,"139,398,000","29,419,000","25,442,000","32,062,000","52,475,000","9,988,000","-23,733,000","-22,978,000","-81,174,000","-1,392,000","30,937,000","26,964,000","40,099,000","30,148,000","34,374,000","33,758,000","37,126,000","31,551,000","33,859,000","34,317,000","50,663,000","44,349,000","47,260,000","50,063,000","55,190,000","48,594,000","38,795,000","41,655,000","49,753,000","41,054,000","34,792,000","34,175,000","43,201,000","33,259,000","40,559,000","39,728,000","42,675,000","37,431,000","30,237,000","41,686,000","43,987,000","32,325,000","42,736,000","34,518,000","36,270,000","31,611,000","35,983,000","31,409,000","37,295,000","28,677,000","25,982,000","27,336,000","28,959,000","17,981,000","15,411,000","21,023,000","29,968,000","23,721,000","22,132,000","27,833,000","35,395,000","25,443,000","23,658,000","24,662,000","32,825,000","25,728,000","34,043,000","32,369,000","34,625,000","28,145,000","28,792,000","18,978,000","26,648,000","24,462,000","22,040,000","20,678,000","21,994,000","18,006,000","18,803,000","17,243,000","19,187,000","15,022,000","15,568,000","14,192,000","14,422,000","11,260,000","13,008,000","12,458,000","12,063,000","8,608,000","10,100,000","8,400,000","7,300,000","4,900,000","3,614,000","5,400,000","5,000,000","3,700,000","3,834,000","4,300,000","3,600,000","2,400,000","1,056,752","2,400,000","2,900,000","2,300,000","2,700,000","2,400,000","2,900,000","2,300,000","2,800,000","2,500,000","2,200,000","1,500,000","1,700,000","1,900,000","2,000,000","1,100,000","1,300,000","1,500,000"
NetNonOperatingInterestIncomeExpense,"-9,465,000","-1,461,000","-1,504,000","-1,794,000","-4,706,000","-2,694,000","-1,580,000","-2,935,000","-2,566,000","-1,518,000","-2,480,000","6,000","-25,000","2,000","921,000","-3,290,000","-2,908,000","-1,506,000","-1,953,000","-1,600,000","-1,570,000","-1,256,000","-2,263,000","-2,477,000","-2,181,000","-2,304,000","-1,845,000","-722,000","-1,432,000","-1,895,000","-1,871,000","-1,381,000","-1,544,000","-1,391,000","-1,196,000","-727,000","-1,271,000","-1,310,000","-1,029,000","-1,710,000","-838,000","-1,148,000","-535,000","-1,135,000","-1,088,000","-1,318,000","-1,500,000","-1,728,000","-10,530,000","-2,858,000","-5,327,000","-5,554,000","-7,358,000","-4,822,000","-2,968,000","-3,470,000","-3,484,000","-3,017,000","-3,237,000","-1,837,000","-1,660,000","585,000","700,000","1,044,000","977,000",,"1,061,000","1,133,000",,,,,,"620,000",,,,,,,"994,000","996,000",,,"1,090,000","1,348,000",,"1,203,000","1,138,000","910,000",,,,,,,,,,,,,,,,,,,,,,,,,,,,,,
	InterestIncomeNonOperating,,,,,,,,,,,,,,,,,,,,,,,,,,,,,,,,,,,,,,,,,,,"730,000","33,000","40,000","39,000","4,000","20,000","17,000","151,000","23,000","40,000","101,000","208,000","321,000","410,000","596,000","522,000",,,,,,,,,,,,,,,,,,,,,,,,,,,,,,,,,,,,,,,,,,,,,,,,,,,,,,,,,,,,,,
	InterestExpenseNonOperating,"9,465,000","1,461,000","1,504,000","1,794,000","4,706,000","2,694,000",,,"2,566,000",,,,,,,,,,,,,,,,,,,,,,,,,,,,,,,"1,710,000","838,000","1,148,000","1,265,000","1,168,000","1,128,000","1,357,000","1,504,000","1,748,000","10,547,000","3,009,000","5,350,000","5,594,000","7,459,000","5,030,000","3,289,000","3,880,000","4,080,000","3,539,000",,,,,,,,,,,,,,,,,,,,,,,,,,,,,,,,,,,,,,,,,,,,,,,,,,,,,,,,,,,,,,
	TotalOtherFinanceCost,,,,,,,"1,580,000","2,935,000","2,566,000","1,518,000","2,480,000","-6,000","25,000","-2,000","-921,000","3,290,000","2,908,000","1,506,000","1,953,000","1,600,000","1,570,000","1,256,000","2,263,000","2,477,000","2,181,000","2,304,000","1,845,000","722,000","1,432,000","1,895,000","1,871,000","1,381,000","1,544,000","1,391,000","1,196,000","727,000","1,271,000","1,310,000","1,029,000","1,710,000","838,000","1,148,000",,,,,,,,,,,,,,,,,,"1,837,000","1,660,000","-585,000","-700,000","-1,044,000","-977,000",,"-1,061,000","-1,133,000",,,,,,"-620,000",,,,,,,"-994,000","-996,000",,,"-1,090,000","-1,348,000",,"-1,203,000","-1,138,000","-910,000",,,,,,,,,,,,,,,,,,,,,,,,,,,,,,
OtherIncomeExpense,"-37,603,000","-1,098,000","-24,463,000","-685,000","-11,357,000","-1,144,000","-15,078,000","-11,880,000","-2,536,000","-188,666,000","28,122,000","-10,345,000","-1,644,000","-1,450,000","-19,769,000","-263,000","-2,583,000",,"-9,112,000",,"-445,000","-786,000","-114,000",,,,"0","-6,011,000",,,"0",,"-510,000","-186,000","3,807,000","-1,097,000","-1,505,000","-644,000","-2,051,000","-2,362,000","-3,017,000","-2,106,000","-4,628,000","-4,330,000","-1,114,000","-1,844,000","-5,805,000","-391,000","191,000","346,000","-26,581,000","236,000","630,000","-175,000","-3,673,000","-142,000","61,000","-175,000","193,000","277,000","272,000","267,000","79,000","168,000","147,000","1,654,000","157,000","114,000","149,000","137,000","145,000","116,000","124,000","581,000","798,000","665,000","687,000","794,000","845,000","499,000","423,000","411,000","656,000","73,000","454,000","471,000","-490,000","79,000","-96,000","68,000","300,000","100,000","900,000","700,000","-2,165,000","900,000","900,000","800,000","20,000","200,000","100,000","200,000","-859,696","300,000","100,000","100,000","200,000","300,000","400,000","400,000","400,000","500,000","500,000","400,000","200,000","200,000","200,000","300,000",,
	EarningsFromEquityInterest,,,,,,,"0","0","0","0","52,672,000","-10,345,000","-1,644,000","-1,450,000","-2,068,000",,,,,,,,,,,,,,,,,,,,,,,,,,,,,,,,,,,,,,,,,,,,,,,,,,,,,,,,,,,,,,,,,,,,,,,,,,,,,,,,,,,,,,,,,,,,,,,,,,,,,,,,,
	SpecialIncomeCharges,"-37,603,000","-1,098,000","-24,463,000","-685,000","-11,357,000","-1,144,000","-15,078,000","-11,880,000","-2,536,000","-188,666,000","-24,550,000","0","0",,"-15,015,000","-263,000","-2,583,000","0","-9,112,000","0","-445,000","-786,000","-114,000","0",,,"0","-6,011,000","0","0","0","0","-510,000","-186,000","3,807,000","-1,097,000","-1,505,000","-644,000","-2,051,000","-2,362,000","-3,017,000","-2,106,000","-4,628,000","-4,330,000","-1,114,000","-1,844,000","-5,805,000","-391,000","191,000","346,000","-26,581,000","236,000","630,000","-175,000","-3,673,000","-142,000","61,000","-175,000","193,000","277,000","272,000","267,000","79,000","168,000","147,000","1,654,000","157,000","114,000","149,000","137,000","145,000","116,000","124,000","581,000","798,000","665,000","687,000","794,000","845,000","499,000","423,000","411,000","656,000","73,000","454,000","471,000","-490,000","79,000","-96,000","68,000","300,000","100,000","900,000","700,000","-2,165,000","900,000","900,000","800,000","20,000","200,000","100,000","200,000","-859,696","300,000","100,000","100,000","200,000","300,000","400,000","400,000","400,000","500,000","500,000","400,000","200,000","200,000","200,000","300,000",,
		RestructuringAndMergernAcquisition,"19,851,000","891,000","6,918,000","685,000","11,357,000","550,000","476,000","1,478,000","103,000","-3,230,000","3,113,000",,,,,,,,,,,,,,,,,,,,,,,,,,,,,,,,,,,,,,,,,,,,,,,,,,,,,,,,,,,,,,,,,,,,,,,,,,,,,,,,,,,,,,,,,,,,,,,,,,,,,,,,,,,,,
		ImpairmentOfCapitalAssets,,,,,"0","594,000","14,602,000","10,402,000","2,433,000","191,896,000","18,247,000","0","0",,"15,015,000","263,000","2,583,000","0","9,112,000","0","445,000","786,000","114,000","0",,,"0","6,011,000","0","0","0","0","510,000","186,000","-3,807,000","1,097,000","1,505,000","644,000","9,536,000",,,,,,,,,,,,,,,,,,,,,,,,,,,,,,,,,,,,,,,,,,,,,,,,,,,,,,,,,,,,,,,,,,,,,,,,,,,,,,,,,
		WriteOff,"17,752,000","207,000","17,545,000","0","0","594,000","14,602,000","10,402,000","2,433,000","191,896,000","18,247,000","0","0",,"15,015,000","263,000","2,583,000","0","9,112,000","0","445,000","786,000","114,000","0",,,"0","6,011,000","0","0","0","0","510,000","186,000","-3,807,000","1,097,000","1,505,000","644,000","9,536,000",,,,,,,,,,,,,,,,,,,,,,,,,,,,,,,,,,,,,,,,,,,,,,,,,,,,,,,,,,,,,,,,,,,,,,,,,,,,,,,,,
PretaxIncome,"92,330,000","26,860,000","-525,000","29,583,000","36,412,000","6,150,000","-40,391,000","-37,793,000","-86,276,000","-191,576,000","56,579,000","16,625,000","38,430,000","28,700,000","15,526,000","30,205,000","31,635,000","30,045,000","22,794,000","32,717,000","48,648,000","42,307,000","44,883,000","47,586,000","53,009,000","46,290,000","36,950,000","34,922,000","48,321,000","39,159,000","32,921,000","32,794,000","41,147,000","31,682,000","43,170,000","37,904,000","39,899,000","35,477,000","27,157,000","37,614,000","40,132,000","29,071,000","37,573,000","29,053,000","34,068,000","28,449,000","28,678,000","29,290,000","26,956,000","26,165,000","-5,926,000","22,018,000","22,231,000","12,984,000","8,770,000","17,411,000","26,545,000","20,529,000","19,088,000","26,273,000","34,007,000","26,295,000","24,437,000","25,874,000","33,949,000","28,906,000","35,261,000","33,616,000","35,702,000","29,078,000","29,272,000","19,699,000","27,445,000","25,663,000","23,395,000","22,330,000","23,746,000","19,657,000","20,495,000","18,790,000","20,604,000","16,429,000","17,102,000","15,277,000","15,966,000","13,079,000","13,927,000","13,740,000","13,105,000","9,586,000","11,000,000","9,100,000","8,300,000","5,700,000","4,504,000","6,100,000","5,900,000","4,600,000","4,474,000","4,400,000","3,700,000","2,600,000","895,397","2,500,000","3,000,000","2,400,000","2,800,000","2,800,000","3,300,000","2,700,000","3,000,000","3,000,000","2,800,000","1,900,000","1,900,000","2,000,000","2,200,000","1,400,000",,"1,400,000"
TaxProvision,"662,000","3,697,000","-2,635,000","-3,097,000","2,697,000","2,282,000","-8,074,000","-9,447,000","-29,737,000","-55,413,000","7,870,000","535,000","2,920,000","1,716,000","-652,000","1,730,000","3,282,000","4,016,000","-34,944,000","6,272,000","10,482,000","7,264,000","12,502,000","13,012,000","14,424,000","12,336,000","9,750,000","8,746,000","13,597,000","10,736,000","8,435,000","8,571,000","11,098,000","9,164,000","10,170,000","10,423,000","11,316,000","10,185,000","5,018,000","10,451,000","11,733,000","8,349,000","7,631,000","8,479,000","9,320,000","7,993,000","6,813,000","7,337,000","7,727,000","7,499,000","-5,913,000","5,760,000","5,662,000","2,965,000","1,690,000","5,628,000","7,444,000","6,200,000","5,762,000","7,749,000","10,299,000","7,889,000","4,001,000","7,747,000","10,504,000","9,638,000","11,870,000","11,698,000","12,424,000","10,119,000","9,987,000","6,915,000","9,633,000","9,008,000","7,825,000","7,972,000","8,477,000","7,018,000","7,316,000","6,708,000","7,356,000","5,865,000","6,157,000","5,500,000","5,748,000","4,708,000","4,503,000","5,188,000","4,947,000","3,619,000","4,000,000","3,300,000","3,000,000","2,100,000","1,573,000","1,900,000","2,000,000","1,600,000","1,535,000","1,500,000","1,300,000","900,000","383,755","800,000","900,000","800,000","800,000","400,000","900,000","900,000","1,000,000","1,000,000","900,000","600,000","700,000","800,000","800,000","500,000",,"200,000"
NetIncomeCommonStockholders,"73,496,000","23,163,000","3,333,000","32,680,000","17,073,000","-1,202,000","-37,270,000","-33,184,000","-70,490,000","-136,163,000","48,709,000","16,090,000","35,510,000","26,984,000","16,178,000","28,475,000","28,353,000","26,029,000","57,738,000","26,445,000","38,166,000","35,043,000","32,381,000","34,574,000","38,585,000","33,954,000","27,200,000","26,176,000","34,724,000","28,423,000","24,486,000","24,223,000","30,049,000","22,518,000","33,000,000","27,481,000","28,583,000","25,292,000","22,139,000","27,163,000","28,399,000","20,722,000","29,942,000","20,574,000","24,748,000","20,456,000","21,865,000","21,953,000","19,229,000","18,666,000","-13,000","16,258,000","16,569,000","10,019,000","7,080,000","11,783,000","19,101,000","14,329,000","13,326,000","18,524,000","23,708,000","18,406,000","20,436,000","18,127,000","23,445,000","19,268,000","23,391,000","21,918,000","23,278,000","18,959,000","19,285,000","12,784,000","17,812,000","16,655,000","15,570,000","14,358,000","15,269,000","12,639,000","13,179,000","12,082,000","13,248,000","10,564,000","10,945,000","9,777,000","10,218,000","8,371,000","9,424,000","8,552,000","8,158,000","5,967,000","7,000,000","5,800,000","5,300,000","3,600,000","-3,416,000","4,200,000","3,900,000","3,000,000","2,939,000","2,900,000","2,400,000","1,700,000","511,642","1,700,000","2,100,000","1,600,000","2,000,000","2,400,000","2,400,000","1,800,000","2,000,000","2,000,000","1,900,000","1,300,000","1,200,000","1,200,000","1,400,000","900,000","1,500,000","1,200,000"
	NetIncome,"91,668,000","23,163,000","2,110,000","32,680,000","33,715,000","3,868,000","-32,317,000","-28,346,000","-56,539,000","-136,163,000","48,709,000","16,090,000","35,510,000","26,984,000","16,178,000","28,475,000","28,353,000","26,029,000","57,738,000","26,445,000","38,166,000","35,043,000","32,381,000","34,574,000","38,585,000","33,954,000","27,200,000","26,176,000","34,724,000","28,423,000","24,486,000","24,223,000","30,049,000","22,518,000","33,000,000","27,481,000","28,583,000","25,292,000","22,139,000","27,163,000","28,399,000","20,722,000","29,942,000","20,574,000","24,748,000","20,456,000","21,865,000","21,953,000","19,229,000","18,666,000","-13,000","16,258,000","16,569,000","10,019,000","7,080,000","11,783,000","19,101,000","14,329,000","13,326,000","18,524,000","23,708,000","18,406,000","20,436,000","18,127,000","23,445,000","19,268,000","23,391,000","21,918,000","23,278,000","18,959,000","19,285,000","12,784,000","17,812,000","16,655,000","15,570,000","14,358,000","15,269,000","12,639,000","13,179,000","12,082,000","13,248,000","10,564,000","10,945,000","9,777,000","10,218,000","8,371,000","9,424,000","8,552,000","8,158,000","5,967,000","7,000,000","5,800,000","5,300,000","3,600,000","-3,416,000","4,200,000","3,900,000","3,000,000","2,939,000","2,900,000","2,400,000","1,700,000","511,642","1,700,000","2,100,000","1,600,000","2,000,000","2,400,000","2,400,000","1,800,000","2,000,000","2,000,000","1,900,000","1,300,000","1,200,000","1,200,000","1,400,000","900,000","1,500,000","1,200,000"
		NetIncomeIncludingNoncontrollingInterests,"91,668,000","23,163,000","2,110,000","32,680,000","33,715,000","3,868,000","-32,317,000","-28,346,000","-56,539,000","-136,163,000","48,709,000","16,090,000","35,510,000","26,984,000","16,178,000","28,475,000","28,353,000","26,029,000","57,738,000","26,445,000","38,166,000","35,043,000","32,381,000","34,574,000","38,585,000","33,954,000","27,200,000","26,176,000","34,724,000","28,423,000","24,486,000","24,223,000","30,049,000","22,518,000","33,000,000","27,481,000","28,583,000","25,292,000","22,139,000","27,163,000","28,399,000","20,722,000","29,942,000","20,574,000","24,748,000","20,456,000","21,865,000","21,953,000","19,229,000","18,666,000","-13,000","16,258,000","16,569,000","10,019,000","7,080,000","11,783,000","19,101,000","14,329,000","13,326,000","18,524,000","23,708,000","18,406,000","20,436,000","18,127,000","23,445,000","19,268,000","23,391,000","21,918,000","23,278,000","18,959,000","19,285,000","12,784,000","17,812,000","16,655,000","15,570,000","14,358,000","15,269,000","12,639,000","13,179,000","12,082,000","13,248,000","10,564,000","10,945,000","9,777,000","10,218,000","8,371,000","9,424,000","8,552,000","8,158,000","5,967,000","7,000,000","5,800,000","5,300,000","3,600,000","2,931,000","4,200,000","3,900,000","3,000,000","2,939,000","2,900,000","2,400,000","1,700,000","511,642","1,700,000","2,100,000","1,600,000","2,000,000","2,400,000","2,400,000","1,800,000","2,000,000","2,000,000","1,900,000","1,300,000","1,200,000","1,200,000","1,400,000","900,000","1,500,000","1,200,000"
			NetIncomeContinuousOperations,"91,668,000","23,163,000","2,110,000","32,680,000","33,715,000","3,868,000","-32,317,000","-28,346,000","-56,539,000","-136,163,000","48,709,000","16,090,000","35,510,000","26,984,000","16,178,000","28,475,000","28,353,000","26,029,000","57,738,000","26,445,000","38,166,000","35,043,000","32,381,000","34,574,000","38,585,000","33,954,000","27,200,000","26,176,000","34,724,000","28,423,000","24,486,000","24,223,000","30,049,000","22,518,000","33,000,000","27,481,000","28,583,000","25,292,000","22,139,000","27,163,000","28,399,000","20,722,000","29,942,000","20,574,000","24,748,000","20,456,000","21,865,000","21,953,000","19,229,000","18,666,000","-13,000","16,258,000","16,569,000","10,019,000","7,080,000","11,783,000","19,101,000","14,329,000","13,326,000","18,524,000","23,708,000","18,406,000","20,436,000","18,127,000","23,445,000","19,268,000","23,391,000","21,918,000","23,278,000","18,959,000","19,285,000","12,784,000","17,812,000","16,655,000","15,570,000","14,358,000","15,269,000","12,639,000","13,179,000","12,082,000","13,248,000","10,564,000","10,945,000","9,777,000","10,218,000","8,371,000","9,424,000","8,552,000","8,158,000","5,967,000","7,000,000","5,800,000","5,300,000","3,600,000","2,931,000","4,200,000","3,900,000","3,000,000","2,939,000","2,900,000","2,400,000","1,700,000","511,642","1,700,000","2,100,000","1,600,000","2,000,000","2,400,000","2,400,000","1,800,000","2,000,000","2,000,000","1,900,000","1,300,000","1,200,000","1,200,000","1,400,000","900,000","1,500,000","1,200,000"
	PreferredStockDividends,,,"0",,"13,591,000","5,070,000","4,953,000","4,838,000","3,694,000",,,,,,,,,,,,,,,,,,,,,,,,,,,,,,,,,,,,,,,,,,,,,,,,,,,,,,,,,,,,,,,,,,,,,,,,,,,,,,,,,,,,,,,,,,,,,,,,,,,,,,,,,,,,,,,
	OtherunderPreferredStockDividend,,,"-1,223,000","0","3,051,000",,"0","0","10,257,000",,,,,,,,,,,,,,,,,,,,,,,,,,,,,,,,,,,,,,,,,,,,,,,,,,,,,,,,,,,,,,,,,,,,,,,,,,,,,,,,,,,,,,,,,,,,,,,,,,,,,,,,,,,,,,,
AverageDilutionEarnings,,,,"0","73,000",,,,,,,,,,,,,,,,,,,,,,,,,,,,,,,,,,,,,,,,,,,,,,,,,,,,,,,,,,,,,,,,,,,,,,,,,,,,,,,,,,,,,,,,,,,,,,,,,,,,,,,,,,,,,,,,,,,
DilutedNIAvailtoComStockholders,"73,496,000","23,163,000","3,219,000","32,680,000","17,146,000","-1,202,000","-37,270,000","-33,184,000","-70,490,000","-136,163,000","48,709,000","16,090,000","35,510,000","26,984,000","16,178,000","28,475,000","28,353,000","26,029,000","57,738,000","26,445,000","38,166,000","35,043,000","32,381,000","34,574,000","38,585,000","33,954,000","27,200,000","26,176,000","34,724,000","28,423,000","24,486,000","24,223,000","30,049,000","22,518,000","33,000,000","27,481,000","28,583,000","25,292,000","22,139,000","27,163,000","28,399,000","20,722,000","29,942,000","20,574,000","24,748,000","20,456,000","21,865,000","21,953,000","19,229,000","18,666,000","-13,000","16,258,000","16,569,000","10,019,000","7,080,000","11,783,000","19,101,000","14,329,000","13,326,000","18,524,000","23,708,000","18,406,000","20,436,000","18,127,000","23,445,000","19,268,000","23,391,000","21,918,000","23,278,000","18,959,000","19,285,000","12,784,000","17,812,000","16,655,000","15,570,000","14,358,000","15,269,000","12,639,000","13,179,000","12,082,000","13,248,000","10,564,000","10,945,000","9,777,000","10,218,000","8,371,000","9,424,000","8,552,000","8,158,000","5,967,000","7,000,000","5,800,000","5,300,000","3,600,000","-3,416,000","4,200,000","3,900,000","3,000,000","2,939,000","2,900,000","2,400,000","1,700,000","511,642","1,700,000","2,100,000","1,600,000","2,000,000","2,400,000","2,400,000","1,800,000","2,000,000","2,000,000","1,900,000","1,300,000","1,200,000","1,200,000","1,400,000","900,000","1,500,000","1,200,000"
BasicEPS,,"0.46","0.04","0.65","0.38","-0.03","-0.85","-0.76","-1.61","-0.09","1.11","0.37","0.8","0.61","0.36","0.63","0.62","0.57","1.26","0.57","0.8","0.74","0.68","0.72","0.8","0.7","0.56","0.54","0.72","0.58","0.5","0.49","0.61","0.44","0.64","0.52","0.54","0.48","0.42","0.51","0.53","0.39",,"0.37","0.44","0.35",,"0.38","0.32","0.31",,"0.27","0.28","0.17",,"0.19","0.29","0.21",,"0.26","0.33","0.24",,"0.23","0.3","0.24",,"0.28","0.3","0.24",,"0.167","0.227","0.213",,"0.187","0.2","0.167",,"0.16","0.18","0.147",,"0.14","0.147","0.12",,"0.124","0.12","0.089",,"0.085","0.076","0.053",,"0.062","0.058","0.044",,"0.049","0.044","0.031",,"0.031","0.04","0.031",,"0.044","0.044","0.031",,"0.04","0.036","0.027",,"0.027","0.031","0.022",,"0.031"
DilutedEPS,,"0.45","0.04","0.64","0.37","-0.03","-0.85","-0.76","-1.61","-0.09","1.1","0.36","0.79","0.6","0.35","0.61","0.61","0.56","1.24","0.56","0.78","0.71","0.66","0.7","0.78","0.68","0.54","0.52","0.69","0.56","0.48","0.48","0.59","0.43","0.62","0.5","0.52","0.47","0.4","0.49","0.52","0.37",,"0.36","0.42","0.34",,"0.37","0.32","0.31",,"0.27","0.28","0.17",,"0.19","0.29","0.21",,"0.26","0.33","0.24",,"0.23","0.3","0.24",,"0.27","0.29","0.24",,"0.16","0.227","0.213",,"0.187","0.2","0.167",,"0.16","0.173","0.14",,"0.133","0.14","0.111",,"0.111","0.111","0.083",,"0.08","0.076","0.053",,"0.062","0.058","0.044",,"0.049","0.044","0.031",,"0.031","0.04","0.031",,"0.044","0.044","0.031",,"0.04","0.036","0.027",,"0.027","0.031","0.022",,"0.031"
BasicAverageShares,,"50,333,000","50,243,000","50,212,000","45,471,000","44,189,000","43,928,000","43,900,000","43,874,000","43,773,000","43,694,000","43,682,000","44,165,000","44,255,000","44,796,000","45,321,000","45,383,000","45,552,000","45,751,000","46,602,000","47,732,000","47,634,000","47,403,000","47,815,000","48,232,000","48,518,000","48,808,000","48,848,000","48,451,000","49,225,000","49,198,000","48,981,000","49,349,000","50,745,000","51,352,000","52,416,000","52,892,000","52,255,000","52,948,000","52,958,000","53,155,000","53,680,000",,"55,661,000","56,554,000","58,480,000",,"58,427,000","59,238,000","59,506,000",,"59,359,000","59,337,000","59,315,000",,"62,339,000","65,474,000","68,110,000",,"71,395,000","71,786,000","77,022,000",,"77,757,000","78,221,000","78,919,000",,"78,511,000","78,211,000","78,006,000",,"77,769,000","77,727,000","77,094,000",,"75,783,000","75,430,500","75,010,495",,"74,403,000","73,347,000","72,373,500",,"71,268,000","71,073,000","70,906,500",,"69,765,750","69,054,750","68,121,000",,"68,615,505","70,077,085","67,432,146",,"67,433,049","67,432,049","67,432,399",,"59,258,654","53,945,919","54,588,658",,"54,588,658","52,447,552","51,377,561",,"53,945,919","53,945,919","57,799,756",,"49,950,050","53,384,283","48,701,907",,"44,955,606","44,955,366","40,460,349",,"38,533,171"
DilutedAverageShares,,"51,013,000","51,053,000","51,113,000","46,777,000","44,189,000","43,928,000","43,900,000","43,874,000","44,137,000","44,249,000","44,186,000","44,786,000","44,984,000","45,669,000","46,403,000","46,570,000","46,574,000","46,730,000","47,519,000","49,047,000","49,210,000","48,795,000","49,212,000","49,598,000","50,037,000","50,470,000","50,637,000","50,262,000","51,102,000","51,207,000","50,963,000","51,358,000","52,844,000","53,604,000","54,612,000","55,073,000","54,305,000","55,079,000","55,126,000","55,091,000","55,699,000",,"57,439,000","58,595,000","60,499,000",,"59,743,000","60,863,000","60,811,000",,"60,328,000","60,069,000","59,520,000",,"62,490,000","65,916,000","68,629,000",,"72,336,000","72,818,000","78,165,000",,"78,695,000","79,467,000","80,540,000",,"80,235,000","80,067,000","79,925,000",,"79,279,500","79,411,500","79,284,000",,"77,850,000","77,497,500","77,079,460",,"76,705,500","76,372,500","76,048,500",,"74,979,000","74,446,500","74,610,000",,"75,775,500","74,652,750","72,495,000",,"72,427,572","70,077,085","67,432,146",,"67,433,049","67,432,049","67,432,399",,"59,258,654","53,945,919","54,588,658",,"54,588,658","52,447,552","51,377,561",,"53,945,919","53,945,919","57,799,756",,"49,950,050","53,384,283","48,701,907",,"44,955,606","44,955,366","40,460,349",,"38,533,171"
TotalOperatingIncomeAsReported,"101,795,000","28,321,000","979,000","31,377,000","41,118,000","8,844,000","-38,811,000","-34,858,000","-83,710,000","-190,058,000","6,387,000","26,964,000","40,099,000","30,148,000","19,359,000","33,495,000","34,543,000","31,551,000","24,747,000","34,317,000","50,218,000","43,563,000","47,146,000","50,063,000","55,190,000","48,594,000","38,795,000","35,644,000","49,753,000","41,054,000","34,792,000","34,175,000","42,691,000","33,073,000","44,366,000","38,631,000","41,170,000","36,787,000","28,186,000","39,324,000","40,970,000","30,219,000","38,183,000","30,254,000","35,162,000","29,851,000","30,830,000","31,409,000","37,295,000","28,677,000","-559,000","27,336,000","28,959,000","17,981,000","12,459,000","21,023,000","29,968,000","23,721,000","22,132,000","27,833,000","35,395,000","25,443,000","23,658,000","24,662,000","32,825,000","25,728,000","34,043,000","32,369,000","34,625,000","28,145,000","28,792,000","18,978,000","26,648,000","24,462,000","22,040,000","20,678,000","21,994,000","18,006,000","18,803,000","17,243,000","19,187,000","15,022,000","15,568,000","14,192,000","14,422,000","11,260,000","13,008,000","12,458,000","12,063,000","8,608,000","10,100,000","8,400,000","7,300,000","4,900,000","3,614,000","5,400,000","5,000,000","3,700,000","3,834,000","4,300,000","3,600,000","2,400,000","1,056,752","2,400,000","2,900,000","2,300,000","2,700,000","2,400,000","2,900,000","2,300,000","2,800,000","2,500,000","2,200,000","1,500,000","1,700,000","1,900,000","2,000,000","1,100,000","1,300,000","1,500,000"
TotalExpenses,"2,954,435,000","764,291,000","751,251,000","722,412,000","716,481,000","617,429,000","578,285,000","540,694,000","377,025,000","616,498,000","663,093,000","559,572,000","562,546,000","569,333,000","533,206,000","547,124,000","556,052,000","559,140,000","537,956,000","521,075,000","519,206,000","519,077,000","555,886,000","509,955,000","503,672,000","505,099,000","488,046,000","485,033,000","479,354,000","476,919,000","464,881,000","464,939,000","453,205,000","448,172,000","434,516,000","429,971,000","427,443,000","425,587,000","434,458,000","412,133,000","410,762,000","403,429,000","434,960,000","395,899,000","394,476,000","387,154,000","380,727,000","386,943,000","381,614,000","376,756,000","374,660,000","373,304,000","378,985,000","374,813,000","384,942,000","384,093,000","377,166,000","370,082,000","384,159,000","347,703,000","337,772,000","331,140,000","337,038,000","300,675,000","289,748,000","280,638,000","294,233,000","260,438,000","253,711,000","240,079,000","237,305,000","228,705,000","208,272,000","196,072,000","192,483,000","177,154,000","166,626,000","154,854,000","155,591,000","144,739,000","146,173,000","135,212,000","133,186,000","123,428,000","117,813,000","109,261,000","112,625,000","98,863,000","93,153,000","87,503,000","85,000,000","83,500,000","78,500,000","69,900,000","69,209,000","63,200,000","59,300,000","55,800,000","54,955,000","49,300,000","47,400,000","42,800,000","42,448,706","39,800,000","36,300,000","33,100,000","31,700,000","27,000,000","25,600,000","22,700,000","21,400,000","19,700,000","18,200,000","17,200,000","16,700,000","15,500,000","15,400,000","12,700,000","11,400,000","12,600,000"
NetIncomeFromContinuingAndDiscontinuedOperation,"91,668,000","23,163,000","2,110,000","32,680,000","33,715,000","3,868,000","-32,317,000","-28,346,000","-56,539,000","-136,163,000","48,709,000","16,090,000","35,510,000","26,984,000","16,178,000","28,475,000","28,353,000","26,029,000","57,738,000","26,445,000","38,166,000","35,043,000","32,381,000","34,574,000","38,585,000","33,954,000","27,200,000","26,176,000","34,724,000","28,423,000","24,486,000","24,223,000","30,049,000","22,518,000","33,000,000","27,481,000","28,583,000","25,292,000","22,139,000","27,163,000","28,399,000","20,722,000","29,942,000","20,574,000","24,748,000","20,456,000","21,865,000","21,953,000","19,229,000","18,666,000","-13,000","16,258,000","16,569,000","10,019,000","7,080,000","11,783,000","19,101,000","14,329,000","13,326,000","18,524,000","23,708,000","18,406,000","20,436,000","18,127,000","23,445,000","19,268,000","23,391,000","21,918,000","23,278,000","18,959,000","19,285,000","12,784,000","17,812,000","16,655,000","15,570,000","14,358,000","15,269,000","12,639,000","13,179,000","12,082,000","13,248,000","10,564,000","10,945,000","9,777,000","10,218,000","8,371,000","9,424,000","8,552,000","8,158,000","5,967,000","7,000,000","5,800,000","5,300,000","3,600,000","-3,416,000","4,200,000","3,900,000","3,000,000","2,939,000","2,900,000","2,400,000","1,700,000","511,642","1,700,000","2,100,000","1,600,000","2,000,000","2,400,000","2,400,000","1,800,000","2,000,000","2,000,000","1,900,000","1,300,000","1,200,000","1,200,000","1,400,000","900,000","1,500,000","1,200,000"
NormalizedIncome,"129,001,388.974","24,109,476","19,967,990","33,180,050","44,231,582","4,587,576","-20,253,032.136","-19,436,000","-54,877,920","-2,021,474","69,844,155.27","16,090,000","35,510,000","26,984,000","27,138,950","28,723,009","30,667,368","26,029,000","64,389,760","26,445,000","38,515,325","35,693,808","32,463,245.706","34,574,000","38,585,000","33,954,000","27,200,000","30,684,250","34,724,000","28,423,000","24,486,000","24,223,000","30,421,300","22,650,246","30,089,854.065","28,276,325","29,660,580","25,751,172","23,811,021.541","28,868,721.434","30,533,949.243","22,223,170.651","33,630,062.598","23,640,307.094","25,557,242.456","21,781,911.772","26,290,912.721","22,246,056.436","19,092,750.594","18,419,165.068","17,264,650","16,083,738.578","16,099,454.321","10,154,037.354","10,045,204.105","11,879,099.362","19,057,106.197","14,451,147.937","13,191,259.954","18,328,698.816","23,518,375.04","18,219,105.077","20,369,934.444","18,009,301.306","23,343,482.577","18,165,485.92","23,286,851.309","21,843,670.752","23,180,850.765","18,869,675.322","19,189,470.996","12,708,719.833","17,731,523.119","16,277,937.498","15,038,909.596","13,930,410.658","14,827,249.684","12,128,476.217","12,635,635.521","11,761,142.203","12,976,018.637","10,299,723.172","10,525,170.74","9,730,281.338","9,927,446.825","8,069,544.155","9,755,568.895","8,502,829.112","8,217,761.007","5,924,672.022","6,809,090.909","5,736,263.736","4,725,301.205","3,157,894.737","-2,007,115.675","3,580,327.869","3,305,084.746","2,478,260.87","2,925,861.869","2,768,181.818","2,335,135.135","1,569,230.769","1,027,459.6","1,496,000","2,030,000","1,533,333.333","1,857,142.857","2,142,857.143","2,109,090.909","1,533,333.333","1,733,333.333","1,666,666.667","1,560,714.286","1,026,315.789","1,073,684.211","1,080,000","1,272,727.273","707,142.857","1,500,000","1,200,000"
InterestIncome,,,,,,,,,,,,,,,,,,,,,,,,,,,,,,,,,,,,,,,,,,,"730,000","33,000","40,000","39,000","4,000","20,000","17,000","151,000","23,000","40,000","101,000","208,000","321,000","410,000","596,000","522,000",,,,,,,,,,,,,,,,,,,,,,,,,,,,,,,,,,,,,,,,,,,,,,,,,,,,,,,,,,,,,,
InterestExpense,"9,465,000","1,461,000","1,504,000","1,794,000","4,706,000","2,694,000",,,"2,566,000",,,,,,,,,,,,,,,,,,,,,,,,,,,,,,,"1,710,000","838,000","1,148,000","1,265,000","1,168,000","1,128,000","1,357,000","1,504,000","1,748,000","10,547,000","3,009,000","5,350,000","5,594,000","7,459,000","5,030,000","3,289,000","3,880,000","4,080,000","3,539,000",,,,,,,,,,,,,,,,,,,,,,,,,,,,,,,,,,,,,,,,,,,,,,,,,,,,,,,,,,,,,,
NetInterestIncome,"-9,465,000","-1,461,000","-1,504,000","-1,794,000","-4,706,000","-2,694,000","-1,580,000","-2,935,000","-2,566,000","-1,518,000","-2,480,000","6,000","-25,000","2,000","921,000","-3,290,000","-2,908,000","-1,506,000","-1,953,000","-1,600,000","-1,570,000","-1,256,000","-2,263,000","-2,477,000","-2,181,000","-2,304,000","-1,845,000","-722,000","-1,432,000","-1,895,000","-1,871,000","-1,381,000","-1,544,000","-1,391,000","-1,196,000","-727,000","-1,271,000","-1,310,000","-1,029,000","-1,710,000","-838,000","-1,148,000","-535,000","-1,135,000","-1,088,000","-1,318,000","-1,500,000","-1,728,000","-10,530,000","-2,858,000","-5,327,000","-5,554,000","-7,358,000","-4,822,000","-2,968,000","-3,470,000","-3,484,000","-3,017,000","-3,237,000","-1,837,000","-1,660,000","585,000","700,000","1,044,000","977,000",,"1,061,000","1,133,000",,,,,,"620,000",,,,,,,"994,000","996,000",,,"1,090,000","1,348,000",,"1,203,000","1,138,000","910,000",,,,,,,,,,,,,,,,,,,,,,,,,,,,,,
EBIT,"101,795,000","28,321,000","979,000","31,377,000","41,118,000","8,844,000","-241,893,000","-22,978,000","-83,710,000","-1,392,000","30,937,000","26,964,000","40,099,000","30,148,000","34,374,000","33,758,000","37,126,000","31,551,000","33,859,000","34,317,000","50,663,000","44,349,000","47,260,000","50,063,000","55,190,000","48,594,000","38,795,000","41,655,000","49,753,000","41,054,000","34,792,000","34,175,000","43,201,000","33,259,000","40,559,000","39,728,000","42,675,000","37,431,000","37,722,000","39,324,000","40,970,000","30,219,000","38,838,000","30,221,000","35,196,000","29,806,000","30,182,000","31,038,000","37,503,000","29,174,000","-576,000","27,612,000","29,690,000","18,014,000","12,059,000","21,291,000","30,625,000","24,068,000","27,844,000","27,833,000","35,395,000","25,443,000","23,658,000","24,662,000","32,825,000","25,728,000","34,043,000","32,369,000","34,625,000","28,145,000","28,792,000","18,978,000","26,648,000","24,462,000","22,040,000","20,678,000","21,994,000","18,006,000","18,803,000","17,243,000","19,187,000","15,022,000","15,568,000","14,192,000","14,422,000","11,260,000","13,008,000","12,458,000","12,063,000","8,608,000","10,100,000","8,400,000","7,300,000","4,900,000","3,614,000","5,400,000","5,000,000","3,700,000","3,834,000","4,300,000","3,600,000","2,400,000","1,208,865","2,400,000","2,900,000","2,300,000","2,700,000","2,400,000","2,900,000","2,300,000","2,800,000","2,500,000","2,200,000","1,500,000","1,700,000","1,900,000","2,000,000","1,100,000","1,300,000","1,500,000"
EBITDA,"190,948,000"
ReconciledCostOfRevenue,"1,844,418,000","484,264,000","467,023,000","449,375,000","443,756,000","365,607,000","345,321,000","318,759,000","194,951,000","377,887,000","409,053,000","346,541,000","352,359,000","353,497,000","336,789,000","338,135,000","345,657,000","346,433,000","331,246,000","320,919,000","321,844,000","322,974,000","342,646,000","315,405,000","312,144,000","316,431,000","298,244,000","297,706,000","295,118,000","297,781,000","288,845,000","287,307,000","281,444,000","278,812,000","266,029,000","263,340,000","264,109,000","265,276,000","-63,046,000","370,950,000","365,975,000","356,466,000","391,178,000","354,869,000","352,785,000","345,436,000","342,358,000","343,549,000","339,181,000","333,083,000","328,993,000","330,105,000","333,686,000","333,080,000","341,679,000","342,565,000","333,975,000","329,160,000","331,587,000","303,198,000","298,178,000","293,194,000","288,978,000","263,423,000","256,728,000","248,539,000","259,678,000","232,650,000","228,591,000","213,884,000","212,009,000","202,781,000","188,095,000","176,094,000","171,315,000","157,038,000","149,024,000","138,104,000","137,663,000","129,058,000","130,080,000","119,788,000","118,323,000","109,966,000","105,320,000","97,625,000","99,475,000","87,494,000","83,234,000","76,485,000","70,300,000","75,300,000","70,400,000","62,500,000","160,033,000","20,500,000","19,300,000","18,200,000","45,513,000","41,400,000","39,500,000","35,700,000","34,870,679","33,400,000","30,300,000","27,100,000","-26,800,000","22,700,000","21,700,000","19,200,000","-20,200,000","16,800,000","15,600,000","14,700,000","5,800,000","5,300,000","5,400,000","4,200,000","3,900,000","4,200,000"
ReconciledDepreciation,"89,153,000","21,505,000","22,849,000","22,576,000","22,223,000","22,006,000","22,612,000","22,651,000","22,590,000","23,562,000","23,770,000","21,342,000","21,659,000","21,362,000","24,157,000","24,090,000","23,727,000","24,002,000","23,237,000","22,999,000","23,297,000","23,196,000","23,451,000","21,634,000","21,461,000","21,464,000","21,911,000","21,317,000","21,158,000","21,177,000","21,120,000","20,930,000","20,534,000","20,251,000","20,452,000","19,661,000","19,215,000","19,230,000","18,893,000","18,733,000","18,509,000","18,298,000","19,434,000","17,588,000","17,483,000","17,453,000","18,057,000","17,902,000","18,026,000","18,155,000","19,138,000","18,688,000","18,755,000","18,603,000","18,781,000","18,055,000","18,361,000","18,093,000","17,335,000","15,844,000","15,633,000","15,390,000","14,205,000","13,465,000","13,001,000","12,393,000","12,924,000","11,375,000","10,643,000","10,193,000","10,465,000","9,035,000","8,256,000","8,187,000","7,719,000","6,975,000","6,720,000","6,546,000","6,235,000","5,909,000","5,532,000","5,179,000","4,932,000","4,551,000","4,093,000","3,881,000","3,981,000","3,547,000","3,051,000","3,103,000","3,000,000","2,800,000","2,700,000","2,400,000","-3,860,000","4,200,000","4,000,000","4,200,000","-2,404,000","3,100,000","3,200,000","2,800,000","2,643,715","3,000,000","2,600,000","2,500,000","2,000,000","1,300,000","1,400,000","1,200,000","1,000,000","1,000,000","800,000","800,000","800,000","600,000","500,000","400,000","300,000","400,000"
NetIncomeFromContinuingOperationNetMinorityInterest,"91,668,000","23,163,000","2,110,000","32,680,000","33,715,000","3,868,000","-32,317,000","-28,346,000","-56,539,000","-136,163,000","48,709,000","16,090,000","35,510,000","26,984,000","16,178,000","28,475,000","28,353,000","26,029,000","57,738,000","26,445,000","38,166,000","35,043,000","32,381,000","34,574,000","38,585,000","33,954,000","27,200,000","26,176,000","34,724,000","28,423,000","24,486,000","24,223,000","30,049,000","22,518,000","33,000,000","27,481,000","28,583,000","25,292,000","22,139,000","27,163,000","28,399,000","20,722,000","29,942,000","20,574,000","24,748,000","20,456,000","21,865,000","21,953,000","19,229,000","18,666,000","-13,000","16,258,000","16,569,000","10,019,000","7,080,000","11,783,000","19,101,000","14,329,000","13,326,000","18,524,000","23,708,000","18,406,000","20,436,000","18,127,000","23,445,000","19,268,000","23,391,000","21,918,000","23,278,000","18,959,000","19,285,000","12,784,000","17,812,000","16,655,000","15,570,000","14,358,000","15,269,000","12,639,000","13,179,000","12,082,000","13,248,000","10,564,000","10,945,000","9,777,000","10,218,000","8,371,000","9,424,000","8,552,000","8,158,000","5,967,000","7,000,000","5,800,000","5,300,000","3,600,000","-3,416,000","4,200,000","3,900,000","3,000,000","2,939,000","2,900,000","2,400,000","1,700,000","511,642","1,700,000","2,100,000","1,600,000","2,000,000","2,400,000","2,400,000","1,800,000","2,000,000","2,000,000","1,900,000","1,300,000","1,200,000","1,200,000","1,400,000","900,000","1,500,000","1,200,000"
TotalUnusualItemsExcludingGoodwill,"-37,603,000","-1,098,000","-24,463,000","-685,000","-11,357,000","-1,144,000","-15,078,000","-11,880,000","-2,536,000","-188,666,000","-24,550,000","0","0",,"-15,015,000","-263,000","-2,583,000","0","-9,112,000","0","-445,000","-786,000","-114,000","0",,,"0","-6,011,000","0","0","0","0","-510,000","-186,000","3,807,000","-1,097,000","-1,505,000","-644,000","-2,051,000","-2,362,000","-3,017,000","-2,106,000","-4,628,000","-4,330,000","-1,114,000","-1,844,000","-5,805,000","-391,000","191,000","346,000","-26,581,000","236,000","630,000","-175,000","-3,673,000","-142,000","61,000","-175,000","193,000","277,000","272,000","267,000","79,000","168,000","147,000","1,654,000","157,000","114,000","149,000","137,000","145,000","116,000","124,000","581,000","798,000","665,000","687,000","794,000","845,000","499,000","423,000","411,000","656,000","73,000","454,000","471,000","-490,000","79,000","-96,000","68,000","300,000","100,000","900,000","700,000","-2,165,000","900,000","900,000","800,000","20,000","200,000","100,000","200,000","-859,696","300,000","100,000","100,000","200,000","300,000","400,000","400,000","400,000","500,000","500,000","400,000","200,000","200,000","200,000","300,000",,
TotalUnusualItems,"-37,603,000","-1,098,000","-24,463,000","-685,000","-11,357,000","-1,144,000","-15,078,000","-11,880,000","-2,536,000","-188,666,000","-24,550,000","0","0",,"-15,015,000","-263,000","-2,583,000","0","-9,112,000","0","-445,000","-786,000","-114,000","0",,,"0","-6,011,000","0","0","0","0","-510,000","-186,000","3,807,000","-1,097,000","-1,505,000","-644,000","-2,051,000","-2,362,000","-3,017,000","-2,106,000","-4,628,000","-4,330,000","-1,114,000","-1,844,000","-5,805,000","-391,000","191,000","346,000","-26,581,000","236,000","630,000","-175,000","-3,673,000","-142,000","61,000","-175,000","193,000","277,000","272,000","267,000","79,000","168,000","147,000","1,654,000","157,000","114,000","149,000","137,000","145,000","116,000","124,000","581,000","798,000","665,000","687,000","794,000","845,000","499,000","423,000","411,000","656,000","73,000","454,000","471,000","-490,000","79,000","-96,000","68,000","300,000","100,000","900,000","700,000","-2,165,000","900,000","900,000","800,000","20,000","200,000","100,000","200,000","-859,696","300,000","100,000","100,000","200,000","300,000","400,000","400,000","400,000","500,000","500,000","400,000","200,000","200,000","200,000","300,000",,
NormalizedEBITDA,"228,551,000","50,924,000","48,291,000","54,638,000","74,698,000","31,994,000","-204,203,000","11,553,000","-58,584,000","210,836,000","79,257,000","48,306,000","61,758,000","51,510,000","73,546,000","58,111,000","63,436,000","55,553,000","66,208,000","57,316,000","74,405,000","68,331,000","70,825,000","71,697,000","76,651,000","70,058,000","60,706,000","68,983,000","70,911,000","62,231,000","55,912,000","55,105,000","64,245,000","53,696,000","57,204,000","60,486,000","63,395,000","57,305,000","58,666,000","60,419,000","62,496,000","50,623,000","62,900,000","52,139,000","53,793,000","49,103,000","54,044,000","49,331,000","55,338,000","46,983,000","45,143,000","46,064,000","47,815,000","36,792,000","34,513,000","39,488,000","48,925,000","42,336,000","44,986,000","43,400,000","50,756,000","40,566,000","37,784,000","37,959,000","45,679,000","36,467,000","46,810,000","43,630,000","45,119,000","38,201,000","39,112,000","27,897,000","34,780,000","32,068,000","28,961,000","26,988,000","28,027,000","23,758,000","24,193,000","22,653,000","24,296,000","19,790,000","19,844,000","18,670,000","18,061,000","14,670,000","17,479,000","15,926,000","15,210,000","11,643,000","12,800,000","11,200,000","9,100,000","6,600,000","1,919,000","8,700,000","8,100,000","7,100,000","1,410,000","7,200,000","6,700,000","5,000,000","4,712,276","5,100,000","5,400,000","4,700,000","4,500,000","3,500,000","3,900,000","3,100,000","3,400,000","3,000,000","2,500,000","1,900,000","2,300,000","2,300,000","2,300,000","1,200,000","1,600,000","1,900,000"
TaxRateForCalcs,"0.007","0.138","0.27","0.27","0.074","0.371","0.2","0.25","0.345","0.289","0.139","0.032","0.076","0.06","0.27","0.057","0.104","0.134","0.27","0.192","0.215","0.172","0.279","0.272","0.272","0.266","0.264","0.25","0.281","0.274","0.256","0.261","0.27","0.289","0.236","0.275","0.284","0.287","0.185","0.278","0.292","0.287","0.203","0.292","0.274","0.281","0.238","0.25","0.287","0.287","0.35","0.262","0.255","0.228","0.193","0.323","0.28","0.302","0.302","0.295","0.303","0.3","0.164","0.299","0.309","0.333","0.337","0.348","0.348","0.348","0.341","0.351","0.351","0.351","0.334","0.357","0.357","0.357","0.357","0.357","0.357","0.357","0.36","0.36","0.36","0.36","0.323","0.378","0.377","0.378","0.364","0.363","0.361","0.368","0.349","0.311","0.339","0.348","0.343","0.341","0.351","0.346","0.4","0.32","0.3","0.333","0.286","0.143","0.273","0.333","0.333","0.333","0.321","0.316","0.368","0.4","0.364","0.357","0.4","0.143"
TaxEffectOfUnusualItems,"-269,611.026","-151,524","-6,605,010","-184,950","-840,418","-424,424","-3,014,032.136","-2,970,000","-874,920","-54,524,474","-3,414,844.73","0","0","0","-4,054,050","-14,991","-268,632","0","-2,460,240","0","-95,675","-135,192","-31,754.294","0","0","0","0","-1,502,750","0","0","0","0","-137,700","-53,754","896,854.065","-301,675","-427,420","-184,828","-378,978.459","-656,278.566","-882,050.758","-604,829.349","-939,937.402","-1,263,692.906","-304,757.544","-518,088.228","-1,379,087.279","-97,943.564","54,750.594","99,165.068","-9,303,350","61,738.578","160,454.321","-39,962.646","-707,795.895","-45,900.638","17,106.197","-52,852.063","58,259.954","81,698.816","82,375.04","80,105.077","12,934.444","50,301.306","45,482.577","551,485.92","52,851.309","39,670.752","51,850.765","47,675.322","49,470.996","40,719.833","43,523.119","203,937.498","266,909.596","237,410.658","245,249.684","283,476.217","301,635.521","178,142.203","151,018.637","146,723.172","236,170.74","26,281.338","163,446.825","169,544.155","-158,431.105","29,829.112","-36,238.993","25,672.022","109,090.909","36,263.736","325,301.205","257,894.737","-756,115.675","280,327.869","305,084.746","278,260.87","6,861.869","68,181.818","35,135.135","69,230.769","-343,878.4","96,000","30,000","33,333.333","57,142.857","42,857.143","109,090.909","133,333.333","133,333.333","166,666.667","160,714.286","126,315.789","73,684.211","80,000","72,727.273","107,142.857","0","0"