name,ttm,04/30/2022,01/31/2022,10/31/2021,07/31/2021,04/30/2021,01/31/2021,10/31/2020,07/31/2020,04/30/2020,01/31/2020,10/31/2019,07/31/2019,04/30/2019,01/31/2019,10/31/2018,07/31/2018,04/30/2018,01/31/2018,10/31/2017,07/31/2017,04/30/2017,01/31/2017,10/31/2016,07/31/2016,04/30/2016,01/31/2016,10/31/2015,07/31/2015,04/30/2015,01/31/2015,10/31/2014,07/31/2014,04/30/2014,01/31/2014,10/31/2013,07/31/2013,04/30/2013,01/31/2013,10/31/2012,07/31/2012,04/30/2012,01/31/2012,10/31/2011,07/31/2011,04/30/2011,01/31/2011,10/31/2010,07/31/2010,04/30/2010,01/31/2010,10/31/2009,07/31/2009,04/30/2009,01/31/2009,10/31/2008,07/31/2008,04/30/2008,01/31/2008,10/31/2007,07/31/2007,04/30/2007,01/31/2007,10/31/2006,07/31/2006,04/30/2006,01/31/2006,10/31/2005,07/31/2005,04/30/2005,01/31/2005,10/31/2004,07/31/2004,04/30/2004,01/31/2004,10/31/2003,07/31/2003,04/30/2003,01/31/2003,10/31/2002,07/31/2002,04/30/2002,01/31/2002,10/31/2001,07/31/2001,04/30/2001,01/31/2001,10/31/2000,07/31/2000,04/30/2000,01/31/2000,10/31/1999,07/31/1999,04/30/1999,01/31/1999,10/31/1998,07/31/1998,04/30/1998,01/31/1998,10/31/1997,07/31/1997,04/30/1997,01/31/1997,10/31/1996,07/31/1996,04/30/1996,01/31/1996,10/31/1995,07/31/1995,04/30/1995,01/31/1995,10/31/1994,07/31/1994,04/30/1994,01/31/1994,10/31/1993,07/31/1993,04/30/1993,01/31/1993,10/31/1992,07/31/1992,04/30/1992,01/31/1992,10/31/1991,07/31/1991,04/30/1991,01/31/1991,10/31/1990,07/31/1990,04/30/1990,01/31/1990,10/31/1989,07/31/1989,04/30/1989,01/31/1989,10/31/1988,07/31/1988,04/30/1988,01/31/1988,10/31/1987,07/31/1987,04/30/1987,10/31/1986,07/31/1986,04/30/1986,01/31/1986,10/31/1985
TotalRevenue,"2,874,084,000","735,116,000","679,281,000","784,156,000","675,531,000","638,636,000","570,959,000","647,480,000","501,448,000","397,184,000","698,948,000","792,375,000","752,485,000","677,754,000","720,263,000","775,829,000","706,612,000","632,142,000","702,465,000","774,656,000","676,954,000","631,509,000","639,488,000","732,230,000","622,937,000","584,733,000","608,674,000","728,639,000","637,834,000","602,283,000","615,393,000","729,277,000","635,877,000","591,162,000","599,963,000","702,788,000","621,706,000","588,656,000","640,176,000","732,169,000","599,279,000","626,441,000","628,891,000","713,788,000","628,128,000","624,620,000","604,524,000","716,093,000","585,756,000","597,718,000","565,972,000","625,635,000","511,621,000","538,740,000","520,995,000","631,657,000","569,219,000","554,491,000","571,444,000","645,546,000","576,571,000","566,348,000","639,261,000","676,812,000","579,319,000","575,538,000","599,618,000","617,676,000","551,480,000","523,283,000","476,490,000","514,825,000","458,657,000","491,832,000","433,847,000","493,433,000","458,384,000","446,444,000","452,132,000","486,318,000","456,255,000","446,738,000","415,270,000","462,361,000","442,079,000","436,138,000","408,936,000","462,945,000","418,709,000","394,269,000","356,432,000","429,100,000","410,100,000","396,800,000","340,600,000","412,000,000","383,600,000","402,300,000","362,700,000","433,900,000","378,800,000","391,800,000","359,000,000","420,300,000","390,000,000","355,800,000","348,700,000","406,900,000","342,900,000","357,400,000","332,200,000","406,900,000","404,500,000","427,200,000","150,800,000","526,500,000","456,600,000","463,900,000","449,800,000","489,000,000","415,300,000","437,000,000","433,700,000","454,900,000","417,000,000","422,300,000","436,500,000","452,900,000","435,700,000","438,700,000","483,300,000","472,700,000","428,000,000","436,600,000","462,700,000","455,200,000","392,700,000","396,000,000","448,800,000","447,100,000","390,300,000","392,200,000","379,000,000","313,300,000","339,600,000","368,300,000","372,400,000"
	OperatingRevenue,"2,874,084,000","735,116,000","679,281,000","784,156,000","675,531,000","638,636,000","570,959,000","647,480,000","501,448,000","397,184,000","698,948,000","792,375,000","752,485,000","677,754,000","720,263,000","775,829,000","706,612,000","632,142,000","702,465,000","774,656,000","676,954,000","631,509,000","639,488,000","732,230,000","622,937,000","584,733,000","608,674,000","728,639,000","637,834,000","602,283,000","615,393,000","729,277,000","635,877,000","591,162,000","599,963,000","702,788,000","621,706,000","588,656,000","640,176,000","732,169,000","599,279,000","626,441,000","628,891,000","713,788,000","628,128,000","624,620,000","604,524,000","716,093,000","585,756,000","597,718,000","565,972,000","625,635,000","511,621,000","538,740,000","520,995,000","631,657,000","569,219,000","554,491,000","571,444,000","645,546,000","576,571,000","566,348,000","639,261,000","676,812,000","579,319,000","575,538,000","599,618,000","617,676,000","551,480,000","523,283,000","476,490,000","514,825,000","458,657,000","491,832,000","433,847,000","493,433,000","458,384,000","446,444,000","452,132,000","486,318,000","456,255,000","446,738,000","415,270,000","462,361,000","442,079,000","436,138,000","408,936,000","462,945,000","418,709,000","394,269,000","356,432,000","429,100,000","410,100,000","396,800,000","340,600,000","412,000,000","383,600,000","402,300,000","362,700,000","433,900,000","378,800,000","391,800,000","359,000,000","420,300,000","390,000,000","355,800,000","348,700,000","406,900,000","342,900,000","357,400,000","332,200,000","406,900,000","404,500,000","427,200,000","150,800,000","526,500,000","456,600,000","463,900,000","449,800,000","489,000,000","415,300,000","437,000,000","433,700,000","454,900,000","417,000,000","422,300,000","436,500,000","452,900,000","435,700,000","438,700,000","483,300,000","472,700,000","428,000,000","436,600,000","462,700,000","455,200,000","392,700,000","396,000,000","448,800,000","447,100,000","390,300,000","392,200,000","379,000,000","313,300,000","339,600,000","368,300,000","372,400,000"
CostOfRevenue,"1,594,660,000","408,122,000","384,495,000","448,805,000","353,238,000","363,749,000","345,400,000","390,508,000","318,828,000","275,286,000","420,138,000","472,605,000","446,541,000","397,918,000","442,552,000","465,219,000","413,511,000","357,221,000","409,070,000","457,771,000","389,493,000","360,601,000","378,616,000","438,459,000","363,382,000","336,940,000","360,626,000","440,205,000","375,039,000","353,757,000","368,006,000","438,547,000","376,235,000","348,821,000","358,557,000","424,548,000","367,080,000","348,640,000","388,477,000","446,387,000","365,465,000","387,377,000","390,318,000","437,290,000","391,583,000","374,820,000","369,219,000","433,874,000","347,286,000","350,158,000","333,580,000","366,692,000","307,981,000","330,576,000","327,209,000","383,166,000","345,722,000","338,029,000","348,683,000","385,705,000","345,577,000","336,545,000","385,369,000","406,828,000","355,299,000","352,541,000","367,019,000","378,223,000","335,834,000","312,677,000","288,776,000","306,782,000","269,411,000","292,468,000","252,885,000","288,721,000","270,519,000","261,317,000","268,423,000","287,681,000","278,418,000","266,132,000","275,050,000","280,874,000","272,535,000","261,090,000","215,980,000","278,955,000","251,056,000","232,783,000","196,314,000","257,300,000","249,000,000","239,000,000","173,400,000","248,200,000","229,600,000","247,000,000","205,200,000","278,100,000","232,600,000","246,000,000","202,900,000","264,200,000","245,500,000","219,900,000","198,600,000","262,900,000","226,400,000","237,200,000","188,700,000","267,400,000","256,900,000","272,200,000","115,500,000","329,800,000","284,900,000","288,100,000","245,200,000","302,700,000","255,600,000","296,200,000","247,700,000","285,900,000","263,900,000","262,800,000","242,900,000","277,000,000","277,000,000","266,900,000","270,100,000","295,400,000","276,200,000","266,900,000",,,,,,,,,,,,,
GrossProfit,"1,279,424,000","326,994,000","294,786,000","335,351,000","322,293,000","274,887,000","225,559,000","256,972,000","182,620,000","121,898,000","278,810,000","319,770,000","305,944,000","279,836,000","277,711,000","310,610,000","293,101,000","274,921,000","293,395,000","316,885,000","287,461,000","270,908,000","260,872,000","293,771,000","259,555,000","247,793,000","248,048,000","288,434,000","262,795,000","248,526,000","247,387,000","290,730,000","259,642,000","242,341,000","241,406,000","278,240,000","254,626,000","240,016,000","251,699,000","285,782,000","233,814,000","239,064,000","238,573,000","276,498,000","236,545,000","249,800,000","235,305,000","282,219,000","238,470,000","247,560,000","232,392,000","258,943,000","203,640,000","208,164,000","193,786,000","248,491,000","223,497,000","216,462,000","222,761,000","259,841,000","230,994,000","229,803,000","253,892,000","269,984,000","224,020,000","222,997,000","232,599,000","239,453,000","215,646,000","210,606,000","187,714,000","208,043,000","189,246,000","199,364,000","180,962,000","204,712,000","187,865,000","185,127,000","183,709,000","198,637,000","177,837,000","180,606,000","140,220,000","181,487,000","169,544,000","175,048,000","192,956,000","183,990,000","167,653,000","161,486,000","160,118,000","171,800,000","161,100,000","157,800,000","167,200,000","163,800,000","154,000,000","155,300,000","157,500,000","155,800,000","146,200,000","145,800,000","156,100,000","156,100,000","144,500,000","135,900,000","150,100,000","144,000,000","116,500,000","120,200,000","143,500,000","139,500,000","147,600,000","155,000,000","35,300,000","196,700,000","171,700,000","175,800,000","204,600,000","186,300,000","159,700,000","140,800,000","186,000,000","169,000,000","153,100,000","159,500,000","193,600,000","175,900,000","158,700,000","171,800,000","213,200,000","177,300,000","151,800,000","169,700,000",,,,,,,,,,,,,
OperatingExpense,"1,025,292,000","260,799,000","250,958,000","254,033,000","259,501,000","243,535,000","226,064,000","236,901,000","201,331,000","225,194,000","260,788,000","275,330,000","267,531,000","262,111,000","267,210,000","265,522,000","258,835,000","250,197,000","262,113,000","264,015,000","253,500,000","244,075,000","242,936,000","238,319,000","227,297,000","219,050,000","231,234,000","236,211,000","227,061,000","218,190,000","231,210,000","237,517,000","228,340,000","213,615,000","231,227,000","233,572,000","231,071,000","213,879,000","238,465,000","242,317,000","219,261,000","218,914,000","229,943,000","239,422,000","235,696,000","235,468,000","226,924,000","247,089,000","224,448,000","224,515,000","217,972,000","222,384,000","206,620,000","212,717,000","194,890,000","235,566,000","218,558,000","203,095,000","205,219,000","217,035,000","213,031,000","212,252,000","232,641,000","227,968,000","197,754,000","204,403,000","209,205,000","208,058,000","204,872,000","187,538,000","180,422,000","179,762,000","175,968,000","184,447,000","170,268,000","172,278,000","169,249,000","169,721,000","165,838,000","165,596,000","163,576,000","165,561,000","170,595,000","161,098,000","158,504,000","160,049,000","179,356,000","157,050,000","150,392,000","147,943,000","154,483,000","146,300,000","141,500,000","141,600,000","159,000,000","136,900,000","140,100,000","142,800,000","166,600,000","146,900,000","134,700,000","138,000,000","152,000,000","134,100,000","130,800,000","130,700,000","147,600,000","125,000,000","121,400,000","123,900,000","136,900,000","113,300,000","132,800,000","138,700,000","58,400,000","170,900,000","159,300,000","164,000,000","188,200,000","167,600,000","148,400,000","156,900,000","182,300,000","155,200,000","143,500,000","151,400,000","178,100,000","156,400,000","147,300,000","155,600,000","194,400,000","158,300,000","142,700,000","153,500,000",,,,,,,,,,,,,
	SellingGeneralAndAdministration,"1,025,292,000","260,799,000","250,958,000","254,033,000","259,501,000","243,535,000","226,064,000","236,901,000","201,331,000","225,194,000","260,788,000","275,330,000","267,531,000","262,111,000","267,210,000","265,522,000","258,835,000","250,197,000","262,113,000","264,015,000","253,500,000","244,075,000","242,936,000","238,319,000","227,297,000","219,050,000","231,234,000","236,211,000","227,061,000","218,190,000","231,210,000","237,517,000","228,340,000","213,615,000","231,227,000","233,572,000","231,071,000","213,879,000","238,465,000","242,317,000","219,261,000","218,914,000","229,943,000","239,422,000","235,696,000","235,468,000","226,924,000","247,089,000","224,448,000","224,515,000","217,972,000","222,384,000","206,620,000","212,717,000","194,843,000","235,764,000","218,305,000","202,981,000","204,794,000","217,021,000","213,031,000","212,252,000","232,641,000","227,968,000","197,754,000","204,403,000","209,205,000","208,058,000","204,872,000","187,538,000","179,836,000","179,762,000","175,968,000","184,447,000","170,268,000","172,278,000","169,249,000","169,721,000","165,838,000","165,596,000","163,576,000","165,561,000","170,595,000","161,098,000","158,504,000","160,049,000","155,403,000","157,050,000","150,392,000","147,943,000","128,936,000","146,300,000","141,500,000","141,600,000","132,100,000","136,900,000","140,100,000","142,800,000","139,900,000","146,900,000","134,700,000","138,000,000","126,100,000","134,100,000","130,800,000","130,700,000","123,800,000","125,000,000","121,400,000","123,900,000","114,800,000","113,300,000","132,800,000","138,700,000","35,600,000","170,900,000","159,300,000","164,000,000","159,800,000","167,600,000","148,400,000","156,900,000","152,200,000","155,200,000","143,500,000","151,400,000","149,500,000","156,400,000","147,300,000","155,600,000","166,400,000","158,300,000","142,700,000","153,500,000",,,,,,,,,,,,,
	OtherOperatingExpenses,,,,,,,,,,,,,,,,,,,,,,,,,,,,,,,,,,,,,,,,,,,,,,,,,,,,,,,"47,000","-198,000","253,000","114,000","425,000","14,000",,,,,,,,,,,,,,,,,,,,,,,,,,,,,,,,,,,,,,,,,,,,,,,,,,,,,,,,,,,,,,,,,,,,,,,,,,,,,,,,,,,,,,,
OperatingIncome,"254,132,000","66,195,000","43,828,000","81,318,000","62,792,000","31,352,000","-505,000","20,071,000","-18,711,000","-103,296,000","18,022,000","44,440,000","38,413,000","17,725,000","10,501,000","45,088,000","34,266,000","24,724,000","31,282,000","52,870,000","33,961,000","26,833,000","17,936,000","55,452,000","32,258,000","28,743,000","16,814,000","52,223,000","35,734,000","30,336,000","16,177,000","53,213,000","31,302,000","28,726,000","10,179,000","44,668,000","23,555,000","26,137,000","13,234,000","43,465,000","14,553,000","20,150,000","8,630,000","37,076,000","849,000","14,332,000","8,381,000","35,130,000","14,022,000","23,045,000","14,420,000","36,559,000","-2,980,000","-4,553,000","-1,104,000","12,925,000","4,939,000","13,367,000","17,542,000","42,806,000","17,963,000","17,551,000","21,251,000","42,016,000","26,266,000","18,594,000","23,394,000","31,395,000","10,774,000","23,068,000","7,292,000","28,281,000","13,278,000","14,917,000","10,694,000","32,434,000","18,616,000","15,406,000","17,871,000","33,041,000","14,261,000","15,045,000","-30,375,000","20,389,000","11,040,000","14,999,000","13,600,000","26,940,000","17,261,000","13,543,000","5,635,000","25,500,000","19,600,000","16,200,000","8,200,000","26,900,000","13,900,000","12,500,000","-9,100,000","8,900,000","11,500,000","7,800,000","4,100,000","22,000,000","13,700,000","5,200,000","2,500,000","19,000,000","-4,900,000","-3,700,000","6,600,000","26,200,000","14,800,000","16,300,000","-23,100,000","25,800,000","12,400,000","11,800,000","16,400,000","18,700,000","11,300,000","-16,100,000","3,700,000","13,800,000","9,600,000","8,100,000","15,500,000","19,500,000","11,400,000","16,200,000","18,800,000","19,000,000","9,100,000","16,200,000","-1,181,000,000","455,200,000","392,700,000","396,000,000","-1,148,200,000","447,100,000","390,300,000","392,200,000","-945,700,000","313,300,000","339,600,000","368,300,000","-936,700,000"
NetNonOperatingInterestIncomeExpense,"-21,437,000","-2,299,000","-2,127,000","-5,069,000","-11,941,000","-11,792,000","-14,540,000","-10,881,000","-13,387,000","-9,478,000","-7,835,000","-10,559,000","-7,389,000","-7,340,000","-6,782,000","-4,210,000","-3,602,000","-3,683,000","-4,095,000","-4,046,000","-4,375,000","-4,809,000","-4,074,000","-3,125,000","-3,169,000","-3,363,000","-3,512,000","-3,912,000","-4,107,000","-4,159,000","-4,723,000","-5,098,000","-5,016,000","-5,230,000","-4,992,000","-5,122,000","-5,110,000","-5,653,000","-5,868,000","-5,437,000","-5,681,000","-6,074,000","-5,842,000","-6,587,000","-6,455,000","-6,613,000","-5,319,000","-4,870,000","-4,761,000","-4,494,000","-4,969,000","-4,977,000","-4,769,000","-5,106,000",,,,,,,,,,,,,,,,,,,,,,,,,,,,,,,,,,,,,,,,,,,,,,,,,,,,,,,,,,,,,,,,,,,,,,,,,,,,,,,,,,,,,,,,,,,,,
	InterestIncomeNonOperating,,,,,,,,,,,,,,,,,,,"172,000","95,000","262,000","235,000","473,000","350,000","310,000","247,000","133,000","224,000","238,000","304,000","85,000","109,000","109,000","76,000","95,000","132,000","82,000","68,000","86,000","76,000","77,000","83,000","396,000","98,000","65,000","85,000","90,000","46,000","49,000","18,000","34,000","52,000","145,000","143,000",,,,,,,,,,,,,,,,,,,,,,,,,,,,,,,,,,,,,,,,,,,,,,,,,,,,,,,,,,,,,,,,,,,,,,,,,,,,,,,,,,,,,,,,,,,,,
	InterestExpenseNonOperating,"21,437,000","2,299,000","2,127,000","5,069,000","11,941,000","11,792,000","14,540,000","10,881,000","13,387,000","9,478,000","7,835,000","10,559,000","7,389,000","7,340,000","6,782,000","4,210,000","3,602,000","3,683,000","4,267,000","4,141,000","4,637,000","5,044,000","4,547,000","3,475,000","3,479,000","3,610,000","3,645,000","4,136,000","4,345,000","4,463,000","4,808,000","5,207,000","5,125,000","5,306,000","5,087,000","5,254,000","5,192,000","5,721,000","5,954,000","5,513,000","5,758,000","6,157,000","6,238,000","6,685,000","6,520,000","6,698,000","5,409,000","4,916,000","4,810,000","4,512,000","5,003,000","5,029,000","4,914,000","5,249,000",,,,,,,,,,,,,,,,,,,,,,,,,,,,,,,,,,,,,,,,,,,,,,,,,,,,,,,,,,,,,,,,,,,,,,,,,,,,,,,,,,,,,,,,,,,,,
	TotalOtherFinanceCost,,,,,,,,,,,"7,835,000","10,559,000","7,389,000","7,340,000","6,782,000","4,210,000","3,602,000","3,683,000",,,,,,,,,,,,,,,,,,,,,,,,,,,,,,,,,,,,,,,,,,,,,,,,,,,,,,,,,,,,,,,,,,,,,,,,,,,,,,,,,,,,,,,,,,,,,,,,,,,,,,,,,,,,,,,,,,,,,,,,,,,,,,,,,
OtherIncomeExpense,"13,961,000","3,422,000","3,483,000","3,195,000","3,860,000","-9,654,000","-50,734,000","5,461,000","-1,757,000","-319,330,000","-12,352,000","1,664,000","2,041,000","1,763,000","-102,070,000","-2,255,000","955,000","1,313,000","-942,000",,"-2,865,000","-1,108,000","-23,404,000",,,,"0","-1,961,000","-8,690,000",,"775,000",,,,"0",,"-743,000","-5,179,000","-2,730,000","-2,342,000","-13,268,000","-11,455,000","-16,523,000","-4,715,000","-1,692,000","-1,744,000","-2,454,000","-1,852,000","-1,891,000","-1,717,000","-5,089,000","-2,222,000","-1,998,000","-2,614,000","-203,259,000","198,000","-253,000","-114,000","-425,000","-14,000",,,"0",,,,,,,,,"0","0",,,,,"27,000","-3,705,000","-1,399,000","-1,095,000","-284,000","-3,153,000","-312,000","2,032,000","-55,000","-2,132,000","535,000","771,000","662,000","79,000","700,000","2,600,000","-1,300,000","-2,500,000","-800,000","-1,300,000",,"800,000","-400,000","-300,000","400,000","500,000","700,000","-300,000","400,000","-500,000","2,400,000","-4,000,000","600,000","10,300,000","800,000","700,000","700,000","-20,900,000","-300,000","400,000","-400,000","600,000","1,100,000","1,200,000","-11,400,000","-1,200,000","800,000","1,400,000","2,100,000","800,000","1,100,000","900,000","1,300,000","900,000","1,000,000","1,400,000","900,000",,,,,,,,,,,,,
	EarningsFromEquityInterest,,,,,,,,,,,,,,,,,,,,,,,,,,,,,,,,,,,,,,,,,,,,,,,,,,,,,,,,"198,000","-253,000","-114,000","-425,000","-14,000",,,,,,,,,,,,,,,,,,,,,,,,,,,,,,,,,,,,,,,,,,,,,,,,,,,,,,,,,,,,,,,,,,,,,,,,,,,,,,,,,,,,,,,
	SpecialIncomeCharges,"-1,011,000","0","-362,000","-649,000","0","-13,482,000","-54,850,000","0","-5,429,000","-322,915,000","-12,353,000","-969,000","-609,000","-856,000","-105,124,000","-5,340,000","-2,123,000","-1,778,000","-942,000","0","-2,865,000","-1,108,000","-23,404,000","0","0",,"0","-1,961,000","-8,690,000",,"775,000","0",,,"0","0","-743,000","-5,179,000","-2,730,000","-2,342,000","-13,268,000","-11,455,000","-16,523,000","-4,715,000","-1,692,000","-1,744,000","-2,454,000","-1,852,000","-1,891,000","-1,717,000","-5,089,000","-2,222,000","-1,998,000","-2,614,000",,,,,,,,,,,,,,,,,,,,,,,,"27,000","-3,705,000","-1,399,000","-1,095,000","-284,000","-3,153,000","-312,000","2,032,000","-55,000","-2,132,000","535,000","771,000","662,000","79,000","700,000","2,600,000","-1,300,000","-2,500,000","-800,000","-1,300,000",,"800,000","-400,000","-300,000","400,000","500,000","700,000","-300,000","400,000","-500,000","2,400,000","-4,000,000","600,000","10,300,000","800,000","700,000","700,000","-20,900,000","-300,000","400,000","-400,000","600,000","1,100,000","1,200,000","-11,400,000","-1,200,000","800,000","1,400,000","2,100,000","800,000","1,100,000","900,000","1,300,000","900,000","1,000,000","1,400,000","900,000",,,,,,,,,,,,,
		RestructuringAndMergernAcquisition,"0","0","0","0","0","13,482,000","31,069,000","0","5,429,000","60,196,000","12,353,000","969,000","609,000","856,000","6,894,000","5,340,000","2,123,000","1,778,000","942,000","0","2,865,000","1,108,000","23,404,000",,,,,,,,"3,484,000","0",,,"0","0","743,000","519,000","2,730,000","2,342,000","7,491,000","11,455,000","16,523,000","4,715,000","689,000","1,744,000","2,454,000","1,852,000","1,891,000","1,717,000","5,089,000","2,222,000","1,998,000","2,614,000",,,,,,,,,,,,,,,,,,,,,,,,,,,,,,,,,,,,,,,,,,,,,,,,,,,,,,,,,,,,,,,,,,,,,,,,,,,,,,,,,,,,,,,,,,,,,
		ImpairmentOfCapitalAssets,,,"0","0","0","0","23,781,000","0","0","262,719,000","0",,,,"98,044,000",,,,,,,,,,,,,,,,,,,,,,,,"0","0","5,777,000",,,,,,,,,,,,,,,,,,,,,,,,,,,,,,,,,,,,,,,,,,,,,,,,,,,,,,,,,,,,,,,,,,,,,,,,,,,,,,,,,,,,,,,,,,,,,,,,,,,,,,,,,,
		WriteOff,,,,,,,,,,,,,,,,,,,,,,,,,,,,,,,"0","0",,,"0","0","0","4,660,000",,,,,,,,,,,,,,,,,,,,,,,,,,,,,,,,,,,,,,,,,,,,,,,,,,,,,,,,,,,,,,,,,,,,,,,,,,,,,,,,,,,,,,,,,,,,,,,,,,,,,,,,,,,,,
		OtherSpecialCharges,,,"362,000","649,000",,,,,,,,,,,"186,000",,,,,,,,,,,,"0","1,961,000","8,690,000",,"420,000",,,,,,,,,,,,"0",,"1,003,000",,,,,,,,,,,,,,,,,,,,,,,,,,,,,,,,,,,,,,,,,,,,,,,,,,,,,,,,,,,,,,,,,,,,,,,,,,,,,,,,,,,,,,,,,,,,,,,,,,,,,,
		GainOnSaleOfBusiness,,,,,,,,,,,,,,,,,,,,,,,,,,,,,,,"4,679,000",,,,,,,,,,,,,,,,,,,,,,,,,,,,,,,,,,,,,,,,,,,,,,,,,,,,,,,,,,,,,,,,,,,,,,,,,,,,,,,,,,,,,,,,,,,,,,,,,,,,,,,,,,,,,,,,,,,,
	OtherNonOperatingIncomeExpenses,"14,972,000","3,422,000","3,845,000","3,844,000","3,860,000","3,828,000","4,116,000","5,461,000","3,672,000","3,585,000","1,000","2,633,000","2,650,000","2,619,000","3,054,000","3,085,000","3,078,000","3,091,000",,,,,,,,,,,,,,,,,,,,,,,,,,,,,,,,,,,,,,,,,,,,,,,,,,,,,,,,,,,,,,,,,,,,,,,,,,,,,,,,,,,,,,,,,,,,,,,,,,,,,,,,,,,,,,,,,,,,,,,,,,,,,,,,,
PretaxIncome,"246,656,000","67,318,000","45,184,000","79,444,000","54,711,000","9,906,000","-65,803,000","14,651,000","-33,855,000","-432,104,000","-2,165,000","35,545,000","33,065,000","12,148,000","-98,351,000","38,623,000","31,619,000","22,354,000","26,245,000","48,824,000","26,721,000","20,916,000","-9,542,000","52,327,000","29,089,000","25,380,000","13,302,000","46,350,000","22,937,000","26,177,000","12,229,000","48,115,000","26,286,000","23,496,000","5,187,000","39,546,000","17,702,000","15,305,000","4,636,000","35,686,000","-4,396,000","2,621,000","-13,735,000","25,774,000","-7,298,000","5,975,000","608,000","28,408,000","7,370,000","16,834,000","4,362,000","29,360,000","-9,747,000","-12,273,000","-209,586,000","9,492,000","1,686,000","9,802,000","60,238,000","40,055,000","15,128,000","14,193,000","18,356,000","38,356,000","22,325,000","14,390,000","18,856,000","26,372,000","5,801,000","20,118,000","5,894,000","26,522,000","11,307,000","12,564,000","5,629,000","30,296,000","16,203,000","12,527,000","11,436,000","28,802,000","10,128,000","11,133,000","-38,177,000","15,250,000","7,825,000","9,427,000","5,971,000","22,728,000","13,718,000","9,940,000","1,765,000","22,100,000","17,800,000","10,200,000","1,200,000","21,600,000","7,700,000","7,000,000","-13,800,000","3,400,000","5,800,000","2,500,000","-900,000","18,300,000","8,900,000","800,000","-2,200,000","17,500,000","-12,900,000","-7,000,000","13,700,000","23,000,000","11,200,000","12,500,000","-48,000,000","21,200,000","8,400,000","6,600,000","12,500,000","15,600,000","8,500,000","-31,500,000","-1,300,000","10,600,000","7,100,000","6,000,000","11,800,000","15,500,000","8,100,000","13,100,000","14,500,000","14,800,000","5,400,000","11,800,000",,,,,,,,,,,,,
TaxProvision,"64,893,000","17,333,000","11,243,000","19,759,000","16,559,000","3,521,000","11,276,000","-275,000","-3,186,000","-85,932,000","-2,174,000","7,784,000","7,838,000","3,063,000","-22,924,000","9,468,000","8,008,000","5,174,000","5,945,000","14,451,000","9,047,000","6,032,000","-3,346,000","17,601,000","9,410,000","7,502,000","1,724,000","12,358,000","6,074,000","6,786,000","-3,962,000","14,878,000","8,247,000","8,020,000","-764,000","12,495,000","4,081,000","7,946,000","633,000","11,399,000","-1,682,000","993,000","-6,968,000","8,180,000","-2,530,000","2,334,000","-2,639,000","9,918,000","2,582,000","6,299,000","-364,000","12,356,000","-5,531,000","-5,202,000","-55,552,000","-852,000","-369,000","2,980,000","582,000","13,046,000","5,298,000","4,557,000","4,777,000","11,449,000","7,134,000","4,359,000","5,490,000","6,600,000","1,718,000","16,339,000","-2,210,000","7,702,000","3,493,000","3,997,000","494,000","9,096,000","4,647,000","3,524,000","2,088,000","7,780,000","2,959,000","3,500,000","-15,069,000","3,399,000","2,030,000","3,016,000","967,000","7,113,000","4,520,000","3,392,000","-2,136,000","7,300,000","7,300,000","3,900,000","-1,400,000","8,700,000","3,400,000","3,100,000","-1,200,000","16,700,000","2,300,000","1,000,000","-2,300,000","5,400,000","3,400,000","300,000","-6,000,000","7,800,000","-4,500,000","-2,600,000","9,900,000","8,100,000","3,800,000","4,600,000","-17,600,000","7,200,000","2,900,000","2,400,000","3,300,000","4,800,000","3,000,000","-10,700,000","-1,500,000","3,600,000","2,500,000","2,100,000","4,000,000","5,500,000","2,900,000","4,400,000","3,900,000","5,300,000","2,000,000","4,500,000",,,,,,,,,,,,,
NetIncomeCommonStockholders,"174,592,000","48,492,000","28,872,000","59,622,000","36,036,000","5,937,000","-76,976,000","13,905,000","-30,717,000","-345,838,000","462,000","27,041,000","24,484,000","8,800,000","-73,502,000","28,353,000","22,973,000","16,733,000","19,773,000","33,438,000","17,105,000","14,494,000","-6,439,000","33,820,000","19,245,000","17,296,000","11,095,000","32,920,000","16,281,000","18,607,000","15,662,000","31,905,000","17,395,000","14,837,000","5,933,000","26,208,000","14,706,000","-10,762,000","2,674,000","24,292,000","-2,535,000","1,695,000","-8,222,000","33,732,000","-4,609,000","3,688,000","3,353,000","18,573,000","5,261,000","10,046,000","5,048,000","16,300,000","-4,245,000","-7,603,000","-153,048,000","10,398,000","2,217,000","7,195,000","13,952,000","27,009,000","9,830,000","9,636,000","13,579,000","26,907,000","15,191,000","10,031,000","13,366,000","19,772,000","4,083,000","3,779,000","8,104,000","18,820,000","7,814,000","8,567,000","5,135,000","21,200,000","11,556,000","9,003,000","9,348,000","21,022,000","7,169,000","7,633,000","-28,019,000","11,851,000","5,795,000","6,411,000","5,004,000","15,615,000","9,198,000","6,548,000","3,901,000","14,800,000","10,500,000","6,300,000","2,600,000","12,900,000","4,300,000","3,900,000","-12,600,000","-13,300,000","3,500,000","1,500,000","1,400,000","12,900,000","5,500,000","500,000","6,400,000","9,700,000","-8,400,000","-4,400,000","8,300,000","15,700,000","7,400,000","7,900,000","-55,300,000","14,000,000","5,500,000","4,200,000","9,200,000","10,800,000","5,500,000","-20,800,000","200,000","7,000,000","4,600,000","3,900,000","7,800,000","10,000,000","5,200,000","8,700,000","10,600,000","9,500,000","3,400,000","7,300,000",,,,,,,,,,,,,
	NetIncome,"181,381,000","50,509,000","33,854,000","59,622,000","37,396,000","6,147,000","-76,976,000","14,417,000","-30,717,000","-345,838,000","408,000","27,987,000","25,341,000","9,083,000","-75,452,000","29,153,000","23,646,000","17,212,000","20,316,000","34,387,000","17,595,000","14,902,000","-6,622,000","34,730,000","19,768,000","17,782,000","11,410,000","33,983,000","16,825,000","19,261,000","16,244,000","33,113,000","18,064,000","15,429,000","6,164,000","27,314,000","15,357,000","-10,762,000","4,039,000","24,292,000","-2,535,000","1,695,000","-8,222,000","33,732,000","-4,609,000","3,688,000","3,353,000","18,573,000","5,261,000","10,046,000","5,048,000","16,300,000","-4,245,000","-7,603,000","-153,048,000","10,398,000","2,217,000","7,195,000","13,952,000","27,009,000","9,830,000","9,636,000","13,579,000","26,907,000","15,191,000","10,031,000","13,366,000","19,772,000","4,083,000","3,779,000","8,104,000","18,820,000","7,814,000","8,567,000","5,135,000","21,200,000","11,556,000","9,003,000","9,348,000","21,022,000","7,169,000","7,633,000","-28,019,000","11,851,000","5,795,000","6,411,000","5,004,000","15,615,000","9,198,000","6,548,000","3,901,000","14,800,000","10,500,000","6,300,000","2,600,000","12,900,000","4,300,000","3,900,000","-12,600,000","-13,300,000","3,500,000","1,500,000","1,400,000","12,900,000","5,500,000","500,000","6,400,000","9,700,000","-8,400,000","-4,400,000","8,300,000","15,700,000","7,400,000","7,900,000","-55,300,000","14,000,000","5,500,000","4,200,000","9,200,000","10,800,000","5,500,000","-20,800,000","200,000","7,000,000","4,600,000","3,900,000","7,800,000","10,000,000","5,200,000","8,700,000","10,600,000","9,500,000","3,400,000","7,300,000",,,,,,,,,,,,,
		NetIncomeIncludingNoncontrollingInterests,"181,763,000","49,985,000","33,941,000","59,685,000","38,152,000","6,385,000","-77,079,000","14,926,000","-30,669,000","-346,172,000","9,000","27,761,000","25,227,000","9,085,000","-75,427,000","29,155,000","23,611,000","17,180,000","20,300,000","34,373,000","17,674,000","14,884,000","-6,196,000","34,726,000","19,679,000","17,878,000","11,578,000","33,992,000","16,863,000","19,391,000","16,191,000","33,237,000","18,039,000","15,476,000","6,161,000","27,284,000","15,283,000","-10,832,000","4,003,000","24,287,000","-2,714,000","1,628,000","-8,176,000","33,693,000","-4,768,000","3,641,000","3,247,000","18,490,000","4,788,000","10,535,000","4,726,000","17,004,000","-4,216,000","-7,071,000","-154,034,000","10,344,000","2,055,000","6,822,000","14,080,000","26,963,000","9,830,000","9,636,000","13,579,000","26,907,000","15,191,000","10,031,000","13,366,000","19,772,000","4,083,000","3,779,000","8,104,000","18,820,000","7,814,000","8,567,000","5,135,000","21,200,000","11,556,000","9,003,000","9,348,000","21,022,000","7,169,000","7,633,000","-28,019,000","11,851,000","5,795,000","6,411,000","5,004,000","15,615,000","9,198,000","6,548,000","3,901,000","14,800,000","10,500,000","6,300,000","2,600,000","12,900,000","4,300,000","3,900,000","-12,600,000","-13,300,000","3,500,000","1,500,000","1,400,000","12,900,000","5,500,000","500,000","6,400,000","9,700,000","-8,400,000","-4,400,000","8,300,000","15,700,000","7,400,000","7,900,000","-55,300,000","14,000,000","5,500,000","4,200,000","9,200,000","10,800,000","5,500,000","-20,800,000","200,000","7,000,000","4,600,000","3,900,000","7,800,000","10,000,000","5,200,000","8,700,000","10,600,000","9,500,000","3,400,000","7,300,000","100,000","11,700,000","6,700,000","7,700,000","15,500,000","15,500,000","5,900,000","10,000,000","13,800,000","4,000,000","7,800,000","14,500,000","18,200,000"
			NetIncomeContinuousOperations,"181,763,000","49,985,000","33,941,000","59,685,000","38,152,000","6,385,000","-77,079,000","14,926,000","-30,669,000","-346,172,000","9,000","27,761,000","25,227,000","9,085,000","-75,427,000","29,155,000","23,611,000","17,180,000","20,300,000","34,373,000","17,674,000","14,884,000","-6,196,000","34,726,000","19,679,000","17,878,000","11,578,000","33,992,000","16,863,000","19,391,000","16,191,000","33,237,000","18,039,000","15,476,000","5,951,000","27,051,000","13,621,000","7,359,000","4,003,000","24,287,000","-2,714,000","1,628,000","-6,767,000","17,594,000","-4,768,000","3,641,000","3,247,000","18,490,000","4,788,000","10,535,000","4,726,000","17,004,000","-4,216,000","-7,071,000","-154,623,000","10,398,000","2,217,000","7,195,000","13,952,000","27,009,000","9,830,000","9,636,000","13,579,000","26,907,000","15,191,000","10,031,000","13,366,000","19,772,000","4,083,000","3,779,000","8,104,000","18,820,000","7,814,000","8,567,000","5,135,000","21,200,000","11,556,000","9,003,000","9,348,000","21,022,000","7,169,000","7,633,000","-23,108,000","11,851,000","5,795,000","6,411,000","5,004,000","15,615,000","9,198,000","6,548,000","3,901,000","14,800,000","10,500,000","6,300,000","2,600,000","12,900,000","4,300,000","3,900,000","-12,600,000","-13,300,000","3,500,000","1,500,000","1,400,000","12,900,000","5,500,000","500,000","3,800,000","9,700,000","-8,400,000","-4,400,000","3,800,000","14,900,000","7,400,000","7,900,000","-30,400,000","14,000,000","5,500,000","4,200,000","9,200,000","10,800,000","5,500,000","-20,800,000","200,000","7,000,000","4,600,000","3,900,000","7,800,000","10,000,000","5,200,000","8,700,000","10,600,000","9,500,000","3,400,000","7,300,000","1,100,000","12,700,000","7,700,000","8,600,000","15,500,000","15,500,000","5,900,000","10,000,000","13,800,000","4,000,000","7,800,000","14,500,000","18,200,000"
			NetIncomeDiscontinuousOperations,,,,,,,,,,,,,,,,,,,,,,,,,,,,,,,"0","0",,,"210,000","233,000","1,662,000","-18,191,000","0","0","0","0","-1,409,000","16,099,000",,,,,,,,,,,,,,,,,,,,,,,,,,,,,,,,,,,,,,,,,,,,,,,,,,,,,,,,,,,,,,,,,,,"4,500,000","800,000",,,,,,,,,,,,,,,,,,,,,,,"-1,000,000","-1,000,000","-1,000,000","-900,000",,,,,,,,,"0"
		MinorityInterests,"-382,000","524,000","-87,000","-63,000","-756,000","-238,000","103,000","-509,000","-48,000","334,000","399,000","226,000","114,000","-2,000","-25,000","-2,000","35,000","32,000","16,000","14,000","-79,000","18,000","-426,000","4,000","89,000","-96,000","-168,000","-9,000","-38,000","-130,000","53,000","-124,000","25,000","-47,000","3,000","30,000","74,000","70,000","36,000","5,000","179,000","67,000","-46,000","39,000","159,000","47,000","106,000","83,000","473,000","-489,000","322,000","-704,000","-29,000","-532,000","986,000","54,000","162,000","373,000","-128,000","46,000",,,,,,,,,,,,,,,,,,,,,,,,,,,,,,,,,,,,,,,,,,,,,,,,,,,,,,,,,,,,,,,,,,,,,,,,,,,,,,,,,,,,,,,
	OtherunderPreferredStockDividend,"6,789,000","2,017,000","1,240,000",,"1,360,000","210,000","0","512,000","0","0","-54,000","946,000","857,000","283,000","-1,950,000","800,000","673,000","479,000","543,000","949,000","490,000","408,000","-183,000","910,000","523,000","486,000","315,000","1,063,000","544,000","654,000","582,000","1,208,000","669,000","592,000","231,000","1,106,000","651,000","0","199,000","1,212,000",,,,,,,,,,,,,,,,,,,,,,,,,,,,,,,,,,,,,,,,,,,,,,,,,,,,,,,,,,,,,,,,,,,,,,,,,,,,,,,,,,,,,,,,,,,,,,,,,,,,,,,,,,,
DilutedNIAvailtoComStockholders,"174,592,000","48,492,000","28,872,000","59,622,000","36,036,000","5,937,000","-76,976,000","13,905,000","-30,717,000","-345,838,000","462,000","27,041,000","24,484,000","8,800,000","-73,502,000","28,353,000","22,973,000","16,733,000","19,773,000","33,438,000","17,105,000","14,494,000","-6,439,000","33,820,000","19,245,000","17,296,000","11,095,000","32,920,000","16,281,000","18,607,000","15,662,000","31,905,000","17,395,000","14,837,000","5,933,000","26,208,000","14,706,000","-10,762,000","2,674,000","24,292,000","-2,535,000","1,695,000","-8,222,000","33,732,000","-4,609,000","3,688,000","3,353,000","18,573,000","5,261,000","10,046,000","5,048,000","16,300,000","-4,245,000","-7,603,000","-153,048,000","10,398,000","2,217,000","7,195,000","13,952,000","27,009,000","9,830,000","9,636,000","13,579,000","26,907,000","15,191,000","10,031,000","13,366,000","19,772,000","4,083,000","3,779,000","8,104,000","18,820,000","7,814,000","8,567,000","5,135,000","21,200,000","11,556,000","9,003,000","9,348,000","21,022,000","7,169,000","7,633,000","-28,019,000","11,851,000","5,795,000","6,411,000","5,004,000","15,615,000","9,198,000","6,548,000","3,901,000","14,800,000","10,500,000","6,300,000","2,600,000","12,900,000","4,300,000","3,900,000","-12,600,000","-13,300,000","3,500,000","1,500,000","1,400,000","12,900,000","5,500,000","500,000","6,400,000","9,700,000","-8,400,000","-4,400,000","8,300,000","15,700,000","7,400,000","7,900,000","-55,300,000","14,000,000","5,500,000","4,200,000","9,200,000","10,800,000","5,500,000","-20,800,000","200,000","7,000,000","4,600,000","3,900,000","7,800,000","10,000,000","5,200,000","8,700,000","10,600,000","9,500,000","3,400,000","7,300,000",,,,,,,,,,,,,
BasicEPS,,"1.34",,"1.56","0.98","0.16","-2.11","0.38","-0.83","-8.95","0.01","0.69","0.61","0.22","-1.83","0.68","0.55","0.4","0.47","0.8","0.41","0.35","-0.16","0.81","0.46","0.41","0.26","0.78","0.38","0.44","0.37","0.76","0.41","0.35","0.14","0.63","0.36","-0.26","0.09","0.57","-0.06","0.04",,"0.8","-0.11","0.08",,"0.42","0.12","0.23",,"0.38","-0.1","-0.18",,"0.25","0.05","0.17",,"0.62","0.23","0.22",,"0.634","0.36","0.24",,"0.485","0.102","0.093",,"0.467","0.196","0.213",,"0.529","0.293","0.227",,"0.538","0.182","0.196",,"0.307","0.151","0.164",,"0.392","0.227","0.164",,"0.365","0.262","0.16",,"0.325","0.107","0.098",,"-0.338","0.089","0.04",,"0.329","0.138","0.013",,"0.245","-0.214","-0.111",,"0.396","0.187","0.2",,"0.36","0.142","0.107",,"0.28","0.142","-0.538",,"0.182","0.12","0.102",,"0.258","0.133","0.227",,"0.245","0.089","0.187",,"0.298","0.174","0.196",,"0.387","0.147","0.249",,"0.098","0.187","0.338",
DilutedEPS,,"1.32",,"1.54","0.97","0.16","-2.11","0.38","-0.83","-8.95","0.01","0.69","0.61","0.22","-1.83","0.67","0.55","0.4","0.47","0.8","0.41","0.35","-0.16","0.81","0.46","0.41","0.26","0.78","0.38","0.44","0.37","0.75","0.41","0.35","0.14","0.63","0.35","-0.26","0.09","0.56","-0.06","0.04",,"0.79","-0.11","0.08",,"0.42","0.12","0.23",,"0.38","-0.1","-0.18",,"0.25","0.05","0.17",,"0.61","0.22","0.22",,"0.62","0.347","0.233",,"0.463","0.098","0.089",,"0.449","0.182","0.2",,"0.503","0.276","0.218",,"0.525","0.178","0.191",,"0.303","0.147","0.16",,"0.392","0.227","0.16",,"0.36","0.258","0.156",,"0.32","0.107","0.098",,"-0.338","0.089","0.04",,"0.325","0.138","0.013",,"0.245","-0.214","-0.111",,"0.396","0.187","0.2",,"0.36","0.142","0.107",,"0.28","0.142","-0.538",,"0.182","0.12","0.102",,"0.258","0.133","0.227",,"0.245","0.089","0.187",,"0.298","0.174","0.196",,"0.387","0.147","0.249",,"0.098","0.187","0.338",
BasicAverageShares,,"36,209,000",,"36,889,000","36,880,000","36,707,000","36,564,000","36,554,000","37,113,000","38,649,000","39,235,000","39,258,000","39,951,000","40,741,000","41,150,000","41,999,000","41,964,000","41,910,000","41,799,000","41,788,000","41,783,000","41,832,000","41,827,000","41,802,000","42,043,000","42,433,000","42,372,000","42,345,000","42,325,000","42,313,000","42,178,000","42,144,000","42,074,000","41,887,000","41,560,000","41,447,000","41,348,000","41,070,000","40,774,000","40,745,000","40,687,000","40,422,000",,"40,079,000","41,852,000","42,475,000",,"42,348,000","42,147,000","41,755,000",,"41,588,000","41,583,000","41,566,000",,"41,547,000","41,538,000","42,323,529",,"43,688,000","42,739,130","43,800,000",,"42,322,339","42,197,222","41,795,833",,"40,940,549","39,942,391","40,489,286",,"40,331,408","39,957,955","40,157,812",,"39,922,318","39,395,455","39,719,118",,"39,097,393","39,342,073","39,032,386",,"38,679,310","38,349,265","38,985,811",,"39,668,322","40,579,412","39,818,919",,"40,569,175","40,002,286","39,335,664",,"39,720,540","40,272,353","39,846,336",,"39,335,613","39,335,566","37,462,537",,"39,183,763","39,879,347","37,461,602",,"39,642,158","39,335,603","39,560,519",,"39,651,271","39,603,325","39,460,539",,"38,850,039","38,633,362","39,335,787",,"38,532,896","38,633,362","38,639,015",,"38,376,351","38,295,038","38,114,225",,"38,754,282","38,960,942","38,344,065",,"38,824,794","38,211,693","39,068,144",,"39,014,226","39,036,703","39,555,934",,"40,234,756","40,504,486","40,504,486",,"41,232,757","42,302,687","43,422,067",
DilutedAverageShares,,"36,676,000",,"37,346,000","37,147,000","36,865,000","36,564,000","36,730,000","37,113,000","38,649,000","39,290,000","39,313,000","40,006,000","40,801,000","41,150,000","42,106,000","42,081,000","42,034,000","41,997,000","41,970,000","41,954,000","42,001,000","42,004,000","41,939,000","42,185,000","42,596,000","42,549,000","42,465,000","42,448,000","42,458,000","42,352,000","42,328,000","42,276,000","42,116,000","41,886,000","41,766,000","41,664,000","41,268,000","41,109,000","40,935,000","40,687,000","40,744,000",,"40,610,000","41,852,000","43,006,000",,"42,608,000","42,463,000","41,987,000",,"41,653,000","41,583,000","41,566,000",,"41,859,000","41,788,000","42,323,529",,"44,469,000","44,681,818","43,800,000",,"43,559,220","43,820,192","42,990,000",,"42,603,886","41,757,955","42,513,750",,"41,918,321","42,881,707","42,835,000",,"42,028,462","41,937,097","41,340,306",,"39,994,246","40,325,625","39,940,116",,"39,142,348","39,511,364","40,068,750",,"39,985,255","40,579,412","40,925,000",,"41,070,041","40,691,996","40,459,569",,"40,272,228","40,272,353","39,846,336",,"39,335,613","39,335,566","37,462,537",,"39,720,540","39,879,347","37,461,602",,"39,642,158","39,335,603","39,560,519",,"39,651,271","39,603,325","39,460,539",,"38,850,039","38,633,362","39,335,787",,"38,532,896","38,633,362","38,639,015",,"38,376,351","38,295,038","38,114,225",,"38,754,282","38,960,942","38,344,065",,"38,824,794","38,211,693","39,068,144",,"39,014,226","39,036,703","39,555,934",,"40,234,756","40,504,486","40,504,486",,"41,232,757","42,302,687","43,422,067",
TotalOperatingIncomeAsReported,"254,132,000","66,195,000","43,828,000","81,318,000","62,792,000","17,870,000","-55,379,000","20,071,000","-24,140,000","-426,211,000","5,669,000","43,471,000","37,804,000","16,869,000","-94,437,000","39,748,000","32,143,000","22,946,000","30,340,000","52,870,000","31,096,000","25,725,000","-5,468,000","55,452,000","32,258,000","28,743,000","16,814,000","52,223,000","35,734,000","30,336,000","12,693,000","53,213,000","31,302,000","28,726,000","10,179,000","44,668,000","22,812,000","20,958,000","10,504,000","41,123,000","1,285,000","8,695,000","-7,893,000","32,361,000","160,000","12,588,000","5,927,000","33,278,000","12,131,000","21,328,000","9,331,000","34,337,000","-4,978,000","-7,167,000","-204,532,000","12,925,000","4,939,000","13,367,000","17,542,000","42,806,000","17,963,000","17,551,000","21,251,000","42,016,000","26,266,000","18,594,000","23,394,000","31,395,000","10,774,000","23,068,000","7,292,000","28,281,000","13,278,000","14,917,000","10,694,000","32,434,000","18,616,000","15,406,000","17,871,000","33,041,000","14,261,000","15,045,000","-30,375,000","20,389,000","11,040,000","14,999,000","13,600,000","26,940,000","17,261,000","13,543,000","5,635,000","25,500,000","19,600,000","16,200,000","8,200,000","26,900,000","13,900,000","12,500,000","-9,100,000","8,900,000","11,500,000","7,800,000","4,100,000","22,000,000","13,700,000","5,200,000","2,500,000","19,000,000","-4,900,000","-3,700,000","6,600,000","26,200,000","14,800,000","16,300,000","-23,100,000","25,800,000","12,400,000","11,800,000","16,400,000","18,700,000","11,300,000","-16,100,000","3,700,000","13,800,000","9,600,000","8,100,000","15,500,000","19,500,000","11,400,000","16,200,000","18,800,000","19,000,000","9,100,000","16,200,000",,,,,,,,,,,,,
TotalExpenses,"2,619,952,000","668,921,000","635,453,000","702,838,000","612,739,000","607,284,000","571,464,000","627,409,000","520,159,000","500,480,000","680,926,000","747,935,000","714,072,000","660,029,000","709,762,000","730,741,000","672,346,000","607,418,000","671,183,000","721,786,000","642,993,000","604,676,000","621,552,000","676,778,000","590,679,000","555,990,000","591,860,000","676,416,000","602,100,000","571,947,000","599,216,000","676,064,000","604,575,000","562,436,000","589,784,000","658,120,000","598,151,000","562,519,000","626,942,000","688,704,000","584,726,000","606,291,000","620,261,000","676,712,000","627,279,000","610,288,000","596,143,000","680,963,000","571,734,000","574,673,000","551,552,000","589,076,000","514,601,000","543,293,000","522,099,000","618,732,000","564,280,000","541,124,000","553,902,000","602,740,000","558,608,000","548,797,000","618,010,000","634,796,000","553,053,000","556,944,000","576,224,000","586,281,000","540,706,000","500,215,000","469,198,000","486,544,000","445,379,000","476,915,000","423,153,000","460,999,000","439,768,000","431,038,000","434,261,000","453,277,000","441,994,000","431,693,000","445,645,000","441,972,000","431,039,000","421,139,000","395,336,000","436,005,000","401,448,000","380,726,000","350,797,000","403,600,000","390,500,000","380,600,000","332,400,000","385,100,000","369,700,000","389,800,000","371,800,000","425,000,000","367,300,000","384,000,000","354,900,000","398,300,000","376,300,000","350,600,000","346,200,000","387,900,000","347,800,000","361,100,000","325,600,000","380,700,000","389,700,000","410,900,000","173,900,000","500,700,000","444,200,000","452,100,000","433,400,000","470,300,000","404,000,000","453,100,000","430,000,000","441,100,000","407,400,000","414,200,000","421,000,000","433,400,000","424,300,000","422,500,000","464,500,000","453,700,000","418,900,000","420,400,000",,,,,,,,,,,,,
NetIncomeFromContinuingAndDiscontinuedOperation,"181,381,000","50,509,000","33,854,000","59,622,000","37,396,000","6,147,000","-76,976,000","14,417,000","-30,717,000","-345,838,000","408,000","27,987,000","25,341,000","9,083,000","-75,452,000","29,153,000","23,646,000","17,212,000","20,316,000","34,387,000","17,595,000","14,902,000","-6,622,000","34,730,000","19,768,000","17,782,000","11,410,000","33,983,000","16,825,000","19,261,000","16,244,000","33,113,000","18,064,000","15,429,000","6,164,000","27,314,000","15,357,000","-10,762,000","4,039,000","24,292,000","-2,535,000","1,695,000","-8,222,000","33,732,000","-4,609,000","3,688,000","3,353,000","18,573,000","5,261,000","10,046,000","5,048,000","16,300,000","-4,245,000","-7,603,000","-153,048,000","10,398,000","2,217,000","7,195,000","13,952,000","27,009,000","9,830,000","9,636,000","13,579,000","26,907,000","15,191,000","10,031,000","13,366,000","19,772,000","4,083,000","3,779,000","8,104,000","18,820,000","7,814,000","8,567,000","5,135,000","21,200,000","11,556,000","9,003,000","9,348,000","21,022,000","7,169,000","7,633,000","-23,108,000","11,851,000","5,795,000","6,411,000","5,004,000","15,615,000","9,198,000","6,548,000","3,901,000","14,800,000","10,500,000","6,300,000","2,600,000","12,900,000","4,300,000","3,900,000","-12,600,000","-13,300,000","3,500,000","1,500,000","1,400,000","12,900,000","5,500,000","500,000","6,400,000","9,700,000","-8,400,000","-4,400,000","8,300,000","15,700,000","7,400,000","7,900,000","-53,100,000","14,000,000","5,500,000","4,200,000","9,200,000","10,800,000","5,500,000","-20,800,000","200,000","7,000,000","4,600,000","3,900,000","7,800,000","10,000,000","5,200,000","8,700,000","10,600,000","9,500,000","3,400,000","7,300,000",,,,,,,,,,,,,
NormalizedIncome,"182,126,014.891","50,509,000","34,125,924.619","60,109,399","37,396,000","14,842,890","-36,935,500","14,417,000","-25,798,326","-87,183,085","9,425,690","28,743,789","25,805,667","9,723,288","5,169,325.131","33,184,700","25,231,881","18,579,282","21,044,618.785","34,387,000","19,488,765","15,690,896","8,575,147.768","34,730,000","19,768,000","17,782,000","11,410,000","35,420,413","23,212,150","19,261,000","15,779,000","33,113,000","18,064,000","15,429,000","5,954,000","27,081,000","14,266,367","10,795,350","6,396,245.47","25,885,906.686","5,656,390.355","8,810,123.998","3,926,950","20,851,581.128","-3,503,566.183","4,750,745.439","4,948,100","19,778,416.784","6,489,508.548","11,120,527.444","8,355,850","17,744,300","-2,946,300","-5,903,900","-153,048,000","10,398,000","2,217,000","7,195,000","13,952,000","27,009,000","9,830,000","9,636,000","13,579,000","26,907,000","15,191,000","10,031,000","13,366,000","19,772,000","4,083,000","3,779,000","8,104,000","18,820,000","7,814,000","8,567,000","5,135,000","21,200,000","11,556,000","8,983,595.434","12,376,536.201","22,043,101.937","7,944,084.419","7,827,715.89","-21,199,533.541","12,093,459.803","4,290,151.438","6,448,403.734","6,790,723.832","15,247,434.662","8,681,039.948","6,111,905.835","3,853,600","14,331,221.719","8,940,000","7,102,941.176","4,100,000","13,380,000","5,080,000","3,900,000","-13,330,434.783","-13,060,000","3,681,034.483","1,260,000","1,100,000","12,406,557.377","5,685,393.258","250,000","4,100,000","8,260,000","-5,795,348.837","-4,777,142.857","-2,380,000","14,381,739.13","6,937,500","7,457,600","-17,163,333.333","14,198,113.208","5,238,095.238","4,454,545.455","8,758,400","10,038,461.538","4,723,529.412","-13,272,380.952","920,000","6,471,698.113","3,692,957.746","2,535,000","7,271,186.441","9,290,322.581","4,622,222.222","7,836,641.221","9,942,068.966","8,858,108.108","2,518,518.519","6,743,220.339",,,,,,,,,,,,,
InterestIncome,,,,,,,,,,,,,,,,,,,"172,000","95,000","262,000","235,000","473,000","350,000","310,000","247,000","133,000","224,000","238,000","304,000","85,000","109,000","109,000","76,000","95,000","132,000","82,000","68,000","86,000","76,000","77,000","83,000","396,000","98,000","65,000","85,000","90,000","46,000","49,000","18,000","34,000","52,000","145,000","143,000",,,,,,,,,"1,124,000",,,,,,,,,"221,000","170,000",,,,,,,,,,,,,,,,,,,,,,,,,,,,,,,,,,,,,,,,,,,,,,,,,,,,,,,,,,,,,,,,,,,,,,,,,,
InterestExpense,"21,437,000","2,299,000","2,127,000","5,069,000","11,941,000","11,792,000","14,540,000","10,881,000","13,387,000","9,478,000","7,835,000","10,559,000","7,389,000","7,340,000","6,782,000","4,210,000","3,602,000","3,683,000","4,267,000","4,141,000","4,637,000","5,044,000","4,547,000","3,475,000","3,479,000","3,610,000","3,645,000","4,136,000","4,345,000","4,463,000","4,808,000","5,207,000","5,125,000","5,306,000","5,087,000","5,254,000","5,192,000","5,721,000","5,954,000","5,513,000","5,758,000","6,157,000","6,238,000","6,685,000","6,520,000","6,698,000","5,409,000","4,916,000","4,810,000","4,512,000","5,003,000","5,029,000","4,914,000","5,249,000",,,,,,,,,"4,019,000",,,,,,,,,"1,980,000","2,141,000",,,,,,,,,,,,,,,,,,,,,,,,,,,,,,,,,,,,,,,,,,,,,,,,,,,,,,,,,"4,400,000",,"5,200,000","5,100,000",,,,,,,,,,,,,,
NetInterestIncome,"-21,437,000","-2,299,000","-2,127,000","-5,069,000","-11,941,000","-11,792,000","-14,540,000","-10,881,000","-13,387,000","-9,478,000","-7,835,000","-10,559,000","-7,389,000","-7,340,000","-6,782,000","-4,210,000","-3,602,000","-3,683,000","-4,095,000","-4,046,000","-4,375,000","-4,809,000","-4,074,000","-3,125,000","-3,169,000","-3,363,000","-3,512,000","-3,912,000","-4,107,000","-4,159,000","-4,723,000","-5,098,000","-5,016,000","-5,230,000","-4,992,000","-5,122,000","-5,110,000","-5,653,000","-5,868,000","-5,437,000","-5,681,000","-6,074,000","-5,842,000","-6,587,000","-6,455,000","-6,613,000","-5,319,000","-4,870,000","-4,761,000","-4,494,000","-4,969,000","-4,977,000","-4,769,000","-5,106,000",,,,,,,,,"-2,895,000",,,,,,,,,"-1,759,000","-1,971,000",,,,,,,,,,,,,,,,,,,,,,,,,,,,,,,,,,,,,,,,,,,,,,,,,,,,,,,,,"-4,400,000",,"-5,200,000","-5,100,000",,,,,,,,,,,,,,
EBIT,"268,093,000","69,617,000","47,311,000","84,513,000","66,652,000","21,698,000","-51,263,000","25,532,000","-20,468,000","-422,626,000","5,670,000","46,104,000","40,454,000","19,488,000","-91,569,000","42,833,000","35,221,000","26,037,000","30,512,000","52,965,000","31,358,000","25,960,000","-4,995,000","55,802,000","32,568,000","28,990,000","16,947,000","50,486,000","27,282,000","30,640,000","17,037,000","53,322,000","31,411,000","28,802,000","10,274,000","44,800,000","22,894,000","21,026,000","10,590,000","41,199,000","1,362,000","8,778,000","-7,497,000","32,459,000","-778,000","12,673,000","6,017,000","33,324,000","12,180,000","21,346,000","9,365,000","34,389,000","-4,833,000","-7,024,000","-202,732,000","12,925,000","4,939,000","13,367,000","17,542,000","42,806,000","17,963,000","17,551,000","21,251,000","42,016,000","26,266,000","18,594,000","23,394,000","31,395,000","10,774,000","23,068,000","7,292,000","28,281,000","13,278,000","14,917,000","10,694,000","32,434,000","18,616,000","15,406,000","17,871,000","33,041,000","14,261,000","15,045,000","-30,375,000","20,389,000","11,040,000","14,999,000","13,600,000","26,940,000","17,261,000","13,543,000","5,635,000","25,500,000","19,600,000","16,200,000","8,200,000","26,900,000","13,900,000","12,500,000","-9,100,000","8,900,000","11,500,000","7,800,000","4,100,000","22,000,000","13,700,000","5,200,000","2,500,000","19,000,000","-4,900,000","-3,700,000","6,600,000","26,200,000","14,800,000","16,300,000","-23,100,000","25,800,000","12,400,000","11,800,000","16,400,000","18,700,000","11,300,000","-16,100,000","3,700,000","13,800,000","9,600,000","8,100,000","15,500,000","19,500,000","11,400,000","16,200,000","18,800,000","19,000,000","9,100,000","16,200,000","-1,181,000,000","455,200,000","392,700,000","396,000,000","-1,148,200,000","447,100,000","390,300,000","392,200,000","-945,700,000","313,300,000","339,600,000","368,300,000","-936,700,000"
EBITDA,"319,170,000"
ReconciledCostOfRevenue,"1,594,660,000","408,122,000","384,495,000","448,805,000","353,238,000","363,749,000","345,400,000","390,508,000","318,828,000","275,286,000","420,138,000","472,605,000","446,541,000","397,918,000","442,552,000","465,219,000","413,511,000","357,221,000","409,070,000","457,771,000","389,493,000","360,601,000","378,616,000","438,459,000","363,382,000","336,940,000","360,626,000","440,205,000","375,039,000","353,757,000","368,006,000","438,547,000","376,235,000","348,821,000","358,557,000","424,548,000","367,080,000","348,640,000","388,477,000","446,387,000","365,465,000","387,377,000","390,318,000","437,290,000","391,583,000","374,820,000","369,219,000","433,874,000","347,286,000","350,158,000","333,580,000","366,692,000","307,981,000","330,576,000","327,209,000","383,166,000","345,722,000","338,029,000","348,683,000","385,705,000","345,577,000","336,545,000","385,369,000","406,828,000","355,299,000","352,541,000","367,019,000","378,223,000","335,834,000","312,677,000","288,776,000","306,782,000","269,411,000","292,468,000","252,885,000","288,721,000","270,519,000","261,317,000","268,423,000","287,681,000","278,418,000","266,132,000","275,050,000","280,874,000","272,535,000","261,090,000","215,980,000","278,955,000","251,056,000","232,783,000","196,314,000","257,300,000","249,000,000","239,000,000","173,400,000","248,200,000","229,600,000","247,000,000","205,200,000","278,100,000","232,600,000","246,000,000","202,900,000","264,200,000","245,500,000","219,900,000","198,600,000","262,900,000","226,400,000","237,200,000","188,700,000","267,400,000","256,900,000","272,200,000","115,500,000","329,800,000","284,900,000","288,100,000","245,200,000","302,700,000","255,600,000","296,200,000","247,700,000","285,900,000","263,900,000","262,800,000","242,900,000","277,000,000","277,000,000","266,900,000","270,100,000","295,400,000","276,200,000","266,900,000",,,,,,,,,,,,,
ReconciledDepreciation,"51,077,000","12,357,000","12,850,000","12,861,000","13,009,000","13,610,000","14,420,000","14,806,000","14,489,000","16,824,000","16,550,000","16,238,000","16,342,000","16,432,000","17,346,000","15,831,000","14,735,000","14,785,000","15,871,000","16,036,000","16,414,000","15,749,000","15,653,000","13,948,000","13,430,000","13,100,000","13,100,000","12,849,000","12,908,000","12,582,000","13,070,000","13,015,000","12,823,000","12,707,000","14,215,000","13,778,000","13,531,000","13,805,000","14,326,000","13,731,000","13,446,000","13,280,000","14,588,000","15,095,000","15,114,000","14,314,000","13,317,000","12,617,000","12,113,000","12,275,000","12,481,000","13,035,000","13,422,000","12,162,000","13,583,000","13,230,000","14,714,000","13,346,000","20,474,000","10,957,000","10,811,000","10,026,000","10,854,000","10,538,000","10,458,000","9,958,000","11,005,000","10,986,000","10,517,000","7,826,000","13,659,000","6,464,000","6,016,000","5,771,000","5,815,000","6,788,000","6,553,000","6,316,000","7,088,000","6,103,000","5,866,000","5,834,000",,,,,,,,,,,,,,,,,,,,,,,,,,,,,,,,,,,,,,,,,,,,,,,,,,,,,,,,,,,,,,,,,
NetIncomeFromContinuingOperationNetMinorityInterest,"181,381,000","50,509,000","33,854,000","59,622,000","37,396,000","6,147,000","-76,976,000","14,417,000","-30,717,000","-345,838,000","408,000","27,987,000","25,341,000","9,083,000","-75,452,000","29,153,000","23,646,000","17,212,000","20,316,000","34,387,000","17,595,000","14,902,000","-6,622,000","34,730,000","19,768,000","17,782,000","11,410,000","33,983,000","16,825,000","19,261,000","16,244,000","33,113,000","18,064,000","15,429,000","5,954,000","27,081,000","13,695,000","7,429,000","4,039,000","24,292,000","-2,535,000","1,695,000","-6,813,000","17,633,000","-4,609,000","3,688,000","3,353,000","18,573,000","5,261,000","10,046,000","5,048,000","16,300,000","-4,245,000","-7,603,000","-153,048,000","10,398,000","2,217,000","7,195,000","13,952,000","27,009,000","9,830,000","9,636,000","13,579,000","26,907,000","15,191,000","10,031,000","13,366,000","19,772,000","4,083,000","3,779,000","8,104,000","18,820,000","7,814,000","8,567,000","5,135,000","21,200,000","11,556,000","9,003,000","9,348,000","21,022,000","7,169,000","7,633,000","-23,108,000","11,851,000","5,795,000","6,411,000","5,004,000","15,615,000","9,198,000","6,548,000","3,901,000","14,800,000","10,500,000","6,300,000","2,600,000","12,900,000","4,300,000","3,900,000","-12,600,000","-13,300,000","3,500,000","1,500,000","1,400,000","12,900,000","5,500,000","500,000","3,800,000","9,700,000","-8,400,000","-4,400,000","3,800,000","14,900,000","7,400,000","7,900,000","-30,400,000","14,000,000","5,500,000","4,200,000","9,200,000","10,800,000","5,500,000","-20,800,000","200,000","7,000,000","4,600,000","3,900,000","7,800,000","10,000,000","5,200,000","8,700,000","10,600,000","9,500,000","3,400,000","7,300,000",,,,,,,,,,,,,
TotalUnusualItemsExcludingGoodwill,"-1,011,000","0","-362,000","-649,000","0","-13,482,000","-54,850,000","0","-5,429,000","-322,915,000","-12,353,000","-969,000","-609,000","-856,000","-105,124,000","-5,340,000","-2,123,000","-1,778,000","-942,000","0","-2,865,000","-1,108,000","-23,404,000","0","0",,"0","-1,961,000","-8,690,000",,"775,000","0",,,"0","0","-743,000","-5,179,000","-2,730,000","-2,342,000","-13,268,000","-11,455,000","-16,523,000","-4,715,000","-1,692,000","-1,744,000","-2,454,000","-1,852,000","-1,891,000","-1,717,000","-5,089,000","-2,222,000","-1,998,000","-2,614,000",,,,,,,,,,,,,,,,,,,,,,,,"27,000","-3,705,000","-1,399,000","-1,095,000","-284,000","-3,153,000","-312,000","2,032,000","-55,000","-2,132,000","535,000","771,000","662,000","79,000","700,000","2,600,000","-1,300,000","-2,500,000","-800,000","-1,300,000",,"800,000","-400,000","-300,000","400,000","500,000","700,000","-300,000","400,000","-500,000","2,400,000","-4,000,000","600,000","10,300,000","800,000","700,000","700,000","-20,900,000","-300,000","400,000","-400,000","600,000","1,100,000","1,200,000","-11,400,000","-1,200,000","800,000","1,400,000","2,100,000","800,000","1,100,000","900,000","1,300,000","900,000","1,000,000","1,400,000","900,000",,,,,,,,,,,,,
TotalUnusualItems,"-1,011,000","0","-362,000","-649,000","0","-13,482,000","-54,850,000","0","-5,429,000","-322,915,000","-12,353,000","-969,000","-609,000","-856,000","-105,124,000","-5,340,000","-2,123,000","-1,778,000","-942,000","0","-2,865,000","-1,108,000","-23,404,000","0","0",,"0","-1,961,000","-8,690,000",,"775,000","0",,,"0","0","-743,000","-5,179,000","-2,730,000","-2,342,000","-13,268,000","-11,455,000","-16,523,000","-4,715,000","-1,692,000","-1,744,000","-2,454,000","-1,852,000","-1,891,000","-1,717,000","-5,089,000","-2,222,000","-1,998,000","-2,614,000",,,,,,,,,,,,,,,,,,,,,,,,"27,000","-3,705,000","-1,399,000","-1,095,000","-284,000","-3,153,000","-312,000","2,032,000","-55,000","-2,132,000","535,000","771,000","662,000","79,000","700,000","2,600,000","-1,300,000","-2,500,000","-800,000","-1,300,000",,"800,000","-400,000","-300,000","400,000","500,000","700,000","-300,000","400,000","-500,000","2,400,000","-4,000,000","600,000","10,300,000","800,000","700,000","700,000","-20,900,000","-300,000","400,000","-400,000","600,000","1,100,000","1,200,000","-11,400,000","-1,200,000","800,000","1,400,000","2,100,000","800,000","1,100,000","900,000","1,300,000","900,000","1,000,000","1,400,000","900,000",,,,,,,,,,,,,
NormalizedEBITDA,"320,181,000","81,974,000","60,523,000","98,023,000","79,661,000","48,790,000","18,007,000","40,338,000","-550,000","-82,887,000","34,573,000","63,311,000","57,405,000","36,776,000","30,901,000","64,004,000","52,079,000","42,600,000","47,325,000","69,001,000","50,637,000","42,817,000","34,062,000","69,750,000","45,998,000","42,090,000","30,047,000","65,296,000","48,880,000","43,222,000","29,332,000","66,337,000","44,234,000","41,509,000","24,489,000","58,578,000","37,168,000","40,010,000","27,646,000","57,272,000","28,076,000","33,513,000","23,614,000","52,269,000","16,028,000","28,731,000","21,788,000","47,793,000","26,184,000","35,338,000","26,935,000","49,646,000","10,587,000","7,752,000","-189,149,000","26,155,000","19,653,000","26,713,000","38,016,000","53,763,000","28,774,000","27,577,000","32,105,000","52,554,000","36,724,000","28,552,000","34,399,000","42,381,000","21,291,000","30,894,000","20,951,000","34,745,000","19,294,000","20,688,000","16,509,000","39,222,000","25,169,000","21,695,000","28,664,000","40,543,000","21,222,000","21,163,000","-27,222,000","20,701,000","9,008,000","15,054,000","15,732,000","26,405,000","16,490,000","12,881,000","5,556,000","24,800,000","17,000,000","17,500,000","10,700,000","27,700,000","15,200,000","12,500,000","-9,900,000","9,300,000","11,800,000","7,400,000","3,600,000","21,300,000","14,000,000","4,800,000","3,000,000","16,600,000","-900,000","-4,300,000","-3,700,000","25,400,000","14,100,000","15,600,000","-2,200,000","26,100,000","12,000,000","12,200,000","15,800,000","17,600,000","10,100,000","-4,700,000","4,900,000","13,000,000","8,200,000","6,000,000","14,700,000","18,400,000","10,500,000","14,900,000","17,900,000","18,000,000","7,700,000","15,300,000","-1,181,000,000","455,200,000","392,700,000","396,000,000","-1,148,200,000","447,100,000","390,300,000","392,200,000","-945,700,000","313,300,000","339,600,000","368,300,000","-936,700,000"
TaxRateForCalcs,"0.263","0.257","0.249","0.249","0.303","0.355","0.27","0.27","0.094","0.199","0.27","0.219","0.237","0.252","0.233","0.245","0.253","0.231","0.227","0.296","0.339","0.288","0.351","0.336","0.323","0.296","0.13","0.267","0.265","0.259","0.4","0.309","0.314","0.341","0.35","0.316","0.231","0.35","0.137","0.319","0.383","0.379","0.35","0.317","0.347","0.391","0.35","0.349","0.35","0.374","0.35","0.35","0.35","0.35","0.265","0.35","0.35","0.304","0.01","0.326","0.35","0.321","0.26","0.298","0.32","0.303","0.291","0.25","0.296","0.4","0.4","0.29","0.309","0.318","0.088","0.3","0.287","0.281","0.183","0.27","0.292","0.314","0.395","0.223","0.259","0.32","0.162","0.313","0.329","0.341","0.4","0.33","0.4","0.382","0.4","0.4","0.4","0.4","0.087","0.4","0.397","0.4","0.4","0.295","0.382","0.375","0.4","0.4","0.349","0.371","0.4","0.352","0.339","0.368","0.367","0.34","0.345","0.364","0.264","0.308","0.353","0.34","0.4","0.34","0.352","0.35","0.339","0.355","0.358","0.336","0.269","0.358","0.37","0.381",,,,,,,,,,,,,
TaxEffectOfUnusualItems,"-265,985.109","0","-90,075.381","-161,601","0","-4,786,110","-14,809,500","0","-510,326","-64,260,085","-3,335,310","-212,211","-144,333","-215,712","-24,502,674.869","-1,308,300","-537,119","-410,718","-213,381.215","0","-971,235","-319,104","-8,206,852.232","0","0","0","0","-523,587","-2,302,850","0","310,000","0","0","0","0","0","-171,633","-1,812,650","-372,754.53","-748,093.314","-5,076,609.645","-4,339,876.002","-5,783,050","-1,496,418.872","-586,566.183","-681,254.561","-858,900","-646,583.216","-662,491.452","-642,472.556","-1,781,150","-777,700","-699,300","-914,900","0","0","0","0","0","0","0","0","0","0","0","0","0","0","0","0","0","0","0","0","0","0","0","7,595.434","-676,463.799","-377,898.063","-319,915.581","-89,284.11","-1,244,533.541","-69,540.197","527,151.438","-17,596.266","-345,276.168","167,434.662","254,039.948","225,905.835","31,600","231,221.719","1,040,000","-497,058.824","-1,000,000","-320,000","-520,000","0","69,565.217","-160,000","-118,965.517","160,000","200,000","206,557.377","-114,606.742","150,000","-200,000","960,000","-1,395,348.837","222,857.143","4,120,000","281,739.13","237,500","257,600","-7,663,333.333","-101,886.792","138,095.238","-145,454.545","158,400","338,461.538","423,529.412","-3,872,380.952","-480,000","271,698.113","492,957.746","735,000","271,186.441","390,322.581","322,222.222","436,641.221","242,068.966","358,108.108","518,518.519","343,220.339",,,,,,,,,,,,,