name,ttm,03/31/2022,12/31/2021,09/30/2021,06/30/2021,03/31/2021,12/31/2020,09/30/2020,06/30/2020,03/31/2020,12/31/2019,09/30/2019,06/30/2019,03/31/2019,12/31/2018,09/30/2018,06/30/2018,03/31/2018,12/31/2017,09/30/2017,06/30/2017,03/31/2017,12/31/2016,09/30/2016,06/30/2016,03/31/2016,12/31/2015,09/30/2015,06/30/2015,03/31/2015,12/31/2014,09/30/2014,06/30/2014,03/31/2014,12/31/2013,09/30/2013,06/30/2013,03/31/2013,12/31/2012,09/30/2012,06/30/2012,03/31/2012,12/31/2011,09/30/2011,06/30/2011,03/31/2011,12/31/2010,09/30/2010,06/30/2010,03/31/2010,12/31/2009,09/30/2009,06/30/2009,03/31/2009,12/31/2008,09/30/2008,06/30/2008,03/31/2008,12/31/2007,09/30/2007,06/30/2007,03/31/2007,12/31/2006,09/30/2006,06/30/2006,03/31/2006,12/31/2005,09/30/2005,06/30/2005,03/31/2005,12/31/2004,09/30/2004,06/30/2004,03/31/2004,12/31/2003,09/30/2003,06/30/2003,03/31/2003,12/31/2002,09/30/2002,06/30/2002,03/31/2002,12/31/2001,09/30/2001,06/30/2001,03/31/2001,12/31/2000,09/30/2000,06/30/2000,03/31/2000,12/31/1999,09/30/1999,06/30/1999,03/31/1999,12/31/1998,09/30/1998,06/30/1998,03/31/1998,10/31/1997,07/31/1997,04/30/1997,01/31/1997,10/31/1996,07/31/1996,04/30/1996,01/31/1996,10/31/1995,07/31/1995,04/30/1995,01/31/1995,10/31/1994,07/31/1994,04/30/1994,01/31/1994,10/31/1993,07/31/1993,04/30/1993,01/31/1993,10/31/1992,07/31/1992,04/30/1992,01/31/1992,10/31/1991,07/31/1991,04/30/1991,01/31/1991,10/31/1990,07/31/1990,04/30/1990,01/31/1990,10/31/1989,07/31/1989,04/30/1989,01/31/1989,10/31/1988,07/31/1988,04/30/1988,01/31/1988,10/31/1987,07/31/1987,04/30/1987,01/31/1987,10/31/1986,07/31/1986,04/30/1986,01/31/1986,10/31/1985
TotalRevenue,"10,373,000,000","2,432,000,000","2,569,000,000","3,001,000,000","2,371,000,000","1,372,000,000","1,355,000,000","1,534,000,000","760,000,000","1,753,000,000","2,162,000,000","2,753,000,000","2,337,000,000","1,920,000,000","2,050,000,000","2,778,000,000","2,328,000,000","1,968,000,000","2,019,000,000","2,752,000,000","2,238,000,000","1,839,000,000","1,879,000,000","2,656,000,000","2,243,000,000","1,881,000,000","1,902,000,000","2,577,000,000","2,173,000,000","1,850,000,000","1,887,000,000","2,542,000,000","2,194,000,000","1,862,000,000","1,850,000,000","2,395,000,000","2,002,000,000","1,691,000,000","1,698,000,000","2,170,000,000","1,866,000,000","1,623,000,000","1,631,000,000","1,623,000,000","1,412,000,000","1,235,000,000","1,226,000,000","1,512,000,000","1,294,000,000","1,153,000,000","1,160,000,000","1,465,000,000","1,312,000,000","1,194,000,000","1,261,000,000","1,701,000,000","1,577,000,000","1,445,000,000","1,386,000,000","1,719,000,000","1,516,000,000","1,365,000,000","1,331,000,000","1,566,000,000","4,252,000,000","4,217,000,000","4,578,000,000","5,046,000,000","4,735,000,000","3,877,000,000","4,904,000,000","5,363,000,000","5,209,000,000","4,477,000,000","4,456,000,000","5,062,000,000","4,580,000,000","4,094,000,000","3,850,000,000","3,839,000,000","3,784,000,000","2,713,000,000","2,580,000,000","2,481,000,000","2,403,000,000","1,303,000,000","968,000,000","1,044,000,000","1,137,000,000","1,128,000,000","1,283,300,000","1,410,400,000","1,377,300,000","1,304,900,000","1,418,700,000","1,457,800,000","1,306,300,000","1,436,600,000","774,700,000","672,700,000","624,700,000","674,300,000","602,200,000","490,400,000","390,000,000","435,100,000","341,400,000","316,000,000","292,500,000","281,800,000","263,700,000","254,900,000","244,300,000","230,100,000","222,100,000","215,800,000","207,000,000","197,300,000","187,100,000","180,500,000","173,900,000","243,100,000","136,900,000","133,200,000","129,000,000","120,900,000","114,500,000","109,800,000","104,700,000","96,400,000","94,000,000","89,500,000","83,800,000","74,300,000","71,100,000","64,500,000","58,200,000","51,900,000","50,700,000","48,100,000","44,600,000","41,100,000","37,300,000","34,200,000","25,700,000","23,200,000","22,500,000"
	OperatingRevenue,"10,373,000,000","2,432,000,000","2,569,000,000","3,001,000,000","2,371,000,000","1,372,000,000","1,355,000,000","1,534,000,000","760,000,000","1,753,000,000","2,162,000,000","2,753,000,000","2,337,000,000","1,920,000,000","2,050,000,000","2,778,000,000","2,328,000,000","1,968,000,000","1,421,000,000","1,949,000,000","1,563,000,000","1,286,000,000","1,309,000,000","1,871,000,000","1,573,000,000","1,328,000,000","1,342,000,000","1,832,000,000","1,533,000,000","1,319,000,000","1,334,000,000","1,810,000,000","1,553,000,000","1,329,000,000","1,319,000,000","1,734,000,000","1,438,000,000","1,217,000,000","1,213,000,000","1,582,000,000","1,334,000,000","1,168,000,000","69,000,000","1,623,000,000","1,412,000,000","1,235,000,000","-77,000,000","1,512,000,000","1,294,000,000","1,153,000,000","-65,000,000","1,465,000,000","1,312,000,000","1,194,000,000","-159,000,000","1,701,000,000","1,577,000,000","1,445,000,000","67,000,000","1,719,000,000","1,516,000,000","1,365,000,000","161,000,000","1,566,000,000","4,252,000,000","4,217,000,000","4,578,000,000","5,046,000,000","4,735,000,000","3,877,000,000","4,904,000,000","5,363,000,000","5,209,000,000","4,477,000,000","4,456,000,000","5,062,000,000","4,580,000,000","4,094,000,000","3,850,000,000","3,839,000,000","3,784,000,000","2,713,000,000","2,512,000,000","2,481,000,000","2,403,000,000","1,303,000,000","968,000,000","1,044,000,000","1,137,000,000","1,128,000,000","1,283,300,000","1,410,400,000","1,377,300,000","1,304,900,000","1,418,700,000","1,457,800,000","1,306,300,000","1,436,600,000","774,700,000","672,700,000","624,700,000","674,300,000","602,200,000","490,400,000","390,000,000","435,100,000","341,400,000","316,000,000","292,500,000","281,800,000","263,700,000","254,900,000","244,300,000","230,100,000","222,100,000","215,800,000","207,000,000","197,300,000","187,100,000","180,500,000","173,900,000","243,100,000","136,900,000","133,200,000","129,000,000","120,900,000","114,500,000","109,800,000","104,700,000","96,400,000","94,000,000","89,500,000","83,800,000","74,300,000","71,100,000","64,500,000","58,200,000","51,900,000","50,700,000","48,100,000","44,600,000","41,100,000","37,300,000","34,200,000","25,700,000","23,200,000","22,500,000"
CostOfRevenue,"1,984,000,000","491,000,000","529,000,000","509,000,000","455,000,000","378,000,000","384,000,000","442,000,000","463,000,000","553,000,000","580,000,000","678,000,000","657,000,000","574,000,000","576,000,000","697,000,000","680,000,000","588,000,000","576,000,000","692,000,000","643,000,000","544,000,000","540,000,000","657,000,000","614,000,000","531,000,000","521,000,000","637,000,000","600,000,000","524,000,000","528,000,000","647,000,000","602,000,000","508,000,000","489,000,000","604,000,000","544,000,000","443,000,000","439,000,000","521,000,000","473,000,000","431,000,000","-423,000,000","783,000,000","725,000,000","659,000,000","-341,000,000","705,000,000","639,000,000","612,000,000","-271,000,000","731,000,000","648,000,000","640,000,000","-424,000,000","847,000,000","811,000,000","778,000,000","-405,000,000","835,000,000","785,000,000","711,000,000","-468,000,000","823,000,000","2,602,000,000","2,473,000,000","2,830,000,000","2,867,000,000","2,734,000,000","2,252,000,000","2,621,000,000","2,777,000,000","2,733,000,000","2,240,000,000","2,398,000,000","2,596,000,000","2,401,000,000","2,012,000,000","2,021,000,000","2,007,000,000","1,831,000,000","945,000,000","836,000,000","862,000,000","788,000,000","433,000,000","433,000,000","220,000,000","388,000,000","341,000,000","410,000,000","409,900,000","108,300,000","120,000,000","247,200,000","29,300,000","290,700,000","146,800,000","50,900,000","29,600,000","40,600,000","19,700,000","-80,400,000","14,600,000","-21,400,000","-7,000,000","-34,600,000","-24,900,000","-23,800,000","-23,200,000","-22,500,000","-22,400,000","-23,600,000","-30,500,000","-20,300,000","-20,300,000","-21,800,000","-269,100,000","58,000,000","53,000,000","48,900,000","-230,500,000","42,100,000","40,700,000","42,100,000","-174,000,000","36,400,000","83,600,000","76,500,000","33,300,000","34,600,000",,,,,,,,,,,,,,,,
GrossProfit,"8,389,000,000","1,941,000,000","2,040,000,000","2,492,000,000","1,916,000,000","994,000,000","971,000,000","1,092,000,000","297,000,000","1,200,000,000","1,582,000,000","2,075,000,000","1,680,000,000","1,346,000,000","1,474,000,000","2,081,000,000","1,648,000,000","1,380,000,000","1,443,000,000","2,060,000,000","1,595,000,000","1,295,000,000","1,339,000,000","1,999,000,000","1,629,000,000","1,350,000,000","1,381,000,000","1,940,000,000","1,573,000,000","1,326,000,000","1,359,000,000","1,895,000,000","1,592,000,000","1,354,000,000","1,361,000,000","1,791,000,000","1,458,000,000","1,248,000,000","1,259,000,000","1,649,000,000","1,393,000,000","1,192,000,000","2,054,000,000","840,000,000","687,000,000","576,000,000","1,567,000,000","807,000,000","655,000,000","541,000,000","1,431,000,000","734,000,000","664,000,000","554,000,000","1,685,000,000","854,000,000","766,000,000","667,000,000","1,791,000,000","884,000,000","731,000,000","654,000,000","1,799,000,000","743,000,000","1,650,000,000","1,744,000,000","1,748,000,000","2,179,000,000","2,001,000,000","1,625,000,000","2,283,000,000","2,586,000,000","2,476,000,000","2,237,000,000","2,058,000,000","2,466,000,000","2,179,000,000","2,082,000,000","1,829,000,000","1,832,000,000","1,953,000,000","1,768,000,000","1,744,000,000","1,619,000,000","1,615,000,000","870,000,000","535,000,000","824,000,000","749,000,000","787,000,000","873,300,000","1,000,500,000","1,269,000,000","1,184,900,000","1,171,500,000","1,428,500,000","1,015,600,000","1,289,800,000","723,800,000","643,100,000","584,100,000","654,600,000","682,600,000","475,800,000","411,400,000","442,100,000","376,000,000","340,900,000","316,300,000","305,000,000","286,200,000","277,300,000","267,900,000","260,600,000","242,400,000","236,100,000","228,800,000","466,400,000","129,100,000","127,500,000","125,000,000","473,600,000","94,800,000","92,500,000","86,900,000","294,900,000","78,100,000","26,200,000","28,200,000","63,100,000","59,400,000",,,,,,,,,,,,,,,,
OperatingExpense,"6,078,000,000","1,488,000,000","1,547,000,000","1,655,000,000","1,388,000,000","1,082,000,000","1,043,000,000","1,065,000,000","825,000,000","1,378,000,000","1,522,000,000","1,703,000,000","1,595,000,000","1,422,000,000","1,411,000,000","1,692,000,000","1,563,000,000","1,449,000,000","1,369,000,000","1,642,000,000","1,493,000,000","1,361,000,000","1,277,000,000","1,597,000,000","1,499,000,000","1,370,000,000","1,312,000,000","1,572,000,000","1,429,000,000","1,282,000,000","1,273,000,000","1,512,000,000","1,437,000,000","1,289,000,000","1,285,000,000","1,455,000,000","1,318,000,000","1,189,000,000","1,204,000,000","1,310,000,000","1,215,000,000","1,144,000,000","2,358,000,000","582,000,000","483,000,000","455,000,000","1,753,000,000","537,000,000","507,000,000","491,000,000","1,687,000,000","538,000,000","550,000,000","510,000,000","2,019,000,000","667,000,000","634,000,000","569,000,000","2,002,000,000","638,000,000","595,000,000","545,000,000","1,982,000,000","587,000,000","1,218,000,000","1,438,000,000","1,385,000,000","1,406,000,000","1,331,000,000","1,212,000,000","1,710,000,000","1,672,000,000","1,632,000,000","1,650,000,000","1,515,000,000","1,634,000,000","1,503,000,000","1,478,000,000","1,294,000,000","1,317,000,000","1,265,000,000","1,178,000,000","1,327,000,000","1,141,000,000","1,149,000,000","569,000,000","242,000,000","462,000,000","431,000,000","460,000,000","465,900,000","561,200,000","891,000,000","826,200,000","880,600,000","1,060,300,000","654,600,000","897,900,000","561,900,000","500,000,000","475,100,000","507,000,000","569,500,000","379,000,000","333,600,000","356,800,000","310,000,000","279,600,000","260,800,000","253,100,000","236,900,000","231,600,000","224,500,000","222,900,000","204,500,000","201,300,000","196,400,000","439,200,000","102,500,000","102,800,000","102,000,000","437,800,000","77,900,000","76,300,000","72,500,000","284,000,000","66,100,000","15,300,000","19,200,000","52,700,000","52,200,000",,,,,,,,,,,,,,,,
	SellingGeneralAndAdministration,"1,246,000,000","283,000,000","308,000,000","361,000,000","294,000,000","182,000,000","154,000,000","166,000,000","132,000,000","251,000,000","290,000,000","350,000,000","313,000,000","284,000,000","267,000,000","336,000,000","321,000,000","296,000,000","245,000,000","320,000,000","293,000,000","262,000,000","238,000,000","315,000,000","312,000,000","269,000,000","250,000,000","314,000,000","281,000,000","248,000,000","247,000,000","298,000,000","287,000,000","248,000,000","248,000,000","274,000,000","274,000,000","224,000,000","229,000,000","244,000,000","233,000,000","219,000,000","143,000,000","256,000,000","203,000,000","156,000,000","145,000,000","161,000,000","145,000,000","131,000,000","130,000,000","155,000,000","133,000,000","133,000,000","142,000,000","171,000,000","173,000,000","167,000,000","154,000,000","176,000,000","168,000,000","159,000,000","148,000,000","179,000,000","683,000,000","873,000,000","1,364,000,000","838,000,000","815,000,000","748,000,000","945,000,000","864,000,000","896,000,000","901,000,000","774,000,000","849,000,000","753,000,000","749,000,000","603,000,000","673,000,000","644,000,000","569,000,000","659,000,000","456,000,000","483,000,000","293,000,000","269,000,000","276,000,000","372,000,000","348,000,000","342,300,000","440,100,000","470,100,000","422,800,000","484,200,000","484,800,000","400,800,000","541,000,000","379,200,000","330,100,000","306,200,000","332,800,000","308,000,000","237,600,000","206,400,000","233,300,000","184,600,000","171,400,000","158,300,000","154,000,000","143,700,000","139,800,000","133,700,000","128,200,000","123,500,000","120,800,000","117,000,000","358,000,000","26,700,000","26,300,000","26,000,000","338,500,000","16,400,000","16,300,000","15,700,000","228,600,000","14,300,000","14,000,000","13,600,000","12,800,000","12,800,000",,,,,,,,,,,,,,,,
		GeneralAndAdministrativeExpense,,,,"361,000,000",,,"154,000,000","166,000,000","132,000,000","251,000,000","290,000,000","350,000,000","313,000,000","284,000,000","267,000,000","336,000,000","321,000,000","296,000,000","245,000,000","320,000,000","293,000,000","262,000,000","238,000,000","315,000,000","312,000,000","269,000,000","250,000,000","314,000,000","281,000,000","248,000,000","247,000,000","298,000,000","287,000,000","248,000,000","248,000,000","274,000,000","274,000,000","224,000,000","229,000,000","244,000,000","233,000,000","219,000,000",,,,,,,,,,,,,,,,,,,,,,,,,,,,,,,,,,,,,,"294,000,000","286,000,000","279,000,000",,"240,000,000","192,000,000","135,000,000",,,,,,,,,,,,,,,,,,,,,,,,,,,,,,,,,,,,,,,,,,,,,,,,,,,,,,,,,,,,,
			RentAndLandingFees,,,,,,,,"50,000,000","42,000,000","56,000,000","64,000,000","72,000,000","62,000,000","57,000,000","61,000,000","72,000,000","64,000,000","56,000,000",,,"54,000,000","43,000,000","47,000,000","57,000,000","42,000,000","34,000,000","36,000,000","52,000,000","35,000,000","33,000,000","36,000,000","51,000,000","39,000,000","37,000,000","37,000,000","45,000,000","23,000,000","33,000,000","35,000,000","38,000,000","30,000,000","26,000,000",,,,,,,,,,,,,,,,,,,,,,,,,,,,,,,,,,,,,,,,,,,,,,,,,,,,,,,,,,,,,,,,,,,,,,,,,,,,,,,,,,,,,,,,,,,,,,,,,,,,,,,,,
			OtherGandA,,,,"361,000,000",,,"154,000,000","166,000,000","132,000,000","251,000,000","290,000,000","350,000,000","313,000,000","284,000,000","267,000,000","336,000,000","321,000,000","296,000,000","245,000,000","320,000,000","293,000,000","262,000,000","238,000,000","315,000,000","312,000,000","269,000,000","250,000,000","314,000,000","281,000,000","248,000,000","247,000,000","298,000,000","287,000,000","248,000,000","248,000,000","274,000,000","274,000,000","224,000,000","229,000,000","244,000,000","233,000,000","219,000,000",,,,,,,,,,,,,,,,,,,,,,,,,,,,,,,,,,,,,,"294,000,000","286,000,000","279,000,000",,"240,000,000","192,000,000","135,000,000",,,,,,,,,,,,,,,,,,,,,,,,,,,,,,,,,,,,,,,,,,,,,,,,,,,,,,,,,,,,,
		SellingAndMarketingExpense,,,,,,,,,,,,,,,,,,,,,,,,,,,,,,,,,,,,,,,,,,,,,,,,,,,,,,,,,,,,,,,,,,,,,,,,,,,,,,,,"379,000,000","358,000,000","290,000,000",,"216,000,000","291,000,000","158,000,000",,,,,,,,,,,,,,,,,,,,,,,,,,,,,,,,,,,,,,,,,,,,,,,,,,,,,,,,,,,,,
	DepreciationAmortizationDepletionIncomeStatement,"262,000,000","58,000,000","73,000,000","69,000,000","62,000,000","68,000,000","72,000,000","74,000,000","71,000,000","69,000,000","68,000,000","62,000,000","66,000,000","67,000,000","66,000,000","62,000,000","67,000,000","61,000,000","65,000,000","66,000,000","65,000,000","63,000,000","64,000,000","63,000,000","65,000,000","61,000,000","57,000,000","56,000,000","56,000,000","49,000,000","48,000,000","46,000,000","45,000,000","41,000,000","43,000,000","39,000,000","37,000,000","34,000,000","33,000,000","30,000,000","29,000,000","32,000,000","-810,000,000","326,000,000","280,000,000","299,000,000","-968,000,000","376,000,000","362,000,000","320,000,000","-1,079,000,000","383,000,000","417,000,000","377,000,000","-1,270,000,000","496,000,000","461,000,000","402,000,000","-1,185,000,000","462,000,000","427,000,000","386,000,000","-1,053,000,000","408,000,000","535,000,000","565,000,000","21,000,000","568,000,000","516,000,000","464,000,000","765,000,000","808,000,000","736,000,000","749,000,000","741,000,000","785,000,000","750,000,000","729,000,000","691,000,000","644,000,000","621,000,000","609,000,000","668,000,000","685,000,000","666,000,000","276,000,000","-27,000,000","186,000,000","59,000,000","112,000,000","123,600,000","121,100,000","420,900,000","403,400,000","396,400,000","575,500,000","253,800,000","356,900,000","182,700,000","169,900,000","168,900,000","174,200,000","261,500,000","141,400,000","127,200,000","123,500,000","125,400,000","108,200,000","102,500,000","99,100,000","93,200,000","91,800,000","90,800,000","94,700,000","81,000,000","80,500,000","79,400,000","81,200,000","75,800,000","76,500,000","76,000,000","99,300,000","61,500,000","60,000,000","56,800,000","55,400,000","51,800,000","1,300,000","5,600,000","39,900,000","39,400,000",,,,,,,,,,,,,,,,
		DepreciationAndAmortizationInIncomeStatement,"262,000,000","58,000,000","73,000,000","69,000,000","62,000,000","68,000,000","72,000,000","74,000,000","71,000,000","69,000,000","68,000,000","62,000,000","66,000,000","67,000,000","66,000,000","62,000,000","67,000,000","61,000,000","65,000,000","66,000,000","65,000,000","63,000,000","64,000,000","63,000,000","65,000,000","61,000,000","57,000,000","56,000,000","56,000,000","49,000,000","48,000,000","46,000,000","45,000,000","41,000,000","43,000,000","39,000,000","37,000,000","34,000,000","33,000,000","30,000,000","29,000,000","32,000,000","-810,000,000","326,000,000","280,000,000","299,000,000","-968,000,000","376,000,000","362,000,000","320,000,000","-1,079,000,000","383,000,000","417,000,000","377,000,000","-1,270,000,000","496,000,000","461,000,000","402,000,000","-1,185,000,000","462,000,000","427,000,000","386,000,000","-1,053,000,000","408,000,000","535,000,000","565,000,000","21,000,000","568,000,000","516,000,000","464,000,000","765,000,000","808,000,000","736,000,000","749,000,000","741,000,000","785,000,000","750,000,000","729,000,000","691,000,000","644,000,000","621,000,000","609,000,000","668,000,000","685,000,000","666,000,000","276,000,000","-27,000,000","186,000,000","59,000,000","112,000,000","123,600,000","121,100,000","420,900,000","403,400,000","396,400,000","575,500,000","253,800,000","356,900,000","182,700,000","169,900,000","168,900,000","174,200,000","261,500,000","141,400,000","127,200,000","123,500,000","125,400,000","108,200,000","102,500,000","99,100,000","93,200,000","91,800,000","90,800,000","94,700,000","81,000,000","80,500,000","79,400,000","81,200,000","75,800,000","76,500,000","76,000,000","99,300,000","61,500,000","60,000,000","56,800,000","55,400,000","51,800,000","1,300,000","5,600,000","39,900,000","39,400,000",,,,,,,,,,,,,,,,
			DepreciationIncomeStatement,,,,,,,,,,,,,,,,,,,,,,,,,,,,,,,,,,,,,,,,,,,"413,000,000","326,000,000","280,000,000","299,000,000","319,000,000","376,000,000","362,000,000","320,000,000","346,000,000","383,000,000","417,000,000","377,000,000",,,,,,,,,,,"533,000,000","559,000,000","10,000,000","562,000,000","513,000,000","461,000,000",,"803,000,000","732,000,000","745,000,000",,"780,000,000","746,000,000","726,000,000",,,,,,,,,,,,,,,,,,,,,,,,,,,,,,,,,,,,,,,,,,,,,,,,,,,,,,,,,,,,,,,,,,,,,
			Amortization,,,,,,,,,,,,,,,,,,,,,,,,,,,,,,,,,,,,,,,,,,,,,,,,,,,,,,,,,,,,,,,,,"2,000,000","6,000,000","11,000,000","6,000,000","3,000,000","3,000,000",,"5,000,000","4,000,000","4,000,000",,"5,000,000","4,000,000","3,000,000",,,,,,,,,,,,,,,,,,,,,,,,,,,,,,,,,,,,,,,,,,,,,,,,,,,,,,,,,,,,,,,,,,,,,
				AmortizationOfIntangiblesIncomeStatement,,,,,,,,,,,,,,,,,,,,,,,,,,,,,,,,,,,,,,,,,,,,,,,,,,,,,,,,,,,,,,,,,"2,000,000","6,000,000","11,000,000","6,000,000","3,000,000","3,000,000",,"5,000,000","4,000,000","4,000,000",,"5,000,000","4,000,000","3,000,000",,,,,,,,,,,,,,,,,,,,,,,,,,,,,,,,,,,,,,,,,,,,,,,,,,,,,,,,,,,,,,,,,,,,,
	OtherOperatingExpenses,"4,570,000,000","1,147,000,000","1,166,000,000","1,225,000,000","1,032,000,000","832,000,000","817,000,000","825,000,000","622,000,000","1,058,000,000","1,164,000,000","1,291,000,000","1,216,000,000","1,071,000,000","1,078,000,000","1,294,000,000","1,175,000,000","1,092,000,000","1,059,000,000","1,256,000,000","1,135,000,000","1,036,000,000","975,000,000","1,219,000,000","1,122,000,000","1,040,000,000","1,005,000,000","1,202,000,000","1,092,000,000","985,000,000","978,000,000","1,168,000,000","1,105,000,000","1,000,000,000","994,000,000","1,142,000,000","1,007,000,000","931,000,000","942,000,000","1,036,000,000","953,000,000","893,000,000","858,000,000",,,,"2,576,000,000",,,"40,000,000","617,000,000",,,,,,,,,,,,,,,,,,,,,,,,,,,,,,,,,,,,,,,,,,,,,,,,,,,,,,,,,,,,,,,,,,,,,,,,,,,,,,,,,,,,,,,,,,,,,,,,
OperatingIncome,"2,311,000,000","453,000,000","493,000,000","837,000,000","528,000,000","-88,000,000","-72,000,000","27,000,000","-528,000,000","-178,000,000","60,000,000","372,000,000","85,000,000","-76,000,000","63,000,000","389,000,000","85,000,000","-69,000,000","74,000,000","418,000,000","102,000,000","-66,000,000","62,000,000","402,000,000","130,000,000","-20,000,000","69,000,000","368,000,000","144,000,000","44,000,000","86,000,000","383,000,000","155,000,000","65,000,000","76,000,000","336,000,000","140,000,000","59,000,000","55,000,000","339,000,000","178,000,000","48,000,000","-304,000,000","258,000,000","204,000,000","121,000,000","-186,000,000","270,000,000","148,000,000","50,000,000","-256,000,000","196,000,000","114,000,000","44,000,000","-334,000,000","187,000,000","132,000,000","98,000,000","-211,000,000","246,000,000","136,000,000","109,000,000","-183,000,000","156,000,000","432,000,000","306,000,000","363,000,000","773,000,000","670,000,000","413,000,000","573,000,000","914,000,000","844,000,000","587,000,000","543,000,000","832,000,000","676,000,000","604,000,000","535,000,000","515,000,000","688,000,000","590,000,000","417,000,000","478,000,000","466,000,000","301,000,000","293,000,000","362,000,000","318,000,000","327,000,000","407,400,000","439,300,000","378,000,000","358,700,000","290,900,000","368,200,000","361,000,000","391,900,000","161,900,000","143,100,000","109,000,000","147,600,000","113,100,000","96,800,000","77,800,000","85,300,000","66,000,000","61,300,000","55,500,000","51,900,000","49,300,000","45,700,000","43,400,000","37,700,000","37,900,000","34,800,000","32,400,000","27,200,000","26,600,000","24,700,000","23,000,000","35,800,000","16,900,000","16,200,000","14,400,000","10,900,000","12,000,000","10,900,000","9,000,000","10,400,000","7,200,000","89,500,000","83,800,000","-210,700,000","71,100,000","64,500,000","58,200,000","-112,800,000","50,700,000","48,100,000","44,600,000","-81,900,000","37,300,000","34,200,000","25,700,000","-53,100,000","22,500,000"
NetNonOperatingInterestIncomeExpense,"-210,000,000","-53,000,000","-51,000,000","-47,000,000","-59,000,000","-61,000,000","-68,000,000","-64,000,000","-51,000,000","-48,000,000","-39,000,000","-49,000,000","-48,000,000","-42,000,000","-49,000,000","-44,000,000","-49,000,000","-46,000,000","-46,000,000","-45,000,000","-48,000,000","-49,000,000","-46,000,000","-51,000,000","-56,000,000","-50,000,000","-48,000,000","-49,000,000","-45,000,000","-52,000,000","-48,000,000","-50,000,000","-55,000,000","-56,000,000","-58,000,000","-57,000,000","-55,000,000","-58,000,000","-60,000,000","-67,000,000","-69,000,000","-73,000,000","129,000,000","-122,000,000","-115,000,000","-110,000,000","182,000,000","-120,000,000","-117,000,000","-115,000,000","176,000,000","-112,000,000","-108,000,000","-107,000,000",,,,,,,,,,,,,,,,,,,,,,,,,,,,,,,,,,,,,,,,,,,,,,,,,,,,,,,,,,,,,,,,,,,,,,,,,,,,,,,,,,,,,,,,,,,,,
	InterestExpenseNonOperating,"210,000,000","53,000,000","51,000,000","47,000,000","59,000,000","61,000,000","68,000,000","64,000,000","51,000,000","48,000,000","39,000,000","49,000,000","48,000,000","42,000,000","49,000,000","44,000,000","49,000,000","46,000,000","46,000,000","45,000,000","48,000,000","49,000,000","46,000,000","51,000,000","56,000,000","50,000,000","48,000,000","49,000,000","45,000,000","52,000,000","48,000,000","50,000,000","55,000,000","56,000,000","58,000,000","57,000,000","55,000,000","58,000,000","60,000,000","67,000,000","69,000,000","73,000,000","-129,000,000","122,000,000","115,000,000","110,000,000","-182,000,000","120,000,000","117,000,000","115,000,000","41,000,000","112,000,000","108,000,000",,,,,,,,,,,,,,,,,,,,,,,,,,,,,,,,,,,,,,,,,,,,,,,,,,,,,,,,,,,,,,,,,,,,,,,,,,,,,,,,,,,,,,,,,,,,,,
	TotalOtherFinanceCost,,,,,,,,,,,,,,,,,,,,,,,,,,,,,,,,,,,,,,,,,,,,,,,,,,,"118,000,000","112,000,000","108,000,000","107,000,000",,,,,,,,,,,,,,,,,,,,,,,,,,,,,,,,,,,,,,,,,,,,,,,,,,,,,,,,,,,,,,,,,,,,,,,,,,,,,,,,,,,,,,,,,,,,,
OtherIncomeExpense,"552,000,000","295,000,000","101,000,000","139,000,000","17,000,000","-101,000,000","5,000,000","90,000,000","-30,000,000","-39,000,000","-7,000,000","5,000,000","44,000,000","-18,000,000","-11,000,000","10,000,000","2,000,000","-14,000,000","-27,000,000","-9,000,000","-43,000,000","-50,000,000","-59,000,000","-6,000,000","-11,000,000","-16,000,000","-17,000,000","-7,000,000","-17,000,000","-8,000,000","-5,000,000","-27,000,000","-52,000,000","-4,000,000","-56,000,000","-49,000,000","-123,000,000","-58,000,000","-58,000,000","-12,000,000","20,000,000","-1,000,000","-25,000,000",,,,"-30,000,000","-6,000,000","-2,000,000","-1,000,000","-8,000,000","-1,000,000","-8,000,000","-7,000,000","-27,000,000","-1,268,000,000","-1,000,000",,,"-3,000,000","14,000,000","6,000,000","-48,000,000","-480,000,000","-45,000,000","-44,000,000","-410,000,000","-9,000,000","-12,000,000","-251,000,000","27,000,000","9,000,000","-21,000,000","-3,000,000","29,000,000","-19,000,000","-14,000,000","-55,000,000","-85,000,000","-63,000,000","-215,000,000","-11,000,000","-784,000,000","-106,000,000","-27,000,000","212,000,000","-9,000,000","-27,000,000","-1,000,000","-81,000,000","-2,616,400,000","-19,200,000","720,000,000","-7,400,000","-704,100,000","-126,400,000","9,800,000",,"5,200,000","10,300,000","8,700,000","-1,000,000","-144,900,000","-27,500,000","800,000","-5,100,000","600,000","100,000",,,,,,,,,,"3,200,000","400,000","-100,000","-200,000","-21,300,000","-300,000","-500,000",,,,"-300,000",,,,,,,,,,,,,,,,,,,
	SpecialIncomeCharges,"552,000,000","295,000,000","101,000,000","139,000,000","17,000,000","-101,000,000","5,000,000","90,000,000","-30,000,000","-39,000,000","-7,000,000","5,000,000","44,000,000","-18,000,000","-11,000,000","10,000,000","2,000,000","-14,000,000","-27,000,000","-9,000,000","-43,000,000","-50,000,000","-59,000,000","-6,000,000","-11,000,000","-16,000,000","-17,000,000","-7,000,000","-17,000,000","-8,000,000","-5,000,000","-27,000,000","-52,000,000","-4,000,000","-56,000,000","-49,000,000","-123,000,000","-58,000,000","-58,000,000","-12,000,000","20,000,000","-1,000,000","-25,000,000","0","0","0","-30,000,000","-6,000,000","-2,000,000","-1,000,000","-8,000,000","-1,000,000","-8,000,000","-7,000,000","-27,000,000","-1,268,000,000","-1,000,000",,,"-3,000,000","14,000,000","6,000,000","-48,000,000","-480,000,000","-45,000,000","-44,000,000","-410,000,000","-9,000,000","-12,000,000","-251,000,000","27,000,000","9,000,000","-21,000,000","-3,000,000","29,000,000","-19,000,000","-14,000,000","-55,000,000","-85,000,000","-63,000,000","-215,000,000","-11,000,000","-707,000,000","-106,000,000","-27,000,000","212,000,000","-9,000,000","-27,000,000","-1,000,000","-81,000,000","-2,616,400,000","-19,200,000","720,000,000","-7,400,000","-704,100,000","-126,400,000","9,800,000",,"5,200,000","10,300,000","8,700,000","-1,000,000","-144,900,000","-27,500,000","800,000","-5,100,000","600,000","100,000",,,,,,,,,,"3,200,000","400,000","-100,000","-200,000","-21,300,000","-300,000","-500,000",,,,"-300,000",,,,,,,,,,,,,,,,,,,
		RestructuringAndMergernAcquisition,"56,000,000","8,000,000","19,000,000","6,000,000","23,000,000","21,000,000","29,000,000","17,000,000","29,000,000","46,000,000","18,000,000","22,000,000","24,000,000","26,000,000","10,000,000","15,000,000","7,000,000","10,000,000","26,000,000","7,000,000","43,000,000","10,000,000","11,000,000","10,000,000","10,000,000","19,000,000","19,000,000","14,000,000","21,000,000","32,000,000","0","15,000,000","9,000,000","15,000,000","36,000,000","24,000,000","34,000,000","18,000,000","25,000,000","18,000,000","16,000,000","13,000,000","158,000,000",,,"0","2,000,000","6,000,000","2,000,000","1,000,000","6,000,000","1,000,000","8,000,000","6,000,000","20,000,000","6,000,000","1,000,000",,,"3,000,000","3,000,000","-6,000,000","48,000,000","167,000,000","49,000,000","43,000,000","-2,000,000","1,000,000","12,000,000","60,000,000",,,"3,000,000","3,000,000","18,000,000","15,000,000","8,000,000","7,000,000","8,000,000","56,000,000","207,000,000",,"220,000,000","77,000,000",,"194,000,000",,,,,,,,,,,,,,,,,,,,,,,,,,,,,,,,,,,,,,,,,,,,,,,,,,,,,,,,,,,,,
		ImpairmentOfCapitalAssets,,,,,,,,,,,,,,,"0",,,,"2,000,000",,,,,,,,,,,,"0","0",,,"0","33,000,000",,,,,,,,,,,"0","0","0","0","32,000,000","0","0","1,000,000",,,,,,,,,,,,,,,,,,,,,,,,,,,,,,,,,,,,,,,,,,,,,,,,,,,,,,,,,,,,,,,,,,,,,,,,,,,,,,,,,,,,,,,,,,,,,
		WriteOff,,,,,,,,,,,,,,,"0",,,,"2,000,000",,,,,,,,,,,,"0","0",,,"0","33,000,000",,,,,,,,,,,,,,,,,,,,,,,,,,,,,,,,,,,,,,,,,,,,,,,,,,,,,,,,,,,,,,,,,,,,,,,,,,,,,,,,,,,,,,,,,,,,,,,,,,,,,,,,,,,,,,,
		OtherSpecialCharges,,,"0","7,000,000",,"129,000,000","0","2,000,000","3,000,000","4,000,000","2,000,000","10,000,000",,,"14,000,000",,,"5,000,000","0",,"-27,000,000","16,000,000","43,000,000",,"10,000,000",,"0",,"23,000,000",,"0",,"56,000,000",,"16,000,000",,"91,000,000","40,000,000","23,000,000","2,000,000","23,000,000","27,000,000",,,,,"12,000,000",,,,,,,,,"1,262,000,000",,,,,"-17,000,000",,"0","313,000,000","-4,000,000","1,000,000","412,000,000","8,000,000",,"191,000,000",,,"18,000,000",,"-47,000,000","4,000,000","6,000,000","48,000,000","77,000,000","7,000,000","8,000,000",,"487,000,000","29,000,000",,"-406,000,000",,,,,,,,,,,,,,,,,,,,,,,,,,,,,,,,,,,,,,,,,,,,,,,,,,,,,,,,,,,,,
		GainOnSaleOfPPE,"615,000,000","303,000,000","120,000,000","152,000,000","40,000,000","49,000,000","34,000,000","109,000,000","2,000,000","11,000,000","13,000,000","37,000,000","68,000,000","8,000,000","13,000,000","25,000,000","9,000,000","1,000,000","1,000,000","-2,000,000","-27,000,000","-24,000,000","-5,000,000","4,000,000","9,000,000","3,000,000","2,000,000","7,000,000","27,000,000","24,000,000","-5,000,000","-12,000,000","13,000,000","11,000,000","-4,000,000","8,000,000","2,000,000","0","-10,000,000","8,000,000","59,000,000","39,000,000",,,,,,,,,,,,,,,,,,,,,,,,,,,,,,,,,,,,,,,,,,,,,,,,,,,,,,,,,,,,,,,,,,,,,,,,,,,,,,,,,,,,,,,,,,,,,,,,,,,,,,,,,
PretaxIncome,"2,653,000,000","695,000,000","543,000,000","929,000,000","486,000,000","-250,000,000","-135,000,000","53,000,000","-609,000,000","-265,000,000","14,000,000","328,000,000","81,000,000","-136,000,000","3,000,000","355,000,000","38,000,000","-129,000,000","1,000,000","364,000,000","11,000,000","-165,000,000","-43,000,000","345,000,000","63,000,000","-86,000,000","4,000,000","312,000,000","82,000,000","-16,000,000","33,000,000","306,000,000","48,000,000","5,000,000","-38,000,000","230,000,000","-38,000,000","-57,000,000","-63,000,000","260,000,000","129,000,000","-26,000,000","-200,000,000","136,000,000","89,000,000","11,000,000","-34,000,000","144,000,000","29,000,000","-66,000,000","-88,000,000","83,000,000","-2,000,000","-70,000,000","-164,000,000","-1,186,000,000","25,000,000","-18,000,000","-1,154,000,000","116,000,000","35,000,000","11,000,000","-8,000,000","-461,000,000","277,000,000","192,000,000","-119,000,000","698,000,000","588,000,000","179,000,000","509,000,000","890,000,000","751,000,000","503,000,000","420,000,000","738,000,000","582,000,000","470,000,000","360,000,000","384,000,000","407,000,000","511,000,000","-510,000,000","311,000,000","373,000,000","443,000,000","201,000,000","274,000,000","273,000,000","204,000,000","-2,269,100,000","352,900,000","1,028,800,000","287,900,000","-470,500,000","196,300,000","332,300,000","363,600,000","163,000,000","149,200,000","114,100,000","146,700,000","-31,800,000","69,200,000","78,700,000","80,100,000","66,600,000","61,400,000","55,400,000","52,700,000","49,100,000","45,400,000","43,300,000","41,200,000","36,600,000","33,200,000","31,200,000","28,700,000","24,700,000","22,200,000","20,500,000","9,100,000","13,300,000","12,000,000","10,700,000","9,600,000","7,900,000","6,400,000","4,900,000","4,300,000","2,600,000",,,,,,,,,,,,,,,,
TaxProvision,"673,000,000","168,000,000","162,000,000","255,000,000","88,000,000","-80,000,000","-45,000,000","8,000,000","-128,000,000","-107,000,000","-128,000,000","139,000,000","19,000,000","-45,000,000","-10,000,000","142,000,000","12,000,000","-42,000,000","-219,000,000","119,000,000","8,000,000","-58,000,000","-12,000,000","136,000,000","27,000,000","-35,000,000","9,000,000","128,000,000","-61,000,000","-7,000,000","10,000,000","114,000,000","22,000,000","1,000,000","-10,000,000","112,000,000","-10,000,000","-11,000,000","-17,000,000","-20,000,000","50,000,000","-3,000,000","-30,000,000","54,000,000","37,000,000","4,000,000","-10,000,000","54,000,000","3,000,000","-28,000,000","-39,000,000","26,000,000","4,000,000","-21,000,000","-43,000,000","-180,000,000","10,000,000","-6,000,000","-109,000,000","53,000,000","12,000,000","-1,000,000","-12,000,000","-136,000,000","103,000,000","57,000,000","-80,000,000","244,000,000","195,000,000","115,000,000","158,000,000","296,000,000","257,000,000","58,000,000","149,000,000","248,000,000","193,000,000","155,000,000","129,000,000","123,000,000","141,000,000","169,000,000","-203,000,000","101,000,000","131,000,000","189,000,000","75,000,000","86,000,000","98,000,000","77,000,000","-788,200,000","144,300,000","143,800,000","106,500,000","-168,500,000","73,200,000","117,800,000","134,100,000","62,100,000","56,900,000","43,600,000","57,200,000","-13,800,000","33,900,000","30,400,000","32,100,000","25,800,000","23,200,000","21,200,000","19,900,000","18,900,000","17,400,000","16,700,000","16,000,000","13,900,000","12,900,000","12,100,000","10,900,000","9,700,000","8,700,000","8,000,000","5,900,000","5,200,000","4,700,000","4,200,000","3,800,000","3,100,000","2,500,000","1,900,000","1,800,000","1,100,000",,,,,,,,,,,,,,,,
NetIncomeCommonStockholders,"1,984,000,000","529,000,000","382,000,000","675,000,000","398,000,000","-170,000,000","-90,000,000","45,000,000","-481,000,000","-158,000,000","142,000,000","189,000,000","62,000,000","-91,000,000","13,000,000","213,000,000","26,000,000","-87,000,000","220,000,000","245,000,000","3,000,000","-107,000,000","-31,000,000","209,000,000","36,000,000","-51,000,000","-5,000,000","184,000,000","143,000,000","-9,000,000","23,000,000","192,000,000","26,000,000","4,000,000","-28,000,000","118,000,000","-28,000,000","-46,000,000","-46,000,000","280,000,000","79,000,000","-23,000,000","-170,000,000","82,000,000","52,000,000","7,000,000","-24,000,000","90,000,000","26,000,000","-38,000,000","-49,000,000","57,000,000","-6,000,000","-49,000,000","-121,000,000","-1,006,000,000","15,000,000","-12,000,000","-1,056,000,000","103,000,000","24,000,000","13,000,000","3,000,000","-1,013,000,000","121,000,000","70,000,000","536,000,000","496,000,000","387,000,000","-82,000,000","357,000,000","593,000,000","691,000,000","441,000,000","288,000,000","193,000,000","382,000,000","309,000,000","247,000,000","-2,747,000,000","34,000,000","342,000,000","-307,000,000","210,000,000","242,000,000","516,000,000","89,000,000","214,000,000","175,000,000","69,000,000","-1,481,000,000","201,700,000","862,300,000","362,000,000","102,700,000","111,000,000","210,900,000","229,500,000","100,900,000","92,300,000","70,500,000","89,500,000","-18,000,000","35,300,000","48,300,000","48,000,000","40,800,000","38,200,000","34,200,000","32,800,000","30,200,000","28,000,000","26,600,000","25,200,000","22,700,000","20,300,000","19,100,000","17,800,000","15,000,000","13,500,000","12,500,000","3,200,000","8,100,000","7,300,000","6,500,000","5,800,000","4,800,000","3,900,000","3,000,000","2,500,000","1,500,000",,,,,,,,,,,,,,,,
	NetIncome,"1,984,000,000","529,000,000","382,000,000","675,000,000","398,000,000","-170,000,000","-90,000,000","45,000,000","-481,000,000","-158,000,000","142,000,000","189,000,000","62,000,000","-91,000,000","13,000,000","213,000,000","26,000,000","-87,000,000","220,000,000","245,000,000","3,000,000","-107,000,000","-31,000,000","209,000,000","36,000,000","-51,000,000","-5,000,000","184,000,000","143,000,000","-9,000,000","23,000,000","192,000,000","26,000,000","4,000,000","-28,000,000","118,000,000","-28,000,000","-46,000,000","-46,000,000","280,000,000","79,000,000","-23,000,000","-170,000,000","82,000,000","52,000,000","7,000,000","-24,000,000","90,000,000","26,000,000","-38,000,000","-49,000,000","57,000,000","-6,000,000","-49,000,000","-121,000,000","-1,006,000,000","15,000,000","-12,000,000","-1,056,000,000","103,000,000","24,000,000","13,000,000","3,000,000","-1,013,000,000","121,000,000","70,000,000","536,000,000","496,000,000","387,000,000","-82,000,000","357,000,000","593,000,000","691,000,000","441,000,000","288,000,000","193,000,000","382,000,000","309,000,000","247,000,000","-2,747,000,000","34,000,000","342,000,000","-307,000,000","210,000,000","242,000,000","516,000,000","89,000,000","214,000,000","175,000,000","69,000,000","-1,481,000,000","201,700,000","862,300,000","362,000,000","102,700,000","111,000,000","210,900,000","229,500,000","100,900,000","92,300,000","70,500,000","89,500,000","-18,000,000","35,300,000","48,300,000","48,000,000","40,800,000","38,200,000","34,200,000","32,800,000","30,200,000","28,000,000","26,600,000","25,200,000","22,700,000","20,300,000","19,100,000","17,800,000","15,000,000","13,500,000","12,500,000","3,200,000","8,100,000","7,300,000","6,500,000","5,800,000","4,800,000","3,900,000","3,000,000","2,500,000","1,500,000",,,,,,,,,,,,,,,,
		NetIncomeIncludingNoncontrollingInterests,"1,980,000,000","527,000,000","381,000,000","674,000,000","398,000,000","-170,000,000","-90,000,000","45,000,000","-481,000,000","-158,000,000","142,000,000","189,000,000","62,000,000","-91,000,000","13,000,000","213,000,000","26,000,000","-87,000,000","220,000,000","245,000,000","3,000,000","-107,000,000","-31,000,000","209,000,000","36,000,000","-51,000,000","-5,000,000","184,000,000","143,000,000","-9,000,000","23,000,000","192,000,000","26,000,000","4,000,000","-28,000,000","118,000,000","-28,000,000","-46,000,000","-46,000,000","280,000,000","79,000,000","-23,000,000","-170,000,000","82,000,000","52,000,000","7,000,000","-24,000,000","90,000,000","26,000,000","-38,000,000","-49,000,000","57,000,000","-6,000,000","-49,000,000","-121,000,000","-1,006,000,000","15,000,000","-12,000,000","-1,056,000,000","103,000,000","24,000,000","13,000,000","3,000,000","-1,013,000,000","121,000,000","70,000,000","536,000,000","497,000,000","388,000,000","-81,000,000","357,000,000","594,000,000","692,000,000","445,000,000","292,000,000","197,000,000","389,000,000","315,000,000","253,000,000","-2,739,000,000","40,000,000","344,000,000","-305,000,000","214,000,000","247,000,000","529,000,000","112,000,000","237,000,000","197,000,000","85,000,000","-1,466,100,000","217,400,000","877,400,000","377,100,000","119,000,000","125,500,000","225,800,000","234,400,000","100,900,000","92,300,000","70,500,000","89,500,000","-18,000,000","35,300,000","48,300,000","48,000,000","40,800,000","38,200,000","34,200,000","32,800,000","30,200,000","28,000,000","26,600,000","25,200,000","22,700,000","20,300,000","19,100,000","17,800,000","15,000,000","13,500,000","12,500,000","3,200,000","8,100,000","7,300,000","6,500,000","5,800,000","4,800,000","3,900,000","3,000,000","2,500,000","1,500,000","1,000,000","3,000,000","-30,600,000","6,900,000","6,500,000","6,000,000","5,200,000","4,700,000","4,200,000","3,300,000","2,900,000","2,500,000","2,000,000","1,300,000","-1,000,000","1,500,000"
			NetIncomeContinuousOperations,"1,980,000,000","527,000,000","381,000,000","674,000,000","398,000,000","-170,000,000","-90,000,000","45,000,000","-481,000,000","-158,000,000","142,000,000","189,000,000","62,000,000","-91,000,000","13,000,000","213,000,000","26,000,000","-87,000,000","220,000,000","245,000,000","3,000,000","-107,000,000","-31,000,000","209,000,000","36,000,000","-51,000,000","-5,000,000","184,000,000","143,000,000","-9,000,000","23,000,000","192,000,000","26,000,000","4,000,000","-28,000,000","118,000,000","-28,000,000","-46,000,000","-46,000,000","280,000,000","79,000,000","-23,000,000","-170,000,000","82,000,000","52,000,000","7,000,000","-24,000,000","90,000,000","26,000,000","-38,000,000","-49,000,000","57,000,000","-6,000,000","-49,000,000","-121,000,000","-1,006,000,000","15,000,000","-12,000,000","-1,045,000,000","63,000,000","23,000,000","12,000,000","4,000,000","-325,000,000","174,000,000","135,000,000","-39,000,000","453,000,000","392,000,000","63,000,000","357,000,000","593,000,000","493,000,000","441,000,000","288,000,000","486,000,000","382,000,000","309,000,000","247,000,000","253,000,000","266,000,000","342,000,000","-307,000,000","210,000,000","242,000,000","254,000,000","126,000,000","188,000,000","175,000,000","127,000,000","-1,480,900,000","208,600,000","885,000,000","181,400,000","-302,000,000","123,100,000","214,500,000","229,500,000","100,900,000","92,300,000","70,500,000","89,500,000","-18,000,000","35,300,000","48,300,000","48,000,000","40,800,000","38,200,000","34,200,000","32,800,000","30,200,000","28,000,000","26,600,000","25,200,000","22,700,000","20,300,000","19,100,000","17,800,000","15,000,000","13,500,000","12,500,000","3,200,000","8,100,000","7,300,000","6,500,000","5,800,000","4,800,000","3,900,000","3,000,000","2,500,000","1,500,000","1,000,000","3,000,000","-30,600,000","6,900,000","6,500,000","6,000,000","5,200,000","4,700,000","4,200,000","3,300,000","2,900,000","2,500,000","2,000,000","1,300,000","-1,000,000","1,500,000"
			NetIncomeDiscontinuousOperations,,,,,,,,,,,,,,,,,,,,,,,,,,,,,,,,,,,,,,,,,,,,,,,,,,,,,,,,,,,"-11,000,000","40,000,000","1,000,000","1,000,000","-1,000,000","-688,000,000","-53,000,000","-1,000,000","583,000,000","43,000,000","-5,000,000","-145,000,000","0",,"198,000,000",,,,,,"0",,"-232,000,000",,,,,"23,000,000","19,000,000","26,000,000",,,"-100,000","-6,900,000","-22,700,000","180,600,000","404,700,000","-12,100,000","-3,600,000",,,,,,,,,,,,,,,,,,,,,,,,,,,,,,,,,,,,,,,,,,,,,,,,,,
			NetIncomeExtraordinary,,,,,,,,,,,,,,,,,,,,,,,,,,,,,,,,,,,,,,,,,,,,,,,,,,,,,,,,,,,,,,,"0",,,"-64,000,000",,,,,,,,,"0","-293,000,000",,,,,,,"0",,,"-38,000,000","-54,000,000",,,"-56,000,000",,,,,,,,,,,,,,,,,,,,,,,,,,,,,,,,,,,,,,,,,,,,,,,,,,,,,,,,,
			NetIncomeFromTaxLossCarryforward,,,,,,,,,,,,,,,,,,,,,,,,,,,,,,,,,,,,,,,,,,,,,,,,,,,,,,,,,,,,,,,,,,,,,,,,,,,,,,,"0","-3,000,000,000",,,,,,"277,000,000",,,,"-2,000,000",,,,,,,,,,,,,,,,,,,,,,,,,,,,,,,,,,,,,,,,,,,,,,,,,,,,,,,,,
		MinorityInterests,"4,000,000","2,000,000","1,000,000","1,000,000",,,,,,,,,,,,,,,,,,,,,,,,,,,,,,,,,,,,,,,,,,,,,,,,,,,,,,,,,,,,,,,"0","-1,000,000","-1,000,000","-1,000,000","0","-1,000,000","-1,000,000","-4,000,000","-4,000,000","-4,000,000","-7,000,000","-6,000,000","-6,000,000","-8,000,000","-6,000,000","-2,000,000","-2,000,000","-4,000,000","-5,000,000","-13,000,000","-23,000,000","-23,000,000","-22,000,000","-16,000,000","-14,900,000","-15,700,000","-15,100,000","-15,100,000","-16,300,000","-14,500,000","-14,900,000","-4,900,000",,,,,,,,,,,,,,,,,,,,,,,,,,,,,,,,,,,,,,,,,,,,,,,,,
AverageDilutionEarnings,,,,,,,,,,,,,,,,,,,,,,,,,,,"0","0","0",,"0","0","1,000,000",,"-1,000,000","1,000,000","0",,"0","1,000,000","1,000,000",,,,,,,,,,,,,,,,,,,,,,,,,,,,,,,,,,,,,,,,,,,,,,,,,,,,,,,,,,,,,,,,,,,,,,,,,,,,,,,,,,,,,,,,,,,,,,,,,,,,,,,,,,
DilutedNIAvailtoComStockholders,"1,984,000,000","529,000,000","382,000,000","675,000,000","398,000,000","-170,000,000","-90,000,000","45,000,000","-481,000,000","-158,000,000","142,000,000","189,000,000","62,000,000","-91,000,000","13,000,000","213,000,000","26,000,000","-87,000,000","220,000,000","245,000,000","3,000,000","-107,000,000","-31,000,000","209,000,000","36,000,000","-51,000,000","-5,000,000","184,000,000","143,000,000","-9,000,000","23,000,000","192,000,000","27,000,000","4,000,000","-29,000,000","119,000,000","-28,000,000","-46,000,000","-46,000,000","281,000,000","80,000,000","-23,000,000","-170,000,000","82,000,000","52,000,000","7,000,000","-17,000,000","90,000,000","26,000,000","-38,000,000","-49,000,000","57,000,000","-6,000,000","-49,000,000","-121,000,000","-1,006,000,000","15,000,000","-12,000,000","-1,056,000,000","103,000,000","24,000,000","13,000,000","3,000,000","-1,013,000,000","121,000,000","70,000,000","536,000,000","496,000,000","387,000,000","-82,000,000","357,000,000","593,000,000","691,000,000","441,000,000","288,000,000","193,000,000","382,000,000","309,000,000","247,000,000","-2,747,000,000","34,000,000","342,000,000","-307,000,000","210,000,000","242,000,000","516,000,000","89,000,000","214,000,000","175,000,000","69,000,000","-1,481,000,000","201,700,000","862,300,000","362,000,000","102,700,000","111,000,000","210,900,000","229,500,000","100,900,000","92,300,000","70,500,000","89,500,000","-18,000,000","35,300,000","48,300,000","48,000,000","40,800,000","38,200,000","34,200,000","32,800,000","30,200,000","28,000,000","26,600,000","25,200,000","22,700,000","20,300,000","19,100,000","17,800,000","15,000,000","13,500,000","12,500,000","3,200,000","8,100,000","7,300,000","6,500,000","5,800,000","4,800,000","3,900,000","3,000,000","2,500,000","1,500,000",,,,,,,,,,,,,,,,
BasicEPS,,"9.96","6.78","10.58","5.69","-2.43","-1.29","0.64","-6.91","-2.16","1.92","2.52","0.81","-1.2","0.16","2.71","0.33","-1.08","2.7","2.96","0.04","-1.25","-0.35","2.32","0.39","-0.53","-0.06","1.8","1.36","-0.09","0.22","1.84","0.25","0.03","-0.26","1.09","-0.26","-0.43","-0.43","2.62","0.74","-0.22","-1.62","0.78","0.49","0.07","-0.23","0.88","0.25","-0.37","-0.47","0.55","-0.06","-0.48",,"-9.91","0.15","-0.11",,"1","0.23","0.13",,"-10.07","-7.5","0.7",,"4.8","3.7","-0.8",,"5.7","6.8","4.3",,"1.9","3.8","3",,"2.4","0.1","3.5",,"2.5","2.9","2.8",,"3","2.5","1",,"2.8","11.2","4.5",,"1.3","2.4","2.7","2.3","2.2","1.7",,"-0.4","0.9","1.7",,"1.5","1.4","1.3",,"1.1","1.1","1",,"0.9","0.8","0.7",,"0.7","0.6","0.5",,"0.5","0.4","0.4",,"0.3","0.2","0.2",,"0.1","0.1","0.2",,"0.5","0.4","0.4",,"0.3","0.3","0.2",,"0.2","0.1","0.1",,"0.1"
DilutedEPS,,"9.71","6.63","10.45","5.63","-2.43","-1.29","0.63","-6.91","-2.16","1.9","2.5","0.81","-1.2","0.16","2.68","0.32","-1.08","2.65","2.91","0.04","-1.25","-0.35","2.28","0.38","-0.53","-0.06","1.77","1.34","-0.09","0.21","1.74","0.24","0.03","-0.26","1.02","-0.26","-0.43","-0.43","2.38","0.66","-0.22","-1.62","0.65","0.42","0.06","-0.23","0.73","0.22","-0.37","-0.47","0.54","-0.06","-0.48",,"-9.91","0.15","-0.11",,"0.99","0.23","0.12",,"-10.07","-7.5","0.7",,"4.7","3.6","-0.8",,"5.6","6.6","4.2",,"1.9","3.7","3",,"2.4","0.1","3.4",,"2.3","2.7","2.6",,"2.9","2.4","0.9",,"2.6","10.5","4.3",,"1.3","2.4","2.6","2.3","2.2","1.7",,"-0.4","0.9","1.7",,"1.5","1.4","1.3",,"1.1","1.1","1",,"0.9","0.8","0.7",,"0.7","0.6","0.5",,"0.5","0.4","0.4",,"0.3","0.2","0.2",,"0.1","0.1","0.2",,"0.5","0.4","0.4",,"0.3","0.3","0.2",,"0.2","0.1","0.1",,"0.1"
BasicAverageShares,,"53,100,000","56,400,000","63,700,000","69,900,000","69,900,000","69,700,000","69,700,000","69,600,000","72,900,000","73,900,000","75,200,000","76,000,000","75,800,000","76,900,000","78,800,000","80,700,000","81,000,000","81,300,000","82,600,000","84,000,000","85,700,000","87,400,000","90,400,000","93,900,000","96,300,000","99,500,000","102,700,000","105,500,000","106,100,000","106,200,000","103,900,000","105,100,000","106,600,000","107,100,000","108,300,000","108,400,000","107,700,000","106,900,000","106,800,000","106,700,000","105,900,000","105,500,000","105,400,000","105,400,000","104,600,000","103,300,000","103,200,000","103,100,000","102,600,000","102,300,000","102,300,000","102,200,000","101,800,000",,"101,600,000","101,400,000","109,090,909",,"103,000,000","104,347,826","100,000,000",,"100,595,829","100,000,000","100,000,000",,"103,333,333","104,594,595","102,500,000",,"104,035,088","101,617,647","102,558,140",,"101,578,947","100,526,316","103,000,000",,"99,714,286","97,714,286","97,714,286",,"84,000,000","83,448,276","84,861,597",,"71,333,333","70,000,000","69,000,000",,"72,035,714","76,991,071","80,444,444",,"85,384,615","87,875,000","85,000,000","43,869,565","41,954,545","41,470,588",,"45,000,000","39,222,222","28,411,765",,"27,200,000","27,285,714","26,307,692",,"27,454,545","25,454,545","26,600,000",,"25,222,222","25,375,000","27,285,714",,"21,428,571","22,500,000","25,000,000",,"16,200,000","18,250,000","16,250,000",,"16,000,000","19,500,000","15,000,000",,"15,000,000","15,967,200","14,952,500",,"14,952,500","14,608,100","14,608,100",,"13,692,200","13,692,200","13,692,200",,"12,991,800","12,991,800","12,991,800",,"8,010,900"
DilutedAverageShares,,"54,500,000","57,700,000","64,600,000","70,600,000","69,900,000","69,700,000","70,200,000","69,600,000","72,900,000","74,400,000","75,700,000","76,400,000","75,800,000","77,600,000","79,500,000","81,500,000","81,000,000","82,700,000","84,000,000","85,200,000","85,700,000","87,400,000","91,800,000","95,100,000","96,300,000","99,500,000","104,000,000","106,700,000","106,100,000","108,300,000","109,900,000","111,000,000","108,600,000","107,100,000","116,200,000","108,400,000","107,700,000","106,900,000","118,000,000","121,900,000","105,900,000","105,500,000","128,900,000","129,000,000","106,800,000","103,300,000","126,600,000","126,600,000","102,600,000","102,300,000","104,500,000","102,200,000","101,800,000",,"101,600,000","101,400,000","109,090,909",,"104,040,404","104,347,826","108,333,333",,"100,595,829","100,000,000","100,000,000",,"105,531,915","107,500,000","102,500,000",,"105,892,857","104,696,970","105,000,000",,"101,578,947","103,243,243","103,000,000",,"102,647,059","100,588,235","100,588,235",,"91,304,348","89,629,630","84,861,597",,"73,793,103","72,916,667","76,666,667",,"77,576,923","82,123,810","84,186,047",,"85,384,615","87,875,000","88,269,231","43,869,565","41,954,545","41,470,588",,"45,000,000","39,222,222","28,411,765",,"27,200,000","27,285,714","26,307,692",,"27,454,545","25,454,545","26,600,000",,"25,222,222","25,375,000","27,285,714",,"21,428,571","22,500,000","25,000,000",,"16,200,000","18,250,000","16,250,000",,"16,000,000","19,500,000","15,000,000",,"15,000,000","15,967,200","14,952,500",,"14,952,500","14,608,100","14,608,100",,"13,692,200","13,692,200","13,692,200",,"12,991,800","12,991,800","12,991,800",,"8,010,900"
RentExpenseSupplemental,"145,000,000","33,000,000","27,000,000","43,000,000","42,000,000","44,000,000","46,000,000","50,000,000","42,000,000","56,000,000","64,000,000","72,000,000","62,000,000","57,000,000","61,000,000","72,000,000","64,000,000","56,000,000","58,000,000","67,000,000","54,000,000","43,000,000","47,000,000","57,000,000","42,000,000","34,000,000","36,000,000","52,000,000","35,000,000","33,000,000","36,000,000","51,000,000","39,000,000","37,000,000","37,000,000","45,000,000","23,000,000","33,000,000","35,000,000","38,000,000","30,000,000","26,000,000",,,,,,,,,,,,,,,,,,,,,,,,,,,,,,,,,,,,,,,,,,,,,,,,,,,,,,,,,,,,,,,,,,,,,,,,,,,,,,,,,,,,,,,,,,,,,,,,,,,,,,,,,
TotalExpenses,"8,062,000,000","1,979,000,000","2,076,000,000","2,164,000,000","1,843,000,000","1,460,000,000","1,427,000,000","1,507,000,000","1,288,000,000","1,931,000,000","2,102,000,000","2,381,000,000","2,252,000,000","1,996,000,000","1,987,000,000","2,389,000,000","2,243,000,000","2,037,000,000","1,945,000,000","2,334,000,000","2,136,000,000","1,905,000,000","1,817,000,000","2,254,000,000","2,113,000,000","1,901,000,000","1,833,000,000","2,209,000,000","2,029,000,000","1,806,000,000","1,801,000,000","2,159,000,000","2,039,000,000","1,797,000,000","1,774,000,000","2,059,000,000","1,862,000,000","1,632,000,000","1,643,000,000","1,831,000,000","1,688,000,000","1,575,000,000","1,935,000,000","1,365,000,000","1,208,000,000","1,114,000,000","1,412,000,000","1,242,000,000","1,146,000,000","1,103,000,000","1,416,000,000","1,269,000,000","1,198,000,000","1,150,000,000","1,595,000,000","1,514,000,000","1,445,000,000","1,347,000,000","1,597,000,000","1,473,000,000","1,380,000,000","1,256,000,000","1,514,000,000","1,410,000,000","3,820,000,000","3,911,000,000","4,215,000,000","4,273,000,000","4,065,000,000","3,464,000,000","4,331,000,000","4,449,000,000","4,365,000,000","3,890,000,000","3,913,000,000","4,230,000,000","3,904,000,000","3,490,000,000","3,315,000,000","3,324,000,000","3,096,000,000","2,123,000,000","2,163,000,000","2,003,000,000","1,937,000,000","1,002,000,000","675,000,000","682,000,000","819,000,000","801,000,000","875,900,000","971,100,000","999,300,000","946,200,000","1,127,800,000","1,089,600,000","945,300,000","1,044,700,000","612,800,000","529,600,000","515,700,000","526,700,000","489,100,000","393,600,000","312,200,000","349,800,000","275,400,000","254,700,000","237,000,000","229,900,000","214,400,000","209,200,000","200,900,000","192,400,000","184,200,000","181,000,000","174,600,000","170,100,000","160,500,000","155,800,000","150,900,000","207,300,000","120,000,000","117,000,000","114,600,000","110,000,000","102,500,000","98,900,000","95,700,000","86,000,000","86,800,000",,,,,,,,,,,,,,,,
NetIncomeFromContinuingAndDiscontinuedOperation,"1,984,000,000","529,000,000","382,000,000","675,000,000","398,000,000","-170,000,000","-90,000,000","45,000,000","-481,000,000","-158,000,000","142,000,000","189,000,000","62,000,000","-91,000,000","13,000,000","213,000,000","26,000,000","-87,000,000","220,000,000","245,000,000","3,000,000","-107,000,000","-31,000,000","209,000,000","36,000,000","-51,000,000","-5,000,000","184,000,000","143,000,000","-9,000,000","23,000,000","192,000,000","26,000,000","4,000,000","-28,000,000","118,000,000","-28,000,000","-46,000,000","-46,000,000","280,000,000","79,000,000","-23,000,000","-170,000,000","82,000,000","52,000,000","7,000,000","-24,000,000","90,000,000","26,000,000","-38,000,000","-49,000,000","57,000,000","-6,000,000","-49,000,000","-121,000,000","-1,006,000,000","15,000,000","-12,000,000","-1,056,000,000","103,000,000","24,000,000","13,000,000","3,000,000","-1,013,000,000","121,000,000","134,000,000","544,000,000","496,000,000","387,000,000","-82,000,000","357,000,000","593,000,000","691,000,000","441,000,000","288,000,000","486,000,000","382,000,000","309,000,000","247,000,000","253,000,000","34,000,000","342,000,000","-307,000,000","210,000,000","242,000,000","277,000,000","145,000,000","214,000,000","175,000,000","127,000,000","-1,481,000,000","201,700,000","862,300,000","362,000,000","102,700,000","111,000,000","210,900,000","229,500,000","100,900,000","92,300,000","70,500,000","89,500,000","-18,000,000","35,300,000","48,300,000","48,000,000","40,800,000","38,200,000","34,200,000","32,800,000","30,200,000","28,000,000","26,600,000","25,200,000","22,700,000","20,300,000","19,100,000","17,800,000","15,000,000","13,500,000","12,500,000","3,200,000","8,100,000","7,300,000","6,500,000","5,800,000","4,800,000","3,900,000","3,000,000","2,500,000","1,500,000",,,,,,,,,,,,,,,,
NormalizedIncome,"1,572,028,646.815","305,390,000","311,132,596.685","574,086,000","384,060,000","-101,320,000","-93,333,333.333","-31,500,000","-457,300,000","-134,600,000","147,110,000","185,350,000","28,120,000","-78,940,000","21,030,000","207,000,000","24,640,000","-77,564,000","236,200,000","251,030,000","28,800,000","-74,500,000","11,534,883.721","212,660,000","42,600,000","-41,400,000","5,200,000","188,200,000","153,200,000","-4,200,000","26,484,848.485","209,010,000","59,800,000","7,200,000","13,263,157.895","149,850,000","63,020,000","806,000","-3,650,793.651","287,800,000","66,751,937.984","-22,115,384.615","-148,750,000","82,000,000","52,000,000","7,000,000","-2,823,529.412","93,750,000","27,793,103.448","-37,350,000","-43,800,000","57,686,746.988","-800,000","-44,100,000","-101,079,268.293","69,554,806.071","15,600,000","-12,000,000","-1,045,000,000","64,950,000","13,800,000","8,100,000","32,800,000","13,394,793.926","202,267,148.014","165,937,500","207,000,000","458,853,868.195","400,020,408.163","213,600,000","338,381,139.489","586,993,258.427","506,813,581.891","443,654,075.547","269,288,095.238","498,615,176.152","391,357,388.316","345,861,702.128","301,541,666.667","295,820,312.5","406,515,970.516","349,362,035.225","118,586,274.51","281,575,562.701","259,517,426.273","126,800,000","131,641,791.045","206,525,547.445","175,641,025.641","177,426,470.588","226,661,041.823","220,120,000","265,637,636.081","186,062,591.177","149,940,913.921","202,365,613.856","208,174,089.678","229,500,000","97,681,104.294","85,928,083.11","65,124,452.235","90,110,088.616","68,940,000","51,800,000","47,809,021.601","51,060,000","40,432,432.432","38,137,785.016","34,200,000","32,800,000","30,200,000","28,000,000","26,600,000","25,200,000","22,700,000","20,300,000","19,100,000","15,815,331.01","14,757,085.02","13,560,810.811","12,621,951.22","15,980,000","8,282,706.767","7,604,166.667","6,500,000","5,800,000","4,800,000","4,082,812.5","3,000,000","2,500,000","1,500,000",,,,,,,,,,,,,,,,
InterestExpense,"210,000,000","53,000,000","51,000,000","47,000,000","59,000,000","61,000,000","68,000,000","64,000,000","51,000,000","48,000,000","39,000,000","49,000,000","48,000,000","42,000,000","49,000,000","44,000,000","49,000,000","46,000,000","46,000,000","45,000,000","48,000,000","49,000,000","46,000,000","51,000,000","56,000,000","50,000,000","48,000,000","49,000,000","45,000,000","52,000,000","48,000,000","50,000,000","55,000,000","56,000,000","58,000,000","57,000,000","55,000,000","58,000,000","60,000,000","67,000,000","69,000,000","73,000,000","-129,000,000","122,000,000","115,000,000","110,000,000","-182,000,000","120,000,000","117,000,000","115,000,000","41,000,000","112,000,000","108,000,000",,,,,,,,,,,,,,,,,,,,,,,,,,,,,,,,,,,,,,,,,,,,,,,,,,,,,,,,,,,,,,,,,,,,,,,,,,,,,,,,,,,,,,,,,,,,,,
NetInterestIncome,"-210,000,000","-53,000,000","-51,000,000","-47,000,000","-59,000,000","-61,000,000","-68,000,000","-64,000,000","-51,000,000","-48,000,000","-39,000,000","-49,000,000","-48,000,000","-42,000,000","-49,000,000","-44,000,000","-49,000,000","-46,000,000","-46,000,000","-45,000,000","-48,000,000","-49,000,000","-46,000,000","-51,000,000","-56,000,000","-50,000,000","-48,000,000","-49,000,000","-45,000,000","-52,000,000","-48,000,000","-50,000,000","-55,000,000","-56,000,000","-58,000,000","-57,000,000","-55,000,000","-58,000,000","-60,000,000","-67,000,000","-69,000,000","-73,000,000","129,000,000","-122,000,000","-115,000,000","-110,000,000","182,000,000","-120,000,000","-117,000,000","-115,000,000","176,000,000","-112,000,000","-108,000,000","-107,000,000",,,,,,,,,,,,,,,,,,,,,,,,,,,,,,,,,,,,,,,,,,,,,,,,,,,,,,,,,,,,,,,,,,,,,,,,,,,,,,,,,,,,,,,,,,,,,
EBIT,"2,863,000,000","748,000,000","594,000,000","976,000,000","545,000,000","-189,000,000","-67,000,000","117,000,000","-558,000,000","-217,000,000","53,000,000","377,000,000","129,000,000","-94,000,000","52,000,000","399,000,000","87,000,000","-83,000,000","47,000,000","409,000,000","59,000,000","-116,000,000","3,000,000","396,000,000","119,000,000","-36,000,000","52,000,000","361,000,000","127,000,000","36,000,000","81,000,000","356,000,000","103,000,000","61,000,000","20,000,000","287,000,000","17,000,000","1,000,000","-3,000,000","327,000,000","198,000,000","47,000,000","-329,000,000","258,000,000","204,000,000","121,000,000","-216,000,000","264,000,000","146,000,000","49,000,000","-279,000,000","196,000,000","114,000,000","44,000,000","-1,631,000,000","187,000,000","132,000,000","98,000,000","-1,361,000,000","246,000,000","136,000,000","109,000,000","-767,000,000","156,000,000","432,000,000","306,000,000","363,000,000","773,000,000","670,000,000","413,000,000","573,000,000","914,000,000","844,000,000","587,000,000","543,000,000","832,000,000","676,000,000","604,000,000","535,000,000","515,000,000","688,000,000","590,000,000","417,000,000","478,000,000","466,000,000","301,000,000","293,000,000","362,000,000","318,000,000","327,000,000","407,400,000","439,300,000","378,000,000","358,700,000","290,900,000","368,200,000","361,000,000","391,900,000","161,900,000","143,100,000","109,000,000","147,600,000","113,100,000","96,800,000","77,800,000","85,300,000","66,000,000","61,300,000","55,500,000","51,900,000","49,300,000","45,700,000","43,400,000","37,700,000","37,900,000","34,800,000","32,400,000","27,200,000","26,600,000","24,700,000","23,000,000","35,800,000","16,900,000","16,200,000","14,400,000","10,900,000","12,000,000","10,900,000","9,000,000","10,400,000","7,200,000","89,500,000","83,800,000","-210,700,000","71,100,000","64,500,000","58,200,000","-112,800,000","50,700,000","48,100,000","44,600,000","-81,900,000","37,300,000","34,200,000","25,700,000","-53,100,000","22,500,000"
EBITDA,"5,413,000,000"
ReconciledCostOfRevenue,"1,984,000,000","491,000,000","529,000,000","53,000,000","455,000,000","378,000,000","384,000,000","442,000,000","463,000,000","553,000,000","580,000,000","678,000,000","657,000,000","574,000,000","138,000,000","157,000,000","144,000,000","128,000,000","129,000,000","145,000,000","127,000,000","107,000,000","116,000,000","135,000,000","115,000,000","99,000,000","107,000,000","127,000,000","110,000,000","101,000,000","105,000,000","128,000,000","111,000,000","101,000,000","106,000,000","118,000,000","89,000,000","90,000,000","101,000,000","115,000,000","109,000,000","100,000,000","-423,000,000","717,000,000","626,000,000","630,000,000","-341,000,000","702,000,000","642,000,000","619,000,000","-271,000,000","725,000,000","655,000,000","649,000,000","-424,000,000","873,000,000","810,000,000","783,000,000","-405,000,000","830,000,000","786,000,000","721,000,000","-468,000,000","978,000,000","2,743,000,000","2,577,000,000","2,946,000,000","2,964,000,000","2,688,000,000","2,362,000,000","2,556,000,000","2,573,000,000","3,021,000,000","2,084,000,000","1,943,000,000","2,821,000,000","2,202,000,000","1,984,000,000","1,975,000,000","887,000,000","2,867,000,000","923,000,000","836,000,000","2,111,000,000","819,000,000","433,000,000","433,000,000","287,000,000","321,000,000","341,000,000","410,000,000","409,900,000","108,300,000","120,000,000","247,200,000","29,300,000","290,700,000","146,800,000","50,900,000","29,600,000","40,600,000","19,700,000","-80,400,000","14,600,000","-21,400,000","-7,000,000","-34,600,000","-24,900,000","-23,800,000","-23,200,000","-22,500,000","-22,400,000","-23,600,000","-30,500,000","-20,300,000","-20,300,000","-21,800,000","-269,100,000","58,000,000","53,000,000","48,900,000","-230,500,000","42,100,000","40,700,000","42,100,000","-174,000,000","36,400,000","87,700,000","76,500,000","33,300,000","34,600,000",,,,,,,,,,,,,,,,
ReconciledDepreciation,"2,550,000,000","633,000,000","738,000,000","525,000,000","654,000,000","563,000,000","574,000,000","675,000,000","598,000,000","714,000,000","738,000,000","844,000,000","842,000,000","718,000,000","504,000,000","602,000,000","603,000,000","521,000,000","512,000,000","613,000,000","581,000,000","500,000,000","488,000,000","585,000,000","564,000,000","493,000,000","471,000,000","566,000,000","546,000,000","472,000,000","471,000,000","565,000,000","536,000,000","448,000,000","426,000,000","525,000,000","492,000,000","387,000,000","371,000,000","436,000,000","393,000,000","363,000,000","391,000,000","392,000,000","379,000,000","328,000,000","316,000,000","379,000,000","359,000,000","313,000,000","320,000,000","389,000,000","410,000,000","368,000,000","398,000,000","470,000,000","462,000,000","397,000,000","380,000,000","467,000,000","426,000,000","376,000,000","359,000,000","253,000,000","394,000,000","461,000,000","-95,000,000","471,000,000","562,000,000","354,000,000","830,000,000","1,012,000,000","448,000,000","905,000,000","1,196,000,000","560,000,000","949,000,000","757,000,000","737,000,000","1,764,000,000","-415,000,000","631,000,000","1,821,000,000","-564,000,000","635,000,000","276,000,000","-27,000,000","119,000,000","126,000,000","112,000,000","123,600,000","121,100,000","420,900,000","403,400,000","396,400,000","575,500,000","253,800,000","356,900,000","182,700,000","169,900,000","168,900,000","174,200,000","261,500,000","141,400,000","127,200,000","123,500,000","119,700,000","108,200,000","102,500,000","99,100,000","96,100,000","92,800,000","90,800,000","94,700,000","81,800,000","81,700,000","79,400,000","81,200,000","75,800,000","76,500,000","76,000,000","99,300,000","61,500,000","60,000,000","56,800,000","55,400,000","152,600,000","-2,800,000","5,600,000","39,900,000","39,400,000",,,,,,,,,,,,,,,,
NetIncomeFromContinuingOperationNetMinorityInterest,"1,984,000,000","529,000,000","382,000,000","675,000,000","398,000,000","-170,000,000","-90,000,000","45,000,000","-481,000,000","-158,000,000","142,000,000","189,000,000","62,000,000","-91,000,000","13,000,000","213,000,000","26,000,000","-87,000,000","220,000,000","245,000,000","3,000,000","-107,000,000","-31,000,000","209,000,000","36,000,000","-51,000,000","-5,000,000","184,000,000","143,000,000","-9,000,000","23,000,000","192,000,000","26,000,000","4,000,000","-28,000,000","118,000,000","-28,000,000","-46,000,000","-46,000,000","280,000,000","79,000,000","-23,000,000","-170,000,000","82,000,000","52,000,000","7,000,000","-24,000,000","90,000,000","26,000,000","-38,000,000","-49,000,000","57,000,000","-6,000,000","-49,000,000","-121,000,000","-1,006,000,000","15,000,000","-12,000,000","-1,045,000,000","63,000,000","23,000,000","12,000,000","4,000,000","-325,000,000","174,000,000","135,000,000","-39,000,000","453,000,000","392,000,000","63,000,000","357,000,000","593,000,000","493,000,000","441,000,000","288,000,000","486,000,000","382,000,000","309,000,000","247,000,000","253,000,000","266,000,000","342,000,000","-307,000,000","210,000,000","242,000,000","254,000,000","126,000,000","188,000,000","175,000,000","127,000,000","-1,480,900,000","208,600,000","885,000,000","181,400,000","-302,000,000","123,100,000","214,500,000","229,500,000","100,900,000","92,300,000","70,500,000","89,500,000","-18,000,000","35,300,000","48,300,000","48,000,000","40,800,000","38,200,000","34,200,000","32,800,000","30,200,000","28,000,000","26,600,000","25,200,000","22,700,000","20,300,000","19,100,000","17,800,000","15,000,000","13,500,000","12,500,000","3,200,000","8,100,000","7,300,000","6,500,000","5,800,000","4,800,000","3,900,000","3,000,000","2,500,000","1,500,000",,,,,,,,,,,,,,,,
TotalUnusualItemsExcludingGoodwill,"552,000,000","295,000,000","101,000,000","139,000,000","17,000,000","-101,000,000","5,000,000","90,000,000","-30,000,000","-39,000,000","-7,000,000","5,000,000","44,000,000","-18,000,000","-11,000,000","10,000,000","2,000,000","-14,000,000","-27,000,000","-9,000,000","-43,000,000","-50,000,000","-59,000,000","-6,000,000","-11,000,000","-16,000,000","-17,000,000","-7,000,000","-17,000,000","-8,000,000","-5,000,000","-27,000,000","-52,000,000","-4,000,000","-56,000,000","-49,000,000","-123,000,000","-58,000,000","-58,000,000","-12,000,000","20,000,000","-1,000,000","-25,000,000","0","0","0","-30,000,000","-6,000,000","-2,000,000","-1,000,000","-8,000,000","-1,000,000","-8,000,000","-7,000,000","-27,000,000","-1,268,000,000","-1,000,000",,,"-3,000,000","14,000,000","6,000,000","-48,000,000","-480,000,000","-45,000,000","-44,000,000","-410,000,000","-9,000,000","-12,000,000","-251,000,000","27,000,000","9,000,000","-21,000,000","-3,000,000","29,000,000","-19,000,000","-14,000,000","-55,000,000","-85,000,000","-63,000,000","-215,000,000","-11,000,000","-707,000,000","-106,000,000","-27,000,000","212,000,000","-9,000,000","-27,000,000","-1,000,000","-81,000,000","-2,616,400,000","-19,200,000","720,000,000","-7,400,000","-704,100,000","-126,400,000","9,800,000",,"5,200,000","10,300,000","8,700,000","-1,000,000","-144,900,000","-27,500,000","800,000","-5,100,000","600,000","100,000",,,,,,,,,,"3,200,000","400,000","-100,000","-200,000","-21,300,000","-300,000","-500,000",,,,"-300,000",,,,,,,,,,,,,,,,,,,
TotalUnusualItems,"552,000,000","295,000,000","101,000,000","139,000,000","17,000,000","-101,000,000","5,000,000","90,000,000","-30,000,000","-39,000,000","-7,000,000","5,000,000","44,000,000","-18,000,000","-11,000,000","10,000,000","2,000,000","-14,000,000","-27,000,000","-9,000,000","-43,000,000","-50,000,000","-59,000,000","-6,000,000","-11,000,000","-16,000,000","-17,000,000","-7,000,000","-17,000,000","-8,000,000","-5,000,000","-27,000,000","-52,000,000","-4,000,000","-56,000,000","-49,000,000","-123,000,000","-58,000,000","-58,000,000","-12,000,000","20,000,000","-1,000,000","-25,000,000","0","0","0","-30,000,000","-6,000,000","-2,000,000","-1,000,000","-8,000,000","-1,000,000","-8,000,000","-7,000,000","-27,000,000","-1,268,000,000","-1,000,000",,,"-3,000,000","14,000,000","6,000,000","-48,000,000","-480,000,000","-45,000,000","-44,000,000","-410,000,000","-9,000,000","-12,000,000","-251,000,000","27,000,000","9,000,000","-21,000,000","-3,000,000","29,000,000","-19,000,000","-14,000,000","-55,000,000","-85,000,000","-63,000,000","-215,000,000","-11,000,000","-707,000,000","-106,000,000","-27,000,000","212,000,000","-9,000,000","-27,000,000","-1,000,000","-81,000,000","-2,616,400,000","-19,200,000","720,000,000","-7,400,000","-704,100,000","-126,400,000","9,800,000",,"5,200,000","10,300,000","8,700,000","-1,000,000","-144,900,000","-27,500,000","800,000","-5,100,000","600,000","100,000",,,,,,,,,,"3,200,000","400,000","-100,000","-200,000","-21,300,000","-300,000","-500,000",,,,"-300,000",,,,,,,,,,,,,,,,,,,
NormalizedEBITDA,"4,861,000,000","1,086,000,000","1,231,000,000","1,362,000,000","1,182,000,000","475,000,000","502,000,000","702,000,000","70,000,000","536,000,000","798,000,000","1,216,000,000","927,000,000","642,000,000","567,000,000","991,000,000","688,000,000","452,000,000","586,000,000","1,031,000,000","683,000,000","434,000,000","550,000,000","987,000,000","694,000,000","473,000,000","540,000,000","934,000,000","690,000,000","516,000,000","557,000,000","948,000,000","691,000,000","513,000,000","502,000,000","861,000,000","632,000,000","446,000,000","426,000,000","775,000,000","571,000,000","411,000,000","87,000,000","650,000,000","583,000,000","449,000,000","130,000,000","649,000,000","510,000,000","370,000,000","49,000,000","586,000,000","539,000,000","428,000,000","-1,206,000,000","1,951,000,000","595,000,000","500,000,000","-981,000,000","716,000,000","549,000,000","489,000,000","-360,000,000","1,044,000,000","1,012,000,000","915,000,000","794,000,000","1,350,000,000","1,244,000,000","1,128,000,000","1,376,000,000","1,917,000,000","1,601,000,000","1,495,000,000","1,710,000,000","1,636,000,000","1,639,000,000","1,416,000,000","1,357,000,000","2,342,000,000","1,524,000,000","1,232,000,000","2,945,000,000","1,269,000,000","1,159,000,000","365,000,000","275,000,000","575,000,000","445,000,000","520,000,000","3,147,400,000","579,600,000","78,900,000","769,500,000","1,391,400,000","1,070,100,000","605,000,000","748,800,000","339,400,000","302,700,000","269,200,000","322,800,000","519,500,000","265,700,000","204,200,000","213,900,000","190,800,000","169,400,000","158,000,000","151,000,000","145,400,000","138,500,000","134,200,000","132,400,000","119,700,000","116,500,000","111,800,000","105,200,000","102,000,000","101,300,000","99,200,000","156,400,000","78,700,000","76,700,000","71,200,000","66,300,000","164,600,000","12,500,000","14,600,000","50,300,000","46,600,000","89,500,000","83,800,000","-210,700,000","71,100,000","64,500,000","58,200,000","-112,800,000","50,700,000","48,100,000","44,600,000","-81,900,000","37,300,000","34,200,000","25,700,000","-53,100,000","22,500,000"
TaxRateForCalcs,"0.254","0.242","0.298","0.274","0.18","0.32","0.333","0.15","0.21","0.4","0.27","0.27","0.23","0.33","0.27","0.4","0.32","0.326","0.4","0.33","0.4","0.35","0.279","0.39","0.4","0.4","0.4","0.4","0.4","0.4","0.303","0.37","0.35","0.2","0.263","0.35","0.26","0.193","0.27","0.35","0.388","0.115","0.15","0.397","0.35","0.364","0.294","0.375","0.103","0.35","0.35","0.313","0.35","0.3","0.262","0.152","0.4","0.333","0.094","0.35","0.343","0.35","0.4","0.295","0.372","0.297","0.4","0.35","0.332","0.4","0.31","0.333","0.342","0.115","0.355","0.336","0.332","0.33","0.358","0.32","0.346","0.331","0.398","0.325","0.351","0.4","0.373","0.314","0.359","0.377","0.347","0.4","0.14","0.37","0.358","0.373","0.354","0.369","0.381","0.381","0.382","0.39","0.4","0.4","0.386","0.4","0.387","0.378","0.383","0.378","0.385","0.383","0.386","0.388","0.38","0.389","0.388","0.38","0.393","0.392","0.39","0.4","0.391","0.392","0.393","0.396","0.392","0.391","0.388","0.4","0.4",,,,,,,,,,,,,,,,
TaxEffectOfUnusualItems,"140,028,646.815","71,390,000","30,132,596.685","38,086,000","3,060,000","-32,320,000","1,666,666.667","13,500,000","-6,300,000","-15,600,000","-1,890,000","1,350,000","10,120,000","-5,940,000","-2,970,000","4,000,000","640,000","-4,564,000","-10,800,000","-2,970,000","-17,200,000","-17,500,000","-16,465,116.279","-2,340,000","-4,400,000","-6,400,000","-6,800,000","-2,800,000","-6,800,000","-3,200,000","-1,515,151.515","-9,990,000","-18,200,000","-800,000","-14,736,842.105","-17,150,000","-31,980,000","-11,194,000","-15,650,793.651","-4,200,000","7,751,937.984","-115,384.615","-3,750,000","0","0","0","-8,823,529.412","-2,250,000","-206,896.552","-350,000","-2,800,000","-313,253.012","-2,800,000","-2,100,000","-7,079,268.293","-192,445,193.929","-400,000","0","0","-1,050,000","4,800,000","2,100,000","-19,200,000","-141,605,206.074","-16,732,851.986","-13,062,500","-164,000,000","-3,146,131.805","-3,979,591.837","-100,400,000","8,381,139.489","2,993,258.427","-7,186,418.109","-345,924.453","10,288,095.238","-6,384,823.848","-4,642,611.684","-18,138,297.872","-30,458,333.333","-20,179,687.5","-74,484,029.484","-3,637,964.775","-281,413,725.49","-34,424,437.299","-9,482,573.727","84,800,000","-3,358,208.955","-8,474,452.555","-358,974.359","-30,573,529.412","-908,838,958.177","-7,680,000","100,637,636.081","-2,737,408.823","-252,159,086.079","-47,134,386.144","3,474,089.678","0","1,981,104.294","3,928,083.11","3,324,452.235","-389,911.384","-57,960,000","-11,000,000","309,021.601","-2,040,000","232,432.432","37,785.016","0","0","0","0","0","0","0","0","0","1,215,331.01","157,085.02","-39,189.189","-78,048.78","-8,520,000","-117,293.233","-195,833.333","0","0","0","-117,187.5","0","0","0",,,,,,,,,,,,,,,,