name,ttm,04/30/2022,01/31/2022,10/31/2021,07/31/2021,04/30/2021,01/31/2021,10/31/2020,07/31/2020,04/30/2020,01/31/2020,10/31/2019,07/31/2019,04/30/2019,01/31/2019,10/31/2018,07/31/2018,04/30/2018,01/31/2018,10/31/2017,07/31/2017,04/30/2017,01/31/2017,10/31/2016,07/31/2016,04/30/2016,01/31/2016,10/31/2015,07/31/2015,04/30/2015,01/31/2015,10/31/2014,07/31/2014,04/30/2014,01/31/2014,10/31/2013,07/31/2013,04/30/2013,01/31/2013,10/31/2012,07/31/2012,04/30/2012,01/31/2012,10/31/2011,07/31/2011,04/30/2011,01/31/2011,10/31/2010,07/31/2010,04/30/2010,01/31/2010,10/31/2009,07/31/2009,04/30/2009,01/31/2009,10/31/2008,07/31/2008,04/30/2008,01/31/2008,10/31/2007,07/31/2007,04/30/2007,01/31/2007,10/31/2006,07/31/2006,04/30/2006,01/31/2006,10/31/2005,07/31/2005,04/30/2005,01/31/2005,10/31/2004,07/31/2004,04/30/2004,01/31/2004,10/31/2003,07/31/2003,04/30/2003,01/31/2003,10/31/2002,07/31/2002,04/30/2002,01/31/2002,10/31/2001,07/31/2001,04/30/2001,01/31/2001,10/31/2000,07/31/2000,04/30/2000,01/31/2000,10/31/1999,07/31/1999,04/30/1999,01/31/1999,10/31/1998,07/31/1998,04/30/1998,01/31/1998,10/31/1997,07/31/1997,04/30/1997,01/31/1997,10/31/1996,07/31/1996,04/30/1996,01/31/1996,10/31/1995,07/31/1995,04/30/1995,01/31/1995,10/31/1994,07/31/1994,04/30/1994,01/31/1994,10/31/1993,07/31/1993,04/30/1993,01/31/1993,10/31/1992,07/31/1992,04/30/1992,01/31/1992,10/31/1991,07/31/1991,04/30/1991,01/31/1991,10/31/1990,07/31/1990,04/30/1990,01/31/1990,10/31/1989,07/31/1989,04/30/1989,01/31/1989,10/31/1988,07/31/1988,04/30/1988,01/31/1988,10/31/1987,07/31/1987,04/30/1987,01/31/1987,10/31/1986,07/31/1986,04/30/1986,01/31/1986,10/31/1985
TotalRevenue,"12,952,594,000","3,458,942,000","3,048,717,000","3,262,942,000","3,181,994,000","2,378,235,000","2,008,028,000","2,215,905,000","2,105,021,000","749,883,000","2,248,198,000","2,487,586,000","2,626,629,000","2,178,397,000","2,048,076,000","2,538,005,000","2,588,432,000","2,089,037,000","2,054,603,000","2,153,745,000","2,093,739,000","1,846,460,000","1,769,993,000","1,920,055,000","1,970,079,000","1,582,954,000","1,565,940,000","1,924,600,000","2,048,592,000","1,653,858,000","1,671,961,000","2,150,211,000","2,291,186,000","1,919,566,000","1,790,055,000","2,015,885,000","2,114,749,000","1,808,529,000","1,662,365,000","1,911,644,000","1,868,302,000","1,752,504,000","1,578,950,000","1,782,518,000","1,873,832,000","1,549,495,000","1,374,199,000","1,349,519,000","1,362,027,000","1,179,806,000","1,114,377,000","1,154,964,000","1,187,940,000","883,015,000","848,832,000","1,389,232,000","1,565,724,000","1,204,302,000","1,154,105,000","1,189,338,000","1,279,342,000","990,838,000","922,961,000","1,010,052,000","1,100,544,000","883,420,000","802,952,000","967,829,000","860,758,000","695,554,000","662,793,000","717,329,000","734,187,000","602,516,000","545,345,000","611,407,000","609,874,000","545,186,000","512,537,000","549,129,000","551,205,000","466,879,000","453,507,000","558,450,000","579,799,000","462,918,000","437,836,000","496,689,000","530,036,000","446,195,000","402,000,000","412,800,000","387,200,000","304,700,000","291,600,000","322,400,000","332,400,000","271,900,000","276,900,000","317,400,000","320,700,000","263,700,000","272,100,000","286,300,000","287,000,000","237,000,000","221,600,000","243,200,000","253,000,000","204,400,000","199,400,000","223,800,000","221,300,000","177,900,000","172,600,000","187,000,000","193,700,000","162,200,000","158,300,000","175,900,000","177,300,000","144,500,000","141,300,000","156,000,000","164,900,000","136,700,000","144,900,000","157,200,000","141,500,000","118,800,000","120,400,000","127,800,000","133,700,000","105,800,000","99,900,000","106,800,000","106,700,000","85,500,000","79,400,000","85,100,000","86,400,000","69,900,000","68,200,000","70,400,000","75,400,000","61,900,000","70,700,000","74,400,000"
	OperatingRevenue,"12,657,665,000","3,164,013,000","3,048,717,000","3,262,942,000","3,181,994,000","3,092,983,000","1,758,350,000","1,940,172,000","1,845,482,000","2,584,922,000","1,978,175,000","2,198,477,000","2,352,012,000","1,941,786,000","1,809,770,000","2,282,891,000","2,588,432,000","2,089,037,000","2,054,603,000","2,153,745,000","2,093,739,000","1,846,460,000","1,769,993,000","1,920,055,000","1,970,079,000","1,582,954,000","1,565,940,000","1,924,600,000","2,048,592,000","1,653,858,000","1,671,961,000","2,150,211,000","2,291,186,000","1,919,566,000","1,790,055,000","2,015,885,000","2,114,749,000","1,808,529,000","1,662,365,000","1,911,644,000","1,868,302,000","1,752,504,000","1,578,950,000","1,782,518,000","1,873,832,000","1,549,495,000","1,374,199,000","1,349,519,000","1,362,027,000","1,179,806,000","1,114,377,000","1,154,964,000","1,187,940,000","883,015,000","848,832,000","1,389,232,000","1,565,724,000","1,204,302,000","1,154,105,000","1,189,338,000","1,279,342,000","990,838,000","922,961,000","1,010,052,000","1,100,544,000","883,944,000","802,788,000","967,654,000","860,758,000","695,351,000","662,561,000","717,027,000","733,859,000","602,207,000","544,951,000","610,944,000","609,371,000","544,681,000","511,948,000","548,480,000","550,497,000","463,820,000","453,507,000","557,654,000","578,923,000","462,109,000","437,004,000","495,708,000","528,891,000","446,195,000","402,000,000","412,800,000","387,200,000","304,700,000","291,600,000","322,400,000","332,400,000","271,900,000","276,900,000","317,400,000","320,700,000","263,700,000","272,100,000","286,300,000","287,000,000","237,000,000","221,600,000","243,200,000","253,000,000","204,400,000","199,400,000","223,800,000","221,300,000","177,900,000","172,600,000","187,000,000","193,700,000","162,200,000","158,300,000","175,900,000","177,300,000","144,500,000","141,300,000","156,000,000","164,900,000","136,700,000","144,900,000","157,200,000","141,500,000","118,800,000","120,400,000","127,800,000","133,700,000","105,800,000","99,900,000","106,800,000","106,700,000","85,500,000","79,400,000","85,100,000","86,400,000","69,900,000","68,200,000","70,400,000","75,400,000","61,900,000","70,700,000","74,400,000"
	ExciseTaxes,,,,,,,"-249,678,000","-275,733,000","-259,539,000","1,896,750,000","-270,023,000","-289,109,000","-274,617,000","-236,611,000","-238,306,000","-255,114,000",,,,,,,,,,,,,,,,,,,,,,,,,,,,,,,,,,,,,,,,,,,,,,,,,,,,,,,,,,,,,,,,,,,,,,,,,,,,,,,,,,,,,,,,,,,,,,,,,,,,,,,,,,,,,,,,,,,,,,,,,,,,,,,,,,,,
CostOfRevenue,"10,189,880,000","2,802,200,000","2,384,222,000","2,545,352,000","2,458,107,000","1,817,244,000","1,467,847,000","1,584,145,000","1,481,518,000","224,813,000","1,751,335,000","1,930,521,000","2,060,943,000","1,726,027,000","1,577,811,000","2,027,684,000","2,066,664,000","1,683,922,000","1,634,679,000","1,686,088,000","1,617,042,000","1,448,241,000","1,380,364,000","1,476,537,000","1,520,284,000","1,194,734,000","1,194,771,000","1,481,610,000","1,637,350,000","1,307,315,000","1,320,915,000","1,778,929,000","1,917,010,000","1,632,991,000","1,510,182,000","1,693,584,000","1,769,239,000","1,542,137,000","1,412,679,000","1,632,331,000","1,581,328,000","1,507,264,000","1,350,200,000","1,519,600,000","1,607,050,000","1,332,307,000","1,171,668,000","1,122,142,000","1,128,056,000","990,543,000","937,777,000","948,600,000","967,815,000","710,859,000","687,714,000","1,198,285,000","1,366,701,000","1,045,781,000","994,091,000","1,010,213,000","1,090,993,000","839,041,000","783,022,000","864,345,000","954,703,000","758,296,000","685,175,000","823,307,000","720,727,000","588,068,000","553,196,000","600,664,000","610,652,000","504,713,000","449,292,000","493,634,000","495,540,000","446,811,000","414,520,000","438,731,000","443,909,000","370,055,000","365,248,000","452,379,000","473,877,000","383,293,000","352,903,000","396,570,000","428,062,000","365,530,000","326,800,000","327,800,000","302,700,000","239,100,000","218,900,000","245,400,000","258,400,000","213,200,000","213,800,000","249,200,000","254,300,000","212,500,000","218,400,000","226,600,000","228,800,000","190,600,000","170,200,000","187,800,000","199,500,000","162,500,000","153,500,000","174,500,000","175,400,000","142,100,000","132,600,000","145,900,000","153,500,000","129,800,000","124,100,000","138,900,000","140,600,000","115,300,000","110,900,000","123,200,000","130,900,000","110,500,000","114,500,000","126,600,000","111,500,000","93,800,000","93,400,000","99,500,000","107,500,000",,,,,,,,,,,,,,,
GrossProfit,"2,762,714,000","656,742,000","664,495,000","717,590,000","723,887,000","560,991,000","540,181,000","631,760,000","623,503,000","525,070,000","496,863,000","557,065,000","565,686,000","452,370,000","470,265,000","510,321,000","521,768,000","405,115,000","419,924,000","467,657,000","476,697,000","398,219,000","389,629,000","443,518,000","449,795,000","388,220,000","371,169,000","442,990,000","411,242,000","346,543,000","351,046,000","371,282,000","374,176,000","286,575,000","279,873,000","322,301,000","345,510,000","266,392,000","249,686,000","279,313,000","286,974,000","245,240,000","228,750,000","262,918,000","266,782,000","217,188,000","202,531,000","227,377,000","233,971,000","189,263,000","176,600,000","206,364,000","220,125,000","172,156,000","161,118,000","190,947,000","199,023,000","158,521,000","160,014,000","179,125,000","188,349,000","151,797,000","139,939,000","145,707,000","145,841,000","125,124,000","117,777,000","144,522,000","140,031,000","107,486,000","109,597,000","116,665,000","123,535,000","97,803,000","96,053,000","117,773,000","114,334,000","98,375,000","98,017,000","110,398,000","107,296,000","96,824,000","88,259,000","106,071,000","105,922,000","79,625,000","84,933,000","100,119,000","101,974,000","80,665,000","75,200,000","85,000,000","84,500,000","65,600,000","72,700,000","77,000,000","74,000,000","58,700,000","63,100,000","68,200,000","66,400,000","51,200,000","53,700,000","59,700,000","58,200,000","46,400,000","51,400,000","55,400,000","53,500,000","41,900,000","45,900,000","49,300,000","45,900,000","35,800,000","40,000,000","41,100,000","40,200,000","32,400,000","34,200,000","37,000,000","36,700,000","29,200,000","30,400,000","32,800,000","34,000,000","26,200,000","30,400,000","30,600,000","30,000,000","25,000,000","27,000,000","28,300,000","26,200,000",,,,,,,,,,,,,,,
OperatingExpense,"2,265,014,000","568,770,000","566,526,000","574,902,000","554,816,000","496,203,000","479,633,000","474,642,000","451,908,000","432,682,000","440,615,000","436,271,000","439,649,000","409,032,000","402,860,000","405,542,000","418,232,000","373,211,000","380,083,000","377,106,000","373,616,000","344,537,000","343,473,000","343,964,000","337,983,000","308,529,000","303,447,000","309,785,000","302,981,000","274,699,000","279,213,000","282,056,000","280,567,000","245,679,000","247,358,000","248,945,000","246,475,000","220,964,000","218,101,000","217,188,000","215,935,000","201,561,000","193,847,000","195,264,000","194,311,000","172,455,000","172,275,000","173,304,000","171,949,000","153,737,000","146,251,000","149,540,000","150,309,000","142,694,000","136,034,000","144,661,000","150,041,000","133,872,000","137,544,000","132,836,000","137,910,000","121,763,000","119,855,000","116,401,000","116,336,000","103,712,000","105,556,000","107,869,000","103,491,000","84,876,000","102,933,000","97,002,000","95,986,000","93,094,000","88,358,000","89,881,000","89,315,000","84,104,000","83,653,000","85,811,000","84,532,000","84,034,000","82,166,000","83,315,000","82,583,000","74,422,000","75,472,000","75,211,000","73,963,000","67,864,000","65,800,000","64,300,000","60,700,000","54,800,000","58,000,000","56,500,000","53,800,000","50,600,000","51,000,000","50,900,000","49,600,000","44,900,000","44,600,000","45,400,000","43,800,000","40,800,000","40,200,000","41,500,000","40,700,000","36,400,000","36,500,000","36,900,000","35,300,000","31,400,000","33,000,000","32,200,000","32,100,000","29,300,000","29,000,000","29,900,000","30,100,000","27,000,000","26,000,000","26,600,000","28,400,000","24,600,000","26,300,000","25,900,000","26,200,000","23,900,000","24,000,000","23,300,000","22,900,000",,,,,,,,,,,,,,,
	SellingGeneralAndAdministration,,,,,,,,,,,,,,,,,,,,,,,,,,,,,,,,,,,,,,,,,,,"169,231,000","171,832,000","171,416,000","150,473,000","151,506,000","153,263,000","152,386,000","135,037,000","127,883,000","131,013,000","132,358,000","125,325,000","118,886,000","127,255,000","132,579,000","116,910,000","120,526,000","115,405,000","121,714,000","105,134,000","103,651,000","100,863,000","100,811,000","89,043,000","91,420,000","93,240,000","89,740,000","71,588,000","89,664,000","84,105,000","83,317,000","80,530,000","75,898,000","77,564,000","77,150,000","72,121,000","71,732,000","74,051,000","72,897,000","72,528,000","70,851,000","72,241,000","71,776,000","63,795,000","64,999,000","64,890,000","63,892,000","57,856,000","56,100,000","54,900,000","51,600,000","46,100,000","49,300,000","48,100,000","45,700,000","42,600,000","43,200,000","43,500,000","42,400,000","37,900,000","37,700,000","38,800,000","37,400,000","34,400,000","33,900,000","35,400,000","34,800,000","30,700,000","30,800,000","31,400,000","30,000,000","26,400,000","28,200,000","27,700,000","27,800,000","25,100,000","25,000,000","26,000,000","26,300,000","23,400,000","22,500,000","23,200,000","25,100,000","21,400,000","23,200,000","22,900,000","23,300,000","20,900,000","21,200,000","20,800,000","20,500,000",,,,,,,,,,,,,,,
	DepreciationAmortizationDepletionIncomeStatement,"303,541,000","77,866,000","75,529,000","74,258,000","75,888,000","69,896,000","65,185,000","64,294,000","65,820,000","65,193,000","63,285,000","62,888,000","59,808,000","62,867,000","61,324,000","61,356,000","58,840,000","57,402,000","57,042,000","54,157,000","52,369,000","51,947,000","51,152,000","48,675,000","45,855,000","45,909,000","43,822,000","41,807,000","39,399,000","42,156,000","40,431,000","37,275,000","36,249,000","35,556,000","32,687,000","32,416,000","30,501,000","29,910,000","28,229,000","27,148,000","26,536,000","25,609,000","24,616,000","23,432,000","22,895,000","21,982,000","20,769,000","20,041,000","19,563,000","18,700,000","18,368,000","18,527,000","17,951,000","17,369,000","17,148,000","17,406,000","17,462,000","16,962,000","17,018,000","17,431,000","16,196,000","16,629,000","16,204,000","15,538,000","15,525,000","14,669,000","14,136,000","14,629,000","13,751,000","13,288,000","13,269,000","12,897,000","12,669,000","12,564,000","12,460,000","12,317,000","12,165,000","11,983,000","11,921,000","11,760,000","11,635,000","11,506,000","11,315,000","11,074,000","10,807,000","10,627,000","10,473,000","10,321,000","10,071,000","10,008,000","9,700,000","9,400,000","9,100,000","8,700,000","8,700,000","8,400,000","8,100,000","8,000,000","7,800,000","7,400,000","7,200,000","7,000,000","6,900,000","6,600,000","6,400,000","6,400,000","6,300,000","6,100,000","5,900,000","5,700,000","5,700,000","5,500,000","5,300,000","5,000,000","4,800,000","4,500,000","4,300,000","4,200,000","4,000,000","3,900,000","3,800,000","3,600,000","3,500,000","3,400,000","3,300,000","3,200,000","3,100,000","3,000,000","2,900,000","3,000,000","2,800,000","2,500,000","2,400,000",,,,,,,,,,,,,,,
		DepreciationAndAmortizationInIncomeStatement,"303,541,000","77,866,000","75,529,000","74,258,000","75,888,000","69,896,000","65,185,000","64,294,000","65,820,000","65,193,000","63,285,000","62,888,000","59,808,000","62,867,000","61,324,000","61,356,000","58,840,000","57,402,000","57,042,000","54,157,000","52,369,000","51,947,000","51,152,000","48,675,000","45,855,000","45,909,000","43,822,000","41,807,000","39,399,000","42,156,000","40,431,000","37,275,000","36,249,000","35,556,000","32,687,000","32,416,000","30,501,000","29,910,000","28,229,000","27,148,000","26,536,000","25,609,000","24,616,000","23,432,000","22,895,000","21,982,000","20,769,000","20,041,000","19,563,000","18,700,000","18,368,000","18,527,000","17,951,000","17,369,000","17,148,000","17,406,000","17,462,000","16,962,000","17,018,000","17,431,000","16,196,000","16,629,000","16,204,000","15,538,000","15,525,000","14,669,000","14,136,000","14,629,000","13,751,000","13,288,000","13,269,000","12,897,000","12,669,000","12,564,000","12,460,000","12,317,000","12,165,000","11,983,000","11,921,000","11,760,000","11,635,000","11,506,000","11,315,000","11,074,000","10,807,000","10,627,000","10,473,000","10,321,000","10,071,000","10,008,000","9,700,000","9,400,000","9,100,000","8,700,000","8,700,000","8,400,000","8,100,000","8,000,000","7,800,000","7,400,000","7,200,000","7,000,000","6,900,000","6,600,000","6,400,000","6,400,000","6,300,000","6,100,000","5,900,000","5,700,000","5,700,000","5,500,000","5,300,000","5,000,000","4,800,000","4,500,000","4,300,000","4,200,000","4,000,000","3,900,000","3,800,000","3,600,000","3,500,000","3,400,000","3,300,000","3,200,000","3,100,000","3,000,000","2,900,000","3,000,000","2,800,000","2,500,000","2,400,000",,,,,,,,,,,,,,,
	OtherOperatingExpenses,"1,961,473,000","490,904,000","490,997,000","500,644,000","478,928,000","426,307,000","414,448,000","410,348,000","386,088,000","367,489,000","377,330,000","373,383,000","379,841,000","346,165,000","341,536,000","344,186,000","359,392,000","315,809,000","323,041,000","322,949,000","321,247,000","292,590,000","292,321,000","295,289,000","292,128,000","262,620,000","259,625,000","267,978,000","263,582,000","232,543,000","238,782,000","244,781,000","244,318,000","210,123,000","214,671,000","216,529,000","215,974,000","191,054,000","189,872,000","190,040,000","189,399,000","175,952,000",,,,,,,,,"127,883,000","131,013,000","132,358,000",,,,,,,,,,,,,,,,,,,,,,,,,,,,,,,,,,,,,,,,,,,,,,,,,,,,,,,,,,,,,,,,,,,,,,,,,,,,,,,,,,,,,,,,,,,,,,,
OperatingIncome,"497,700,000","87,972,000","97,969,000","142,688,000","169,071,000","64,788,000","60,548,000","157,118,000","171,595,000","92,388,000","56,248,000","120,794,000","126,037,000","43,338,000","67,405,000","104,779,000","103,536,000","31,904,000","39,841,000","90,551,000","103,081,000","53,682,000","46,156,000","99,554,000","111,812,000","79,691,000","67,722,000","133,205,000","108,261,000","71,844,000","71,833,000","89,226,000","93,609,000","40,896,000","32,515,000","73,356,000","99,035,000","45,428,000","31,585,000","62,125,000","71,039,000","43,679,000","34,903,000","67,654,000","72,471,000","44,733,000","30,256,000","54,073,000","62,022,000","35,526,000","30,349,000","56,824,000","69,816,000","29,462,000","25,084,000","46,286,000","48,982,000","24,649,000","22,470,000","46,289,000","50,439,000","30,034,000","20,084,000","29,306,000","29,505,000","21,412,000","12,221,000","36,653,000","36,540,000","22,610,000","6,664,000","19,663,000","27,549,000","4,709,000","7,695,000","27,892,000","25,019,000","14,271,000","14,364,000","24,587,000","22,764,000","12,790,000","6,093,000","22,756,000","23,339,000","5,203,000","9,461,000","24,908,000","28,011,000","12,801,000","9,400,000","20,700,000","23,800,000","10,800,000","14,700,000","20,500,000","20,200,000","8,100,000","12,100,000","17,300,000","16,800,000","6,300,000","9,100,000","14,300,000","14,400,000","5,600,000","11,200,000","13,900,000","12,800,000","5,500,000","9,400,000","12,400,000","10,600,000","4,400,000","7,000,000","8,900,000","8,100,000","3,100,000","5,200,000","7,100,000","6,600,000","2,200,000","4,400,000","6,200,000","5,600,000","1,600,000","4,100,000","4,700,000","3,800,000","1,100,000","3,000,000","5,000,000","3,300,000","-304,100,000","99,900,000","106,800,000","106,700,000","-236,100,000","79,400,000","85,100,000","86,400,000","-200,500,000","68,200,000","70,400,000","75,400,000","-211,200,000","70,700,000","74,400,000"
NetNonOperatingInterestIncomeExpense,"-56,972,000","-15,291,000","-14,431,000","-13,520,000","-13,730,000","-11,169,000","-11,469,000","-10,634,000","-13,407,000","-13,806,000","-13,209,000","-12,683,000","-13,721,000","-13,749,000","-13,310,000","-14,191,000","-14,406,000","-13,119,000","-13,470,000","-12,976,000","-11,375,000","-10,362,000","-10,559,000","-10,075,000","-10,540,000","-9,948,000","-10,132,000","-10,009,000","-10,084,000","-10,168,000","-10,191,000","-10,360,000","-10,257,000","-10,119,000","-9,947,000","-9,748,000","-9,456,000","-8,743,000","-8,764,000","-8,637,000","-8,904,000","-8,751,000","-8,730,000","-8,777,000","-8,934,000","-8,867,000","-8,908,000","-8,195,000","-2,527,000","-2,774,000","-2,748,000","-2,707,000","-2,704,000","-2,892,000","-2,757,000",,,,,,,,,,,,,,,,,,,,,,,,,,,,,,,,,,,,,,,,,,,,,,,,,,,,,,,,,,,,,,,,,,,,,,,,,,,,,,,,,,,,,,,,,,,,,
	InterestExpenseNonOperating,,,,,,,,,,,,,,,,,,,,,,,,,,,,,,,,,,,,,,,,,,,"8,730,000","8,777,000","8,934,000","8,867,000","8,908,000","8,195,000","2,527,000","2,774,000","2,748,000","2,707,000","2,704,000","2,892,000","2,757,000",,,,,,,,,,,,,,,,,,,,,,,,,,,,,,,,,,,,,,,,,,,,,,,,,,,,,,,,,,,,,,,,,,,,,,,,,,,,,,,,,,,,,,,,,,,,,
	TotalOtherFinanceCost,"56,972,000","15,291,000","14,431,000","13,520,000","13,730,000","11,169,000","11,469,000","10,634,000","13,407,000","13,806,000","13,209,000","12,683,000","13,721,000","13,749,000","13,310,000","14,191,000","14,406,000","13,119,000","13,470,000","12,976,000","11,375,000","10,362,000","10,559,000","10,075,000","10,540,000","9,948,000","10,132,000","10,009,000","10,084,000","10,168,000","10,191,000","10,360,000","10,257,000","10,119,000","9,947,000","9,748,000","9,456,000","8,743,000","8,764,000","8,637,000","8,904,000","8,751,000",,"8,777,000",,,,"-8,195,000","2,527,000",,,,,,,,,,,,,,,,,,,,,,,,,,,,,,,,,,,,,,,,,,,,,,,,,,,,,,,,,,,,,,,,,,,,,,,,,,,,,,,,,,,,,,,,,,,,,,,,,,,
OtherIncomeExpense,,,,,,,,,,,,,,,,,,,,,,,,,,,,,,,,,,,,,,,,,,,,,,"0",,"-11,350,000",,,,,,,,,,,,,,,,,,,"164,000","175,000","185,000","203,000","232,000","302,000","328,000","309,000","394,000","463,000","503,000","505,000","589,000","649,000","708,000","662,000","725,000","796,000","876,000","809,000","832,000","981,000","1,145,000","1,068,000","1,200,000","1,400,000","1,500,000","1,000,000","1,500,000","1,400,000","1,500,000","1,200,000","1,200,000","1,300,000","1,400,000","1,200,000","1,200,000","1,400,000","1,400,000","1,300,000","1,300,000","1,400,000","1,500,000","1,300,000","1,300,000","1,400,000","1,400,000","1,200,000","1,200,000","1,300,000","1,400,000","1,200,000","1,100,000","1,300,000","1,300,000","1,200,000","1,200,000","1,300,000","1,300,000","1,100,000","1,100,000","1,300,000","1,300,000","1,100,000","1,100,000","1,300,000","1,300,000",,,,,,,,,,,,,,,
	SpecialIncomeCharges,,,,,,,,,,,,,,,,,,,,,,,,,,,,,,,,,,,,,,,,,,"0","0","0",,"0","0","-11,350,000",,,,,,,,,,,,,,,,,,,"164,000","175,000","185,000","203,000","232,000","302,000","328,000","309,000","394,000","463,000","503,000","505,000","589,000","649,000","708,000","662,000","725,000","796,000","876,000","809,000","832,000","981,000","1,145,000","1,068,000","1,200,000","1,400,000","1,500,000","1,000,000","1,500,000","1,400,000","1,500,000","1,200,000","1,200,000","1,300,000","1,400,000","1,200,000","1,200,000","1,400,000","1,400,000","1,300,000","1,300,000","1,400,000","1,500,000","1,300,000","1,300,000","1,400,000","1,400,000","1,200,000","1,200,000","1,300,000","1,400,000","1,200,000","1,100,000","1,300,000","1,300,000","1,200,000","1,200,000","1,300,000","1,300,000","1,100,000","1,100,000","1,300,000","1,300,000","1,100,000","1,100,000","1,300,000","1,300,000",,,,,,,,,,,,,,,
PretaxIncome,"440,728,000","72,681,000","83,538,000","129,168,000","155,341,000","53,619,000","49,079,000","146,484,000","158,188,000","78,582,000","43,039,000","108,111,000","112,316,000","29,589,000","54,095,000","90,588,000","89,130,000","18,785,000","26,371,000","77,575,000","91,706,000","43,320,000","35,597,000","89,479,000","101,272,000","69,743,000","57,590,000","123,196,000","98,177,000","61,676,000","61,642,000","78,866,000","83,352,000","30,777,000","22,568,000","63,608,000","89,579,000","36,685,000","22,821,000","53,488,000","62,135,000","34,928,000","26,173,000","58,877,000","63,537,000","35,866,000","21,348,000","34,528,000","59,495,000","32,752,000","27,601,000","54,117,000","67,112,000","26,570,000","22,327,000","43,872,000","46,419,000","21,869,000","20,153,000","43,939,000","48,094,000","26,810,000","17,206,000","26,619,000","27,110,000","18,844,000","10,134,000","34,654,000","34,483,000","20,054,000","3,852,000","17,091,000","24,750,000","1,601,000","4,706,000","24,836,000","21,774,000","11,041,000","11,094,000","21,408,000","19,413,000","6,969,000","3,613,000","19,732,000","20,236,000","2,183,000","6,344,000","22,018,000","25,040,000","11,015,000","8,300,000","20,200,000","23,400,000","9,900,000","14,200,000","20,200,000","20,000,000","7,700,000","11,800,000","17,300,000","16,800,000","5,900,000","8,800,000","14,300,000","14,300,000","5,100,000","11,000,000","14,100,000","12,700,000","5,200,000","9,300,000","12,300,000","10,500,000","3,900,000","6,600,000","8,800,000","7,800,000","2,600,000","5,000,000","7,100,000","6,600,000","2,100,000","4,300,000","6,300,000","5,800,000","1,600,000","4,000,000","4,900,000","3,800,000","1,000,000","3,200,000","5,400,000","3,800,000",,,,,,,,,,,,,,,
TaxProvision,"100,938,000","12,905,000","19,514,000","32,337,000","36,182,000","11,921,000","10,452,000","34,501,000","37,596,000","16,491,000","9,080,000","26,130,000","26,501,000","4,377,000","12,260,000","23,973,000","18,906,000","-477,000","-166,594,000","28,657,000","34,948,000","13,242,000","12,762,000","32,299,000","33,880,000","22,699,000","19,491,000","44,163,000","36,371,000","20,333,000","22,323,000","28,997,000","31,062,000","7,961,000","7,899,000","22,289,000","33,869,000","13,413,000","7,358,000","20,629,000","23,104,000","11,859,000","9,474,000","21,245,000","24,146,000","13,096,000","8,473,000","12,836,000","22,209,000","10,817,000","10,359,000","20,525,000","22,919,000","10,997,000","8,292,000","16,520,000","17,624,000","7,406,000","7,255,000","16,247,000","18,143,000","8,511,000","6,000,000","9,545,000","10,148,000","7,395,000","3,121,000","12,292,000","12,368,000","6,933,000","1,386,000","6,085,000","8,811,000","573,000","-1,135,000","9,066,000","7,947,000","4,108,000","4,127,000","7,963,000","7,222,000","2,593,000","1,344,000","7,340,000","7,528,000","718,000","2,361,000","8,190,000","9,315,000","4,067,000","3,100,000","7,500,000","8,700,000","3,700,000","5,300,000","7,600,000","7,500,000","2,900,000","4,400,000","6,500,000","6,300,000","2,200,000","3,300,000","5,400,000","5,400,000","1,900,000","4,200,000","5,300,000","4,800,000","2,000,000","3,600,000","4,800,000","4,100,000","1,500,000","2,600,000","3,400,000","3,000,000","1,000,000","1,900,000","2,700,000","2,500,000","800,000","1,600,000","2,400,000","2,200,000","600,000","1,500,000","1,800,000","1,400,000","400,000","1,200,000","2,000,000","1,400,000",,,,,,,,,,,,,,,
NetIncomeCommonStockholders,"339,790,000","59,776,000","64,024,000","96,831,000","119,159,000","41,698,000","38,627,000","111,983,000","120,592,000","62,091,000","33,959,000","81,981,000","85,815,000","25,212,000","41,835,000","66,615,000","70,224,000","19,262,000","192,965,000","48,918,000","56,758,000","30,078,000","22,835,000","57,180,000","67,392,000","47,044,000","38,099,000","79,033,000","61,806,000","41,343,000","39,319,000","49,869,000","52,290,000","22,816,000","14,669,000","41,319,000","55,710,000","23,272,000","15,463,000","32,859,000","39,031,000","23,069,000","16,699,000","37,632,000","39,391,000","22,770,000","12,875,000","21,692,000","37,286,000","21,935,000","17,242,000","33,592,000","44,193,000","15,555,000","14,021,000","27,329,000","28,805,000","14,632,000","13,033,000","27,676,000","30,126,000","16,574,000","11,244,000","17,172,000","17,023,000","10,430,000","6,953,000","22,193,000","20,892,000","7,342,000","2,466,000","11,006,000","15,939,000","1,028,000","5,841,000","15,770,000","13,827,000","6,933,000","6,967,000","13,445,000","12,191,000","4,376,000","2,269,000","12,392,000","12,708,000","1,465,000","3,983,000","13,828,000","15,725,000","6,948,000","5,200,000","12,700,000","14,700,000","6,200,000","8,900,000","12,600,000","12,500,000","4,800,000","7,400,000","10,800,000","10,500,000","3,700,000","5,500,000","8,900,000","8,900,000","3,200,000","6,800,000","8,800,000","7,900,000","3,200,000","5,700,000","7,500,000","6,400,000","2,400,000","4,000,000","5,400,000","4,800,000","1,600,000","3,100,000","4,400,000","4,100,000","1,300,000","2,700,000","3,900,000","3,600,000","1,000,000","2,500,000","3,100,000","2,400,000","600,000","2,000,000","3,400,000","2,400,000",,,,,,,,,,,,,,,
	NetIncome,"339,790,000","59,776,000","64,024,000","96,831,000","119,159,000","41,698,000","38,627,000","111,983,000","120,592,000","62,091,000","33,959,000","81,981,000","85,815,000","25,212,000","41,835,000","66,615,000","70,224,000","19,262,000","192,965,000","48,918,000","56,758,000","30,078,000","22,835,000","57,180,000","67,392,000","47,044,000","38,099,000","79,033,000","61,806,000","41,343,000","39,319,000","49,869,000","52,290,000","22,816,000","14,669,000","41,319,000","55,710,000","23,272,000","15,463,000","32,859,000","39,031,000","23,069,000","16,699,000","37,632,000","39,391,000","22,770,000","12,875,000","21,692,000","37,286,000","21,935,000","17,242,000","33,592,000","44,193,000","15,555,000","14,021,000","27,329,000","28,805,000","14,632,000","13,033,000","27,676,000","30,126,000","16,574,000","11,244,000","17,172,000","17,023,000","10,430,000","6,953,000","22,193,000","20,892,000","7,342,000","2,466,000","11,006,000","15,939,000","1,028,000","5,841,000","15,770,000","13,827,000","6,933,000","6,967,000","13,445,000","12,191,000","4,376,000","2,269,000","12,392,000","12,708,000","1,465,000","3,983,000","13,828,000","15,725,000","6,948,000","5,200,000","12,700,000","14,700,000","6,200,000","8,900,000","12,600,000","12,500,000","4,800,000","7,400,000","10,800,000","10,500,000","3,700,000","5,500,000","8,900,000","8,900,000","3,200,000","6,800,000","8,800,000","7,900,000","3,200,000","5,700,000","7,500,000","6,400,000","2,400,000","4,000,000","5,400,000","4,800,000","1,600,000","3,100,000","4,400,000","4,100,000","1,300,000","2,700,000","3,900,000","3,600,000","1,000,000","2,500,000","3,100,000","2,400,000","600,000","2,000,000","3,400,000","2,400,000",,,,,,,,,,,,,,,
		NetIncomeIncludingNoncontrollingInterests,"339,790,000","59,776,000","64,024,000","96,831,000","119,159,000","41,698,000","38,627,000","111,983,000","120,592,000","62,091,000","33,959,000","81,981,000","85,815,000","25,212,000","41,835,000","66,615,000","70,224,000","19,262,000","192,965,000","48,918,000","56,758,000","30,078,000","22,835,000","57,180,000","67,392,000","47,044,000","38,099,000","79,033,000","61,806,000","41,343,000","39,319,000","49,869,000","52,290,000","22,816,000","14,669,000","41,319,000","55,710,000","23,272,000","15,463,000","32,859,000","39,031,000","23,069,000","16,699,000","37,632,000","39,391,000","22,770,000","12,875,000","21,692,000","37,286,000","21,935,000","17,242,000","33,592,000","44,193,000","15,555,000","14,021,000","27,329,000","28,805,000","14,632,000","13,033,000","27,676,000","30,126,000","16,574,000","11,244,000","17,172,000","17,023,000","10,430,000","6,953,000","22,193,000","20,892,000","7,342,000","2,466,000","11,006,000","15,939,000","1,028,000","5,841,000","15,770,000","13,827,000","6,933,000","6,967,000","13,445,000","12,191,000","4,376,000","2,269,000","12,392,000","12,708,000","1,465,000","3,983,000","13,828,000","15,725,000","6,948,000","5,200,000","12,700,000","14,700,000","6,200,000","8,900,000","12,600,000","12,500,000","4,800,000","7,400,000","10,800,000","10,500,000","3,700,000","5,500,000","8,900,000","8,900,000","3,200,000","6,800,000","8,800,000","7,900,000","3,200,000","5,700,000","7,500,000","6,400,000","2,400,000","4,000,000","5,400,000","4,800,000","1,600,000","3,100,000","4,400,000","4,100,000","1,300,000","2,700,000","3,900,000","3,600,000","1,000,000","2,500,000","3,100,000","2,400,000","600,000","2,000,000","3,400,000","2,400,000","-1,200,000","1,700,000","3,200,000","3,300,000","1,900,000","2,400,000","3,100,000","3,200,000","1,500,000","1,900,000","2,200,000","3,100,000","1,500,000","1,600,000","1,800,000"
			NetIncomeContinuousOperations,"339,790,000","59,776,000","64,024,000","96,831,000","119,159,000","41,698,000","38,627,000","111,983,000","120,592,000","62,091,000","33,959,000","81,981,000","85,815,000","25,212,000","41,835,000","66,615,000","70,224,000","19,262,000","192,965,000","48,918,000","56,758,000","30,078,000","22,835,000","57,180,000","67,392,000","47,044,000","38,099,000","79,033,000","61,806,000","41,343,000","39,319,000","49,869,000","52,290,000","22,816,000","14,669,000","41,319,000","55,710,000","23,272,000","15,463,000","32,859,000","39,031,000","23,069,000","16,699,000","37,632,000","39,391,000","22,770,000","12,875,000","21,692,000","37,286,000","21,935,000","17,242,000","33,592,000","44,193,000","15,573,000","14,035,000","27,352,000","28,795,000","14,463,000","12,898,000","27,692,000","29,951,000","18,299,000","11,206,000","17,074,000","16,962,000","11,449,000","7,013,000","22,362,000","22,115,000","13,121,000","2,466,000","11,006,000","15,939,000","1,028,000","5,841,000","15,770,000","13,827,000","6,933,000","6,967,000","13,445,000","12,191,000","4,376,000","2,269,000","12,392,000","12,708,000","1,465,000","3,983,000","13,828,000","15,725,000","6,948,000","5,200,000","12,700,000","14,700,000","6,200,000","8,900,000","12,600,000","12,500,000","4,800,000","7,400,000","10,800,000","10,500,000","3,700,000","5,500,000","8,900,000","8,900,000","3,200,000","6,800,000","8,800,000","7,900,000","3,200,000","5,700,000","7,500,000","6,400,000","2,400,000","4,000,000","5,400,000","4,800,000","1,600,000","3,100,000","4,400,000","4,100,000","1,300,000","2,700,000","3,900,000","3,600,000","1,000,000","2,500,000","3,100,000","2,400,000","600,000","2,000,000","3,400,000","2,400,000","-1,200,000","1,700,000","3,200,000","3,300,000","1,900,000","2,400,000","3,100,000","3,200,000","1,500,000","1,900,000","2,200,000","3,100,000","1,500,000","1,600,000","1,800,000"
			NetIncomeDiscontinuousOperations,,,,,,,,,,,,,,,,,,,,,,,,,,,,,,,,,,,,,,,,,,,,,,,,,,,,,,"-18,000","-14,000","-23,000","10,000","169,000","135,000","-16,000","175,000","-1,725,000","38,000","98,000","61,000","-1,072,000","-60,000","-169,000","-87,000",,,,,,,,,,,,,,,,,,,,,,,,,,,,,,,,,,,,,,,,,,,,,,,,,,,,,,,,,,,,,,,,,,,,,,,,,,,,,,,
			NetIncomeExtraordinary,,,,,,,,,,,,,,,,,,,,,,,,,,,,,,,,,,,,,,,,,,,,,,,,,,,,,,,,,,,,,,,,,,"53,000",,,"-1,136,000",,,,,,,,,,,,,,,,,,,,,,,,,,,,,,,,,,,,,,,,,,,,,,,,,,,,,,,,,,,,,,,,,,,,,,,,,,,,,,,
DilutedNIAvailtoComStockholders,"339,790,000","59,776,000","64,024,000","96,831,000","119,159,000","41,698,000","38,627,000","111,983,000","120,592,000","62,091,000","33,959,000","81,981,000","85,815,000","25,212,000","41,835,000","66,615,000","70,224,000","19,262,000","192,965,000","48,918,000","56,758,000","30,078,000","22,835,000","57,180,000","67,392,000","47,044,000","38,099,000","79,033,000","61,806,000","41,343,000","39,319,000","49,869,000","52,290,000","22,816,000","14,669,000","41,319,000","55,710,000","23,272,000","15,463,000","32,859,000","39,031,000","23,069,000","16,699,000","37,632,000","39,391,000","22,770,000","12,875,000","21,692,000","37,286,000","21,935,000","17,242,000","33,592,000","44,193,000","15,555,000","14,021,000","27,329,000","28,805,000","14,632,000","13,033,000","27,676,000","30,126,000","16,574,000","11,244,000","17,172,000","17,023,000","10,430,000","6,953,000","22,193,000","20,892,000","7,342,000","2,466,000","11,006,000","15,939,000","1,028,000","5,841,000","15,770,000","13,827,000","6,933,000","6,967,000","13,445,000","12,191,000","4,376,000","2,269,000","12,392,000","12,708,000","1,465,000","3,983,000","13,828,000","15,725,000","6,948,000","5,200,000","12,700,000","14,700,000","6,200,000","8,900,000","12,600,000","12,500,000","4,800,000","7,400,000","10,800,000","10,500,000","3,700,000","5,500,000","8,900,000","8,900,000","3,200,000","6,800,000","8,800,000","7,900,000","3,200,000","5,700,000","7,500,000","6,400,000","2,400,000","4,000,000","5,400,000","4,800,000","1,600,000","3,100,000","4,400,000","4,100,000","1,300,000","2,700,000","3,900,000","3,600,000","1,000,000","2,500,000","3,100,000","2,400,000","600,000","2,000,000","3,400,000","2,400,000",,,,,,,,,,,,,,,
BasicEPS,,"1.61","1.72","2.61","3.21","1.12","1.04","3.02","3.26","1.68","0.92","2.22","2.33","0.69","1.14","1.82","1.92","0.52","5.13","1.29","1.48","0.77","0.58","1.46","1.72","1.2","0.98","2.03","1.59","1.06","1.01","1.29","1.35","0.59","0.38","1.07","1.45","0.61","0.4","0.86","1.02","0.61","0.44","0.99","1.04",,"0.34","0.51","0.73",,"0.34","0.66","0.87",,"0.28","0.54","0.57",,"0.26","0.55","0.59",,"0.22","0.34","0.34",,"0.14","0.44","0.42",,"0.05","0.22","0.32",,"0.12","0.32","0.28",,"0.14","0.27","0.25",,"0.05","0.25","0.26",,"0.08","0.28","0.32",,"0.1","0.24","0.28",,"0.17","0.24","0.24",,"0.14","0.21","0.2",,"0.1","0.17","0.17",,"0.13","0.17","0.15",,"0.11","0.15","0.13",,"0.09","0.12","0.11",,"0.07","0.1","0.1",,"0.06","0.09","0.08",,"0.06","0.07","0.06",,"0.05","0.08","0.06",,"0.04","0.07","0.08",,"0.06","0.07","0.07",,"0.04","0.05","0.07",,"0.04","0.04"
DilutedEPS,,"1.6","1.71","2.59","3.19","1.12","1.04","3","3.24","1.67","0.91","2.21","2.31","0.68","1.13","1.8","1.9","0.51","5.08","1.28","1.46","0.76","0.58","1.44","1.7","1.19","0.97","2","1.57","1.05","1.01","1.28","1.34","0.59","0.38","1.06","1.43","0.6","0.4","0.85","1.01","0.6","0.43","0.98","1.03",,"0.34","0.51","0.73",,"0.34","0.66","0.87",,"0.28","0.54","0.57",,"0.26","0.54","0.59",,"0.22","0.34","0.33",,"0.14","0.44","0.41",,"0.05","0.22","0.32",,"0.12","0.32","0.28",,"0.14","0.27","0.25",,"0.05","0.25","0.26",,"0.08","0.28","0.32",,"0.1","0.24","0.28",,"0.17","0.24","0.24",,"0.14","0.2","0.2",,"0.1","0.17","0.17",,"0.13","0.17","0.15",,"0.11","0.15","0.13",,"0.09","0.11","0.1",,"0.07","0.1","0.09",,"0.06","0.09","0.08",,"0.06","0.07","0.06",,"0.05","0.07","0.06",,"0.04","0.07","0.07",,"0.05","0.07","0.07",,"0.04","0.05","0.07",,"0.04","0.04"
BasicAverageShares,,"37,170,941","37,169,213","37,162,984","37,126,060","37,117,504","37,042,544","37,030,921","36,971,376","36,978,032","36,920,960","36,916,937","36,864,070","36,752,152","36,717,415","36,698,528","36,669,021","37,298,281","37,579,497","37,804,649","38,360,104","38,985,738","39,194,671","39,189,804","39,156,462","39,053,737","39,033,987","39,002,546","38,964,765","38,868,593","38,795,477","38,706,611","38,616,340","38,499,000","38,482,970","38,455,216","38,393,076","38,342,000","38,317,140","38,304,840","38,224,608","38,120,000","38,071,742","38,055,909","38,024,376",,"37,938,394","42,283,525","50,946,829",,"50,914,462","50,899,179","50,863,579",,"50,809,645","50,784,545","50,753,995",,"50,700,095","50,671,795","50,628,712",,"50,486,845","50,429,362","50,392,662",,"50,339,329","50,298,912","49,742,857",,"49,320,000","50,027,273","49,809,375",,"48,675,000","49,281,250","49,382,143",,"49,764,286","49,796,296","48,764,000",,"45,380,000","49,568,000","48,876,923",,"49,787,500","49,385,714","49,140,625",,"52,000,000","52,916,667","52,500,000",,"52,352,941","52,500,000","52,083,333",,"52,857,143","51,428,571","52,500,000",,"55,000,000","52,352,941","52,352,941",,"52,307,692","51,764,706","52,666,667",,"51,818,182","50,000,000","49,230,769",,"44,444,444","45,000,000","43,636,364",,"44,285,714","44,000,000","41,000,000",,"45,000,000","43,333,333","45,000,000",,"41,666,667","44,285,714","40,000,000",,"40,000,000","42,500,000","40,000,000",,"47,148,000","45,796,000","47,148,000",,"47,148,000","47,148,000","47,148,000",,"45,740,000","45,740,000","45,736,000",,"45,740,000","45,740,000"
DilutedAverageShares,,"37,368,741","37,366,583","37,368,653","37,335,437","37,381,473","37,283,591","37,276,883","37,242,173","37,207,261","37,142,877","37,136,185","37,085,922","37,020,931","37,013,826","37,017,471","36,980,408","37,651,291","37,952,140","38,183,599","38,840,288","39,435,811","39,658,116","39,662,539","39,631,139","39,462,322","39,437,408","39,426,293","39,385,492","39,238,481","39,118,151","39,058,667","39,006,461","38,924,000","38,927,031","38,887,913","38,827,885","38,695,000","38,622,088","38,658,530","38,570,298","38,481,000","38,455,136","38,398,843","38,332,214",,"38,243,450","42,571,203","51,229,116",,"51,099,486","51,054,286","50,996,302",,"50,957,853","50,963,211","50,868,897",,"50,921,448","50,894,149","50,845,855",,"50,721,065","50,682,440","50,660,147",,"50,546,492","50,493,881","50,956,098",,"49,320,000","50,027,273","49,809,375",,"48,675,000","49,281,250","49,382,143",,"49,764,286","49,796,296","48,764,000",,"45,380,000","49,568,000","48,876,923",,"49,787,500","49,385,714","49,140,625",,"52,000,000","52,916,667","52,500,000",,"52,352,941","52,500,000","52,083,333",,"52,857,143","54,000,000","52,500,000",,"55,000,000","52,352,941","52,352,941",,"52,307,692","51,764,706","52,666,667",,"51,818,182","50,000,000","49,230,769",,"44,444,444","49,090,909","48,000,000",,"44,285,714","44,000,000","45,555,556",,"45,000,000","43,333,333","45,000,000",,"41,666,667","44,285,714","40,000,000",,"40,000,000","48,571,429","40,000,000",,"47,148,000","45,796,000","47,148,000",,"47,148,000","47,148,000","47,148,000",,"45,740,000","45,740,000","45,736,000",,"45,740,000","45,740,000"
TotalExpenses,"12,454,894,000","3,370,970,000","2,950,748,000","3,120,254,000","3,012,923,000","2,313,447,000","1,947,480,000","2,058,787,000","1,933,426,000","657,495,000","2,191,950,000","2,366,792,000","2,500,592,000","2,135,059,000","1,980,671,000","2,433,226,000","2,484,896,000","2,057,133,000","2,014,762,000","2,063,194,000","1,990,658,000","1,792,778,000","1,723,837,000","1,820,501,000","1,858,267,000","1,503,263,000","1,498,218,000","1,791,395,000","1,940,331,000","1,582,014,000","1,600,128,000","2,060,985,000","2,197,577,000","1,878,670,000","1,757,540,000","1,942,529,000","2,015,714,000","1,763,101,000","1,630,780,000","1,849,519,000","1,797,263,000","1,708,825,000","1,544,047,000","1,714,864,000","1,801,361,000","1,504,762,000","1,343,943,000","1,295,446,000","1,300,005,000","1,144,280,000","1,084,028,000","1,098,140,000","1,118,124,000","853,553,000","823,748,000","1,342,946,000","1,516,742,000","1,179,653,000","1,131,635,000","1,143,049,000","1,228,903,000","960,804,000","902,877,000","980,746,000","1,071,039,000","862,008,000","790,731,000","931,176,000","824,218,000","672,944,000","656,129,000","697,666,000","706,638,000","597,807,000","537,650,000","583,515,000","584,855,000","530,915,000","498,173,000","524,542,000","528,441,000","454,089,000","447,414,000","535,694,000","556,460,000","457,715,000","428,375,000","471,781,000","502,025,000","433,394,000","392,600,000","392,100,000","363,400,000","293,900,000","276,900,000","301,900,000","312,200,000","263,800,000","264,800,000","300,100,000","303,900,000","257,400,000","263,000,000","272,000,000","272,600,000","231,400,000","210,400,000","229,300,000","240,200,000","198,900,000","190,000,000","211,400,000","210,700,000","173,500,000","165,600,000","178,100,000","185,600,000","159,100,000","153,100,000","168,800,000","170,700,000","142,300,000","136,900,000","149,800,000","159,300,000","135,100,000","140,800,000","152,500,000","137,700,000","117,700,000","117,400,000","122,800,000","130,400,000",,,,,,,,,,,,,,,
NetIncomeFromContinuingAndDiscontinuedOperation,"339,790,000","59,776,000","64,024,000","96,831,000","119,159,000","41,698,000","38,627,000","111,983,000","120,592,000","62,091,000","33,959,000","81,981,000","85,815,000","25,212,000","41,835,000","66,615,000","70,224,000","19,262,000","192,965,000","48,918,000","56,758,000","30,078,000","22,835,000","57,180,000","67,392,000","47,044,000","38,099,000","79,033,000","61,806,000","41,343,000","39,319,000","49,869,000","52,290,000","22,816,000","14,669,000","41,319,000","55,710,000","23,272,000","15,463,000","32,859,000","39,031,000","23,069,000","16,699,000","37,632,000","39,391,000","22,770,000","12,875,000","21,692,000","37,286,000","21,935,000","17,242,000","33,592,000","44,193,000","15,555,000","14,021,000","27,329,000","28,805,000","14,632,000","13,033,000","27,676,000","30,126,000","16,574,000","11,244,000","17,172,000","17,023,000","10,377,000","6,953,000","22,193,000","22,028,000","7,342,000","2,466,000","11,006,000","15,939,000","1,028,000","5,841,000","15,770,000","13,827,000","6,933,000","6,967,000","13,445,000","12,191,000","4,376,000","2,269,000","12,392,000","12,708,000","1,465,000","3,983,000","13,828,000","15,725,000","6,948,000","5,200,000","12,700,000","14,700,000","6,200,000","8,900,000","12,600,000","12,500,000","4,800,000","7,400,000","10,800,000","10,500,000","3,700,000","5,500,000","8,900,000","8,900,000","3,200,000","6,800,000","8,800,000","7,900,000","3,200,000","5,700,000","7,500,000","6,400,000","2,400,000","4,000,000","5,400,000","4,800,000","1,600,000","3,100,000","4,400,000","4,100,000","1,300,000","2,700,000","3,900,000","3,600,000","1,000,000","2,500,000","3,100,000","2,400,000","600,000","2,000,000","3,400,000","2,400,000",,,,,,,,,,,,,,,
NormalizedIncome,"339,790,000","59,776,000","64,024,000","96,831,000","119,159,000","41,698,000","38,627,000","111,983,000","120,592,000","62,091,000","33,959,000","81,981,000","85,815,000","25,212,000","41,835,000","66,615,000","70,224,000","19,262,000","192,965,000","48,918,000","56,758,000","30,078,000","22,835,000","57,180,000","67,392,000","47,044,000","38,099,000","79,033,000","61,806,000","41,343,000","39,319,000","49,869,000","52,290,000","22,816,000","14,669,000","41,319,000","55,710,000","23,272,000","15,463,000","32,859,000","39,031,000","23,069,000","16,699,000","37,632,000","39,391,000","22,770,000","12,875,000","28,822,566.497","37,286,000","21,935,000","17,242,000","33,592,000","44,193,000","15,573,000","14,035,000","27,352,000","28,795,000","14,463,000","12,898,000","27,692,000","29,951,000","18,299,000","11,206,000","17,074,000","16,962,000","11,449,000","6,899,507.598","22,249,073.642","21,996,353.856","12,988,180.463","2,317,476.636","10,811,522.673","15,727,768","829,591.505","5,604,600","15,476,011.032","13,507,583.219","6,615,894.212","6,597,109.699","13,037,404.475","11,746,389.275","3,960,314.536","1,813,692.776","11,892,099.736","12,157,881.004","922,084.288","3,460,639.344","13,211,900.99","15,005,945.487","6,274,331.003","4,448,192.771","11,819,801.98","13,757,692.308","5,573,737.374","7,959,859.155","11,726,732.673","11,562,500","4,051,948.052","6,647,457.627","9,988,439.306","9,625,000","2,947,457.627","4,750,000","8,028,671.329","8,028,671.329","2,384,313.725","5,996,363.636","7,926,241.135","6,966,929.134","2,400,000","4,903,225.806","6,646,341.463","5,546,666.667","1,661,538.462","3,272,727.273","4,602,272.727","3,938,461.538","861,538.462","2,418,000","3,594,366.197","3,292,424.242","557,142.857","1,946,511.628","3,095,238.095","2,793,103.448","312,500","1,812,500","2,277,551.02","1,578,947.368","-60,000","1,312,500","2,581,481.481","1,578,947.368",,,,,,,,,,,,,,,
InterestExpense,,,,,,,,,,,,,,,,,,,,,,,,,,,,,,,,,,,,,,,,,,,"8,730,000","8,777,000","8,934,000","8,867,000","8,908,000","8,195,000","2,527,000","2,774,000","2,748,000","2,707,000","2,704,000","2,892,000","2,757,000",,,,,,,,,,,,,,,,,,,,,,,,,,,,,,,,,,,,,,,,,,,,,,,,,,,,,,,,,,,,,,,,,,,,,,,,,,,,,,,,,,,,,,,,,,,,,
NetInterestIncome,"-56,972,000","-15,291,000","-14,431,000","-13,520,000","-13,730,000","-11,169,000","-11,469,000","-10,634,000","-13,407,000","-13,806,000","-13,209,000","-12,683,000","-13,721,000","-13,749,000","-13,310,000","-14,191,000","-14,406,000","-13,119,000","-13,470,000","-12,976,000","-11,375,000","-10,362,000","-10,559,000","-10,075,000","-10,540,000","-9,948,000","-10,132,000","-10,009,000","-10,084,000","-10,168,000","-10,191,000","-10,360,000","-10,257,000","-10,119,000","-9,947,000","-9,748,000","-9,456,000","-8,743,000","-8,764,000","-8,637,000","-8,904,000","-8,751,000","-8,730,000","-8,777,000","-8,934,000","-8,867,000","-8,908,000","-8,195,000","-2,527,000","-2,774,000","-2,748,000","-2,707,000","-2,704,000","-2,892,000","-2,757,000",,,,,,,,,,,,,,,,,,,,,,,,,,,,,,,,,,,,,,,,,,,,,,,,,,,,,,,,,,,,,,,,,,,,,,,,,,,,,,,,,,,,,,,,,,,,,
EBIT,"497,700,000","87,972,000","97,969,000","142,688,000","169,071,000","64,788,000","60,548,000","157,118,000","171,595,000","92,388,000","56,248,000","120,794,000","126,037,000","43,338,000","67,405,000","104,779,000","103,536,000","31,904,000","39,841,000","90,551,000","103,081,000","53,682,000","46,156,000","99,554,000","111,812,000","79,691,000","67,722,000","133,205,000","108,261,000","71,844,000","71,833,000","89,226,000","93,609,000","40,896,000","32,515,000","73,356,000","99,035,000","45,428,000","31,585,000","62,125,000","71,039,000","43,679,000","34,903,000","67,654,000","72,471,000","44,733,000","30,256,000","42,723,000","62,022,000","35,526,000","30,349,000","56,824,000","69,816,000","29,462,000","25,084,000","46,286,000","48,982,000","24,649,000","22,470,000","46,289,000","50,439,000","30,034,000","20,084,000","29,306,000","29,505,000","21,412,000","12,221,000","36,653,000","36,540,000","22,610,000","6,664,000","19,663,000","27,549,000","4,709,000","7,695,000","27,892,000","25,019,000","14,271,000","14,364,000","24,587,000","22,764,000","12,790,000","6,093,000","22,756,000","23,339,000","5,203,000","9,461,000","24,908,000","28,011,000","12,801,000","9,400,000","20,700,000","23,800,000","10,800,000","14,700,000","20,500,000","20,200,000","8,100,000","12,100,000","17,300,000","16,800,000","6,300,000","9,100,000","14,300,000","14,400,000","5,600,000","11,200,000","13,900,000","12,800,000","5,500,000","9,400,000","12,400,000","10,600,000","4,400,000","7,000,000","8,900,000","8,100,000","3,100,000","5,200,000","7,100,000","6,600,000","2,200,000","4,400,000","6,200,000","5,600,000","1,600,000","4,100,000","4,700,000","3,800,000","1,100,000","3,000,000","5,000,000","3,300,000","-304,100,000","99,900,000","106,800,000","106,700,000","-236,100,000","79,400,000","85,100,000","86,400,000","-200,500,000","68,200,000","70,400,000","75,400,000","-211,200,000","70,700,000","74,400,000"
EBITDA,"801,241,000"
ReconciledCostOfRevenue,"10,189,880,000","2,802,200,000","2,384,222,000","2,545,352,000","2,458,107,000","1,817,244,000","1,467,847,000","1,584,145,000","1,481,518,000","224,813,000","1,751,335,000","1,930,521,000","2,060,943,000","1,726,027,000","1,577,811,000","2,027,684,000","2,066,664,000","1,683,922,000","1,634,679,000","1,686,088,000","1,617,042,000","1,448,496,000","1,380,308,000","1,476,464,000","1,520,158,000","1,195,044,000","1,194,671,000","1,481,510,000","1,637,240,000","1,307,256,000","1,320,853,000","1,778,839,000","1,916,902,000","1,632,917,000","1,510,121,000","1,693,515,000","1,769,146,000","1,542,101,000","1,412,636,000","1,632,290,000","1,581,253,000","1,507,260,000","1,350,246,000","1,519,596,000","1,606,665,000","1,331,667,000","1,171,595,000","1,122,159,000","1,127,764,000","990,533,000","937,786,000","948,636,000","967,577,000","710,898,000","687,713,000","1,198,286,000","1,366,833,000","1,045,733,000","994,100,000","1,010,228,000","1,090,746,000","839,032,000","783,029,000","864,262,000","954,307,000","756,425,000","685,275,000","823,275,000","720,659,000","587,009,000","553,196,000","600,664,000","610,652,000","504,713,000","449,292,000","493,634,000","495,540,000","446,811,000","414,520,000","438,731,000","443,909,000","370,055,000","365,248,000","452,379,000","473,877,000","383,293,000","352,903,000","396,570,000","428,062,000","365,530,000","326,800,000","327,800,000","302,700,000","239,100,000","218,900,000","245,400,000","258,400,000","213,200,000","213,800,000","249,200,000","254,300,000","212,500,000","218,400,000","226,600,000","228,800,000","190,600,000","170,200,000","187,800,000","199,500,000","162,500,000","153,500,000","174,500,000","175,400,000","142,100,000","132,600,000","145,900,000","153,500,000","129,800,000","124,100,000","138,900,000","140,600,000","115,300,000","111,000,000","123,200,000","130,900,000","110,500,000","114,600,000","126,500,000","111,500,000","93,800,000","93,400,000","99,600,000","107,500,000",,,,,,,,,,,,,,,
ReconciledDepreciation,"303,541,000","77,866,000","75,529,000","74,258,000","75,888,000","69,896,000","65,185,000","64,294,000","65,820,000","65,193,000","63,285,000","62,888,000","59,808,000","62,867,000","61,324,000","61,356,000","58,840,000","57,402,000","57,042,000","54,157,000","52,369,000","51,692,000","51,208,000","48,748,000","45,981,000","45,599,000","43,922,000","41,907,000","39,509,000","42,215,000","40,493,000","37,365,000","36,357,000","35,630,000","32,748,000","32,485,000","30,594,000","29,946,000","28,272,000","27,189,000","26,611,000","25,613,000","24,570,000","23,436,000","23,280,000","22,622,000","20,842,000","20,024,000","19,855,000","18,710,000","18,359,000","18,491,000","18,189,000","17,330,000","17,149,000","17,405,000","17,330,000","17,010,000","17,009,000","17,416,000","16,443,000","16,638,000","16,197,000","15,621,000","15,921,000","16,540,000","14,036,000","14,661,000","13,819,000","14,347,000","13,269,000","12,897,000","12,669,000","12,564,000","12,460,000","12,317,000","12,165,000","11,983,000","11,921,000","11,760,000","11,635,000","11,506,000","11,315,000","11,074,000","10,807,000","10,627,000","10,473,000","10,321,000","10,071,000","10,008,000","9,700,000","9,400,000","9,100,000","8,700,000","8,700,000","8,400,000","8,100,000","8,000,000","7,800,000","7,400,000","7,200,000","7,000,000","6,900,000","6,600,000","6,400,000","6,400,000","6,300,000","6,100,000","5,900,000","5,700,000","5,700,000","5,500,000","5,300,000","5,000,000","4,800,000","4,500,000","4,300,000","4,200,000","4,000,000","3,900,000","3,800,000","3,600,000","3,400,000","3,400,000","3,300,000","3,200,000","3,000,000","3,100,000","2,900,000","3,000,000","2,800,000","2,400,000","2,400,000",,,,,,,,,,,,,,,
NetIncomeFromContinuingOperationNetMinorityInterest,"339,790,000","59,776,000","64,024,000","96,831,000","119,159,000","41,698,000","38,627,000","111,983,000","120,592,000","62,091,000","33,959,000","81,981,000","85,815,000","25,212,000","41,835,000","66,615,000","70,224,000","19,262,000","192,965,000","48,918,000","56,758,000","30,078,000","22,835,000","57,180,000","67,392,000","47,044,000","38,099,000","79,033,000","61,806,000","41,343,000","39,319,000","49,869,000","52,290,000","22,816,000","14,669,000","41,319,000","55,710,000","23,272,000","15,463,000","32,859,000","39,031,000","23,069,000","16,699,000","37,632,000","39,391,000","22,770,000","12,875,000","21,692,000","37,286,000","21,935,000","17,242,000","33,592,000","44,193,000","15,573,000","14,035,000","27,352,000","28,795,000","14,463,000","12,898,000","27,692,000","29,951,000","18,299,000","11,206,000","17,074,000","16,962,000","11,449,000","7,013,000","22,362,000","22,115,000","13,121,000","2,466,000","11,006,000","15,939,000","1,028,000","5,841,000","15,770,000","13,827,000","6,933,000","6,967,000","13,445,000","12,191,000","4,376,000","2,269,000","12,392,000","12,708,000","1,465,000","3,983,000","13,828,000","15,725,000","6,948,000","5,200,000","12,700,000","14,700,000","6,200,000","8,900,000","12,600,000","12,500,000","4,800,000","7,400,000","10,800,000","10,500,000","3,700,000","5,500,000","8,900,000","8,900,000","3,200,000","6,800,000","8,800,000","7,900,000","3,200,000","5,700,000","7,500,000","6,400,000","2,400,000","4,000,000","5,400,000","4,800,000","1,600,000","3,100,000","4,400,000","4,100,000","1,300,000","2,700,000","3,900,000","3,600,000","1,000,000","2,500,000","3,100,000","2,400,000","600,000","2,000,000","3,400,000","2,400,000",,,,,,,,,,,,,,,
TotalUnusualItemsExcludingGoodwill,,,,,,,,,,,,,,,,,,,,,,,,,,,,,,,,,,,,,,,,,,"0","0","0",,"0","0","-11,350,000",,,,,,,,,,,,,,,,,,,"164,000","175,000","185,000","203,000","232,000","302,000","328,000","309,000","394,000","463,000","503,000","505,000","589,000","649,000","708,000","662,000","725,000","796,000","876,000","809,000","832,000","981,000","1,145,000","1,068,000","1,200,000","1,400,000","1,500,000","1,000,000","1,500,000","1,400,000","1,500,000","1,200,000","1,200,000","1,300,000","1,400,000","1,200,000","1,200,000","1,400,000","1,400,000","1,300,000","1,300,000","1,400,000","1,500,000","1,300,000","1,300,000","1,400,000","1,400,000","1,200,000","1,200,000","1,300,000","1,400,000","1,200,000","1,100,000","1,300,000","1,300,000","1,200,000","1,200,000","1,300,000","1,300,000","1,100,000","1,100,000","1,300,000","1,300,000","1,100,000","1,100,000","1,300,000","1,300,000",,,,,,,,,,,,,,,
TotalUnusualItems,,,,,,,,,,,,,,,,,,,,,,,,,,,,,,,,,,,,,,,,,,"0","0","0",,"0","0","-11,350,000",,,,,,,,,,,,,,,,,,,"164,000","175,000","185,000","203,000","232,000","302,000","328,000","309,000","394,000","463,000","503,000","505,000","589,000","649,000","708,000","662,000","725,000","796,000","876,000","809,000","832,000","981,000","1,145,000","1,068,000","1,200,000","1,400,000","1,500,000","1,000,000","1,500,000","1,400,000","1,500,000","1,200,000","1,200,000","1,300,000","1,400,000","1,200,000","1,200,000","1,400,000","1,400,000","1,300,000","1,300,000","1,400,000","1,500,000","1,300,000","1,300,000","1,400,000","1,400,000","1,200,000","1,200,000","1,300,000","1,400,000","1,200,000","1,100,000","1,300,000","1,300,000","1,200,000","1,200,000","1,300,000","1,300,000","1,100,000","1,100,000","1,300,000","1,300,000","1,100,000","1,100,000","1,300,000","1,300,000",,,,,,,,,,,,,,,
NormalizedEBITDA,"801,241,000","165,838,000","173,498,000","216,946,000","244,959,000","134,684,000","125,733,000","221,412,000","237,415,000","157,581,000","119,533,000","183,682,000","185,845,000","106,205,000","128,729,000","166,135,000","162,376,000","89,306,000","96,883,000","144,708,000","155,450,000","105,629,000","97,364,000","148,302,000","157,793,000","125,600,000","111,644,000","175,112,000","147,770,000","114,059,000","112,326,000","126,591,000","129,966,000","76,526,000","65,263,000","105,841,000","129,629,000","75,374,000","59,857,000","89,314,000","97,650,000","69,292,000","59,519,000","91,090,000","95,751,000","67,355,000","51,098,000","74,114,000","81,877,000","54,236,000","48,717,000","75,351,000","88,005,000","46,831,000","42,233,000","63,692,000","66,444,000","41,659,000","39,488,000","63,720,000","66,882,000","46,672,000","36,288,000","44,927,000","45,426,000","37,952,000","26,193,000","51,139,000","50,174,000","36,754,000","19,701,000","32,258,000","39,890,000","16,964,000","19,761,000","39,746,000","36,681,000","25,749,000","25,696,000","35,698,000","33,691,000","23,634,000","16,683,000","33,034,000","33,270,000","15,021,000","19,102,000","34,248,000","36,937,000","21,741,000","17,900,000","28,700,000","31,400,000","18,500,000","21,900,000","27,500,000","26,800,000","14,900,000","18,700,000","23,400,000","22,600,000","12,100,000","14,800,000","19,500,000","19,400,000","10,700,000","16,200,000","18,600,000","17,200,000","9,900,000","13,800,000","16,500,000","14,500,000","8,200,000","10,600,000","12,100,000","11,000,000","6,100,000","8,100,000","9,700,000","9,100,000","4,600,000","6,700,000","8,300,000","7,600,000","3,700,000","6,100,000","6,500,000","5,400,000","3,000,000","4,700,000","6,200,000","4,400,000","-304,100,000","99,900,000","106,800,000","106,700,000","-236,100,000","79,400,000","85,100,000","86,400,000","-200,500,000","68,200,000","70,400,000","75,400,000","-211,200,000","70,700,000","74,400,000"
TaxRateForCalcs,"0.229","0.178","0.234","0.25","0.233","0.222","0.213","0.236","0.238","0.21","0.211","0.242","0.236","0.148","0.227","0.265","0.212","0.27","0.27","0.369","0.381","0.306","0.359","0.361","0.335","0.325","0.338","0.358","0.37","0.33","0.362","0.368","0.373","0.259","0.35","0.35","0.378","0.366","0.322","0.386","0.372","0.34","0.362","0.361","0.38","0.365","0.397","0.372","0.373","0.33","0.375","0.379","0.342","0.35","0.371","0.377","0.38","0.339","0.36","0.37","0.377","0.317","0.349","0.359","0.374","0.392","0.308","0.355","0.359","0.346","0.36","0.356","0.356","0.358","0.4","0.365","0.365","0.372","0.372","0.372","0.372","0.372","0.372","0.372","0.372","0.329","0.372","0.372","0.372","0.369","0.373","0.371","0.372","0.374","0.373","0.376","0.375","0.377","0.373","0.376","0.375","0.373","0.375","0.378","0.378","0.373","0.382","0.376","0.378","0.385","0.387","0.39","0.39","0.385","0.394","0.386","0.385","0.385","0.38","0.38","0.379","0.381","0.372","0.381","0.379","0.375","0.375","0.367","0.368","0.4","0.375","0.37","0.368",,,,,,,,,,,,,,,
TaxEffectOfUnusualItems,"0","0","0","0","0","0","0","0","0","0","0","0","0","0","0","0","0","0","0","0","0","0","0","0","0","0","0","0","0","0","0","0","0","0","0","0","0","0","0","0","0","0","0","0","0","0","0","-4,219,433.503","0","0","0","0","0","0","0","0","0","0","0","0","0","0","0","0","0","0","50,507.598","62,073.642","66,353.856","70,180.463","83,476.636","107,522.673","116,768","110,591.505","157,600","169,011.032","183,583.219","187,894.212","219,109.699","241,404.475","263,389.275","246,314.536","269,692.776","296,099.736","325,881.004","266,084.288","309,639.344","364,900.99","425,945.487","394,331.003","448,192.771","519,801.98","557,692.308","373,737.374","559,859.155","526,732.673","562,500","451,948.052","447,457.627","488,439.306","525,000","447,457.627","450,000","528,671.329","528,671.329","484,313.725","496,363.636","526,241.135","566,929.134","500,000","503,225.806","546,341.463","546,666.667","461,538.462","472,727.273","502,272.727","538,461.538","461,538.462","418,000","494,366.197","492,424.242","457,142.857","446,511.628","495,238.095","493,103.448","412,500","412,500","477,551.02","478,947.368","440,000","412,500","481,481.481","478,947.368",,,,,,,,,,,,,,,