name,ttm,04/30/2022,01/31/2022,10/31/2021,07/31/2021,04/30/2021,01/31/2021,10/31/2020,07/31/2020,04/30/2020,01/31/2020,10/31/2019,07/31/2019,04/30/2019,01/31/2019,10/31/2018,07/31/2018,04/30/2018,01/31/2018,10/31/2017,07/31/2017,04/30/2017,01/31/2017,10/31/2016,07/31/2016,04/30/2016,01/31/2016,10/31/2015,07/31/2015,04/30/2015,01/31/2015,10/31/2014,07/31/2014,04/30/2014,01/31/2014,10/31/2013,07/31/2013,04/30/2013,01/31/2013,10/31/2012,07/31/2012,04/30/2012,01/31/2012,10/31/2011,07/31/2011,04/30/2011,01/31/2011,10/31/2010,07/31/2010,04/30/2010,01/31/2010,10/31/2009,07/31/2009,04/30/2009,01/31/2009,10/31/2008,07/31/2008,04/30/2008,01/31/2008,10/31/2007,07/31/2007,04/30/2007,01/31/2007,10/31/2006,07/31/2006,04/30/2006,01/31/2006,10/31/2005,07/31/2005,04/30/2005,01/31/2005,10/31/2004,07/31/2004,04/30/2004,01/31/2004,10/31/2003,07/31/2003,04/30/2003,01/31/2003,10/31/2002,07/31/2002,04/30/2002,01/31/2002,10/31/2001,07/31/2001,04/30/2001,01/31/2001,10/31/2000,07/31/2000,04/30/2000,01/31/2000,10/31/1999,07/31/1999,04/30/1999,01/31/1999,10/31/1998,07/31/1998,04/30/1998,01/31/1998,10/31/1997,07/31/1997,04/30/1997,01/31/1997,10/31/1996,07/31/1996,04/30/1996,01/31/1996,10/31/1995,07/31/1995,04/30/1995,01/31/1995,10/31/1994,07/31/1994,04/30/1994,01/31/1994,10/31/1993,07/31/1993,04/30/1993,01/31/1993,10/31/1992,07/31/1992,04/30/1992,01/31/1992,10/31/1991,07/31/1991,04/30/1991,01/31/1991,10/31/1990,07/31/1990,04/30/1990,01/31/1990,10/31/1989,07/31/1989,04/30/1989,01/31/1989,10/31/1988,07/31/1988,04/30/1988,01/31/1988,10/31/1987,07/31/1987,04/30/1987,01/31/1987,10/31/1986,07/31/1986,04/30/1986,01/31/1986,10/31/1985
TotalRevenue,"3,221,791,000","790,196,000","862,260,000","784,930,000","784,405,000","713,416,000","677,169,000","646,454,000","495,065,000","432,544,000","846,143,000","749,040,000","787,098,000","739,603,000","811,707,000","733,543,000","810,893,000","721,413,000","787,771,000","710,368,000","743,226,000","700,410,000","772,682,000","709,971,000","745,584,000","700,136,000","764,002,000","702,629,000","719,185,000","683,705,000","755,966,000","683,428,000","692,747,000","643,298,000","698,491,000","649,141,000","674,101,000","640,407,000","702,671,000","627,451,000","700,010,000","608,514,000","673,234,000","598,437,000","612,942,000","582,525,000","640,277,000","598,691,000","612,483,000","578,233,000","632,616,000","581,183,000","595,603,000","567,568,000","630,182,000","573,932,000","601,765,000","567,138,000","634,453,000","581,165,000","632,129,000","549,050,000","612,134,000","558,263,000","671,084,000","644,200,000","694,356,000","633,357,000","659,707,000","627,999,000","667,189,000","612,653,000","607,499,000","584,282,000","612,801,000","576,365,000","580,335,000","527,189,000","563,119,000","527,539,000","544,929,000","504,730,000","522,502,000","495,213,000","544,069,000","468,101,000","484,267,000","467,255,000","471,412,000","435,834,000","443,200,000","422,600,000","426,800,000","385,400,000","367,900,000","351,500,000","365,200,000","317,400,000","321,800,000","312,800,000","322,100,000","275,100,000","267,900,000","258,900,000","282,200,000","220,600,000","219,500,000","221,000,000","221,200,000","188,300,000","188,600,000","184,900,000","182,200,000","155,400,000","150,800,000","152,500,000","149,900,000","125,200,000","119,600,000","123,000,000","119,900,000","99,900,000","89,200,000","91,600,000","91,700,000","73,800,000","65,900,000","68,900,000","72,000,000","54,400,000","48,300,000","50,900,000","51,000,000","40,400,000","37,600,000","41,000,000","39,100,000","30,100,000","26,600,000","30,000,000","30,300,000","23,700,000","21,100,000","23,900,000","24,000,000","19,200,000","17,300,000","20,300,000"
	OperatingRevenue,"3,221,791,000","790,196,000","862,260,000","784,930,000","784,405,000","713,416,000","677,169,000","646,454,000","495,065,000","432,544,000","846,143,000","749,040,000","787,098,000","739,603,000","811,707,000","733,543,000","810,893,000","721,413,000","787,771,000","710,368,000","743,226,000","700,410,000","772,682,000","709,971,000","745,584,000","700,136,000","764,002,000","702,629,000","719,185,000","683,705,000","755,966,000","683,428,000","692,747,000","643,298,000","698,491,000","649,141,000","674,101,000","640,407,000","702,671,000","627,451,000","700,010,000","608,514,000","673,234,000","598,437,000","612,942,000","582,525,000","640,277,000","598,691,000","612,483,000","578,233,000","632,616,000","581,183,000","595,603,000","567,568,000","630,182,000","573,932,000","601,765,000","567,138,000","634,453,000","581,165,000","632,129,000","549,050,000","612,134,000","558,263,000","671,084,000","644,200,000","694,356,000","633,357,000","659,707,000","627,999,000","667,189,000","612,653,000","607,499,000","584,282,000","612,801,000","576,365,000","580,335,000","527,189,000","563,119,000","527,539,000","544,929,000","504,730,000","522,240,000","494,993,000","544,624,000","467,911,000","484,267,000","467,255,000","471,412,000","435,834,000","443,200,000","422,600,000","426,800,000","385,400,000","367,900,000","351,500,000","365,200,000","317,400,000","321,800,000","312,800,000","322,100,000","275,100,000","267,900,000","258,900,000","282,200,000","220,600,000","219,500,000","221,000,000","221,200,000","188,300,000","188,600,000","184,900,000","182,200,000","155,400,000","150,800,000","152,500,000","149,900,000","125,200,000","119,600,000","123,000,000","119,900,000","99,900,000","89,200,000","91,600,000","91,700,000","73,800,000","65,900,000","68,900,000","72,000,000","54,400,000","48,300,000","50,900,000","51,000,000","40,400,000","37,600,000","41,000,000","39,100,000","30,100,000","26,600,000","30,000,000","30,300,000","23,700,000","21,100,000","23,900,000","24,000,000","19,200,000","17,300,000","20,300,000"
CostOfRevenue,"2,135,563,000","533,712,000","579,967,000","517,428,000","504,456,000","455,747,000","461,946,000","426,232,000","338,563,000","326,256,000","556,984,000","483,128,000","502,709,000","484,714,000","541,953,000","480,452,000","532,634,000","475,079,000","524,678,000","458,817,000","475,313,000","456,701,000","514,190,000","462,213,000","488,496,000","461,706,000","516,867,000","467,295,000","475,155,000","462,947,000","513,829,000","464,622,000","470,434,000","444,484,000","481,757,000","442,676,000","453,742,000","443,846,000","489,058,000","430,597,000","1,167,606,000","189,615,000","235,391,000","186,307,000","193,554,000","179,774,000","219,390,000","179,753,000","1,091,619,000","173,041,000","211,898,000","177,471,000","184,732,000","176,327,000","222,493,000","181,357,000","189,206,000","180,588,000","223,735,000","180,228,000","193,139,000","167,928,000","210,352,000","172,856,000","208,636,000","201,817,000","235,870,000","199,321,000","207,112,000","203,702,000","349,969,000","199,842,000","195,558,000","190,718,000","213,527,000","185,900,000","182,460,000","165,378,000","190,112,000","165,965,000","171,544,000","161,262,000","181,732,000","163,200,000","178,053,000","155,668,000","174,539,000","156,072,000","141,586,000","132,517,000","147,800,000","131,400,000","137,400,000","115,800,000","126,400,000","106,700,000","108,500,000","97,000,000","105,200,000","96,000,000","100,700,000","83,200,000","87,800,000","80,300,000","-11,500,000","99,300,000","106,400,000","65,700,000","68,900,000","53,200,000","61,400,000","54,900,000","55,700,000","45,300,000","48,800,000","45,300,000","45,300,000","36,200,000","37,900,000","36,500,000","35,800,000","28,100,000","27,400,000","27,100,000","28,200,000","21,800,000","20,600,000","21,100,000","23,800,000","17,800,000","15,600,000","15,700,000","16,400,000","12,300,000",,,,,,,,,,,,,,
GrossProfit,"1,086,228,000","256,484,000","282,293,000","267,502,000","279,949,000","257,669,000","215,223,000","220,222,000","156,502,000","106,288,000","289,159,000","265,912,000","284,389,000","254,889,000","269,754,000","253,091,000","278,259,000","246,334,000","263,093,000","251,551,000","267,913,000","243,709,000","258,492,000","247,758,000","257,088,000","238,430,000","247,135,000","235,334,000","244,030,000","220,758,000","242,137,000","218,806,000","222,313,000","198,814,000","216,734,000","206,465,000","220,359,000","196,561,000","213,613,000","196,854,000","-467,596,000","418,899,000","437,843,000","412,130,000","419,388,000","402,751,000","420,887,000","418,938,000","-479,136,000","405,192,000","420,718,000","403,712,000","410,871,000","391,241,000","407,689,000","392,575,000","412,559,000","386,550,000","410,718,000","400,937,000","438,990,000","381,122,000","401,782,000","385,407,000","462,448,000","442,383,000","458,486,000","434,036,000","452,595,000","424,297,000","317,220,000","412,811,000","411,941,000","393,564,000","399,274,000","390,465,000","397,875,000","361,811,000","373,007,000","361,574,000","373,385,000","343,468,000","340,770,000","332,013,000","366,016,000","312,433,000","309,728,000","311,183,000","329,826,000","303,317,000","295,400,000","291,200,000","289,400,000","269,600,000","241,500,000","244,800,000","256,700,000","220,400,000","216,600,000","216,800,000","221,400,000","191,900,000","180,100,000","178,600,000","293,700,000","121,300,000","113,100,000","155,300,000","152,300,000","135,100,000","127,200,000","130,000,000","126,500,000","110,100,000","102,000,000","107,200,000","104,600,000","89,000,000","81,700,000","86,500,000","84,100,000","71,800,000","61,800,000","64,500,000","63,500,000","52,000,000","45,300,000","47,800,000","48,200,000","36,600,000","32,700,000","35,200,000","34,600,000","28,100,000",,,,,,,,,,,,,,
OperatingExpense,"903,529,000","226,030,000","235,629,000","224,589,000","217,281,000","205,179,000","200,828,000","200,838,000","182,217,000","166,928,000","210,024,000","202,539,000","205,019,000","189,804,000","193,043,000","191,413,000","195,488,000","183,025,000","186,419,000","180,713,000","184,673,000","172,231,000","175,796,000","172,014,000","179,478,000","171,402,000","176,610,000","170,026,000","171,290,000","165,281,000","170,916,000","163,364,000","162,063,000","153,601,000","158,028,000","162,228,000","165,512,000","152,389,000","156,416,000","151,546,000","-527,502,000","379,791,000","390,506,000","367,506,000","380,051,000","373,504,000","368,414,000","373,439,000","-525,140,000","373,361,000","369,070,000","365,727,000","367,388,000","362,228,000","368,416,000","360,017,000","370,969,000","358,808,000","365,297,000","364,915,000","381,393,000","351,059,000","359,548,000","347,156,000","561,638,000","403,574,000","409,584,000","392,207,000","393,059,000","381,451,000","379,163,000","364,139,000","363,118,000","350,712,000","351,830,000","344,448,000","340,473,000","323,320,000","332,642,000","323,751,000","410,237,000","282,182,000","306,526,000","299,657,000","353,328,000","286,168,000","282,452,000","280,716,000","284,543,000","274,204,000","279,400,000","262,400,000","262,900,000","242,600,000","213,800,000","203,300,000","200,600,000","181,700,000","184,300,000","179,000,000","172,000,000","158,900,000","154,800,000","148,500,000","265,000,000","95,500,000","93,200,000","128,700,000","116,200,000","111,700,000","108,200,000","105,900,000","94,100,000","90,100,000","86,300,000","86,200,000","76,700,000","72,900,000","69,000,000","69,900,000","62,100,000","58,700,000","53,600,000","52,600,000","48,000,000","43,300,000","40,100,000","39,500,000","38,000,000","31,500,000","29,700,000","28,800,000","27,000,000","24,300,000",,,,,,,,,,,,,,
	SellingGeneralAndAdministration,"161,481,000","40,160,000","43,463,000","40,910,000","36,948,000","37,356,000","33,957,000","39,564,000","40,950,000","28,008,000","38,386,000","39,631,000","40,542,000","37,125,000","36,224,000","38,935,000","35,442,000","35,409,000","36,012,000","36,893,000","36,509,000","36,000,000","34,817,000","34,088,000","36,765,000","36,391,000","35,507,000","34,319,000","38,592,000","38,570,000","37,190,000","33,192,000","30,031,000","32,541,000","29,928,000","36,887,000","37,770,000","35,981,000","33,830,000","35,681,000","-653,505,000","269,844,000","271,370,000","258,462,000","264,329,000","261,392,000","256,250,000","261,480,000","-642,007,000","264,059,000","263,569,000","260,261,000","261,735,000","257,993,000","262,676,000","360,017,000","370,969,000","358,808,000","365,229,000","364,106,000","381,393,000","351,059,000","359,548,000","347,156,000","403,930,000","399,978,000","402,819,000","392,207,000","393,059,000","381,451,000","265,583,000","364,139,000","363,118,000","350,712,000","351,830,000","344,448,000","340,473,000","323,320,000","332,642,000","323,751,000","323,142,000","310,529,000","306,526,000","299,657,000","341,954,000","285,169,000","281,453,000","279,718,000","267,437,000","257,592,000","263,300,000","247,000,000","249,000,000","227,900,000","200,700,000","191,200,000","189,500,000","171,300,000","172,900,000","168,500,000","164,300,000","149,700,000","145,000,000","139,500,000","257,400,000","87,800,000","85,000,000","120,800,000","110,700,000","104,100,000","101,500,000","99,400,000","89,900,000","84,700,000","81,000,000","81,100,000","73,000,000","68,600,000","65,000,000","66,100,000","59,200,000","55,300,000","50,500,000","49,600,000","45,800,000","40,900,000","37,800,000","37,300,000","36,700,000","30,200,000","28,000,000","27,100,000","25,800,000","22,800,000",,,,,,,,,,,,,,
		GeneralAndAdministrativeExpense,"161,481,000","40,160,000","43,463,000","40,910,000","36,948,000","37,356,000","33,957,000","39,564,000","40,950,000","28,008,000","38,386,000","39,631,000","40,542,000","37,125,000","36,224,000","38,935,000","35,442,000","35,409,000","36,012,000","36,893,000","36,509,000","36,000,000","34,817,000","34,088,000","36,765,000","36,391,000","35,507,000","34,319,000","38,592,000","38,570,000","37,190,000","33,192,000","30,031,000","32,541,000","29,928,000","36,887,000","37,770,000","35,981,000","33,830,000","35,681,000","-653,505,000","269,844,000","271,370,000","367,506,000","264,329,000","261,392,000","256,250,000","261,480,000","-642,007,000","264,059,000","263,569,000","260,261,000","261,735,000","257,993,000","262,676,000",,,,,,,,,,,,,,,,,,,,,,,,,,,,,,,,,,,,,,,,,,,,,,,,,,,,,,,,,,,,,,,,,,,,,,,,,,,,,,,,,,,,,,,,,,,,,
			SalariesAndWages,,,,,,,,,,,,,,,,,,,,,,,,,,,,,,,,"242,327,000",,,,,,,,,,"235,275,000","234,933,000","220,968,000","229,006,000","227,437,000","223,182,000","224,604,000",,"226,047,000","228,594,000","224,760,000","229,691,000","230,014,000","234,118,000",,,,,,,,,,,,,,,,,,,,,,,,,,,,,,,,,,,,,,,,,,,,,,,,,,,,,,,,,,,,,,,,,,,,,,,,,,,,,,,,,,,,,,,,,,,,,
			OtherGandA,"161,481,000","40,160,000","43,463,000","40,910,000","36,948,000","37,356,000","33,957,000","39,564,000","40,950,000","28,008,000","38,386,000","39,631,000","40,542,000","37,125,000","36,224,000","38,935,000","35,442,000","35,409,000","36,012,000","36,893,000","36,509,000","36,000,000","34,817,000","34,088,000","36,765,000","36,391,000","35,507,000","34,319,000","38,592,000","38,570,000","37,190,000","33,192,000","30,031,000","32,541,000","29,928,000","36,887,000","37,770,000","35,981,000","33,830,000","35,681,000","37,671,000","34,569,000","36,437,000","146,538,000","35,323,000","33,955,000","33,068,000","36,876,000","37,394,000","38,012,000","34,975,000","35,501,000","32,044,000","27,979,000","28,558,000",,,,,,,,,,,,,,,,,,,,,,,,,,,,,,,,,,,,,,,,,,,,,,,,,,,,,,,,,,,,,,,,,,,,,,,,,,,,,,,,,,,,,,,,,,,,,
	DepreciationAmortizationDepletionIncomeStatement,,,,,,,,,,,,,,,,,,,,,,,,,,,,,,,,,,,,,,,,,,,,,,,,,,,,,,,,,,,,,,,,,,,,,,,,,,,,,,,,,,,,,"11,374,000","999,000","999,000","998,000","17,106,000","16,612,000","16,100,000","15,400,000","13,900,000","14,700,000","13,100,000","12,100,000","11,100,000","10,400,000","11,400,000","10,500,000","7,700,000","9,200,000","9,800,000","9,000,000","7,600,000","7,700,000","8,200,000","7,900,000","5,500,000","7,600,000","6,700,000","6,500,000","4,200,000","5,400,000","5,300,000","5,100,000","3,700,000","4,300,000","4,000,000","3,800,000","2,900,000","3,400,000","3,100,000","3,000,000","2,200,000","2,400,000","2,300,000","2,200,000","1,300,000","1,300,000","1,700,000","1,700,000","1,200,000","1,500,000",,,,,,,,,,,,,,
		DepreciationAndAmortizationInIncomeStatement,,,,,,,,,,,,,,,,,,,,,,,,,,,,,,,,,,,,,,,,,,,,,,,,,,,,,,,,,,,,,,,,,,,,,,,,,,,,,,,,,,,,,"11,374,000","999,000","999,000","998,000","17,106,000","16,612,000","16,100,000","15,400,000","13,900,000","14,700,000","13,100,000","12,100,000","11,100,000","10,400,000","11,400,000","10,500,000","7,700,000","9,200,000","9,800,000","9,000,000","7,600,000","7,700,000","8,200,000","7,900,000","5,500,000","7,600,000","6,700,000","6,500,000","4,200,000","5,400,000","5,300,000","5,100,000","3,700,000","4,300,000","4,000,000","3,800,000","2,900,000","3,400,000","3,100,000","3,000,000","2,200,000","2,400,000","2,300,000","2,200,000","1,300,000","1,300,000","1,700,000","1,700,000","1,200,000","1,500,000",,,,,,,,,,,,,,
			Amortization,,,,,,,,,,,,,,,,,,,,,,,,,,,,,,,,,,,,,,,,,,,,,,,,,,,,,,,,,,,,,,,,,,,,,,,,,,,,,,,,,,,,,"11,374,000","999,000","999,000","998,000",,,,,,,,,,,,,,,,,,,,,,,,,,,,,,,,,,,,,,,,,,,,,,,,,,,,,,,,,,,,
				AmortizationOfIntangiblesIncomeStatement,,,,,,,,,,,,,,,,,,,,,,,,,,,,,,,,,,,,,,,,,,,,,,,,,,,,,,,,,,,,,,,,,,,,,,,,,,,,,,,,,,,,,"11,374,000","999,000","999,000","998,000",,,,,,,,,,,,,,,,,,,,,,,,,,,,,,,,,,,,,,,,,,,,,,,,,,,,,,,,,,,,
	OtherOperatingExpenses,"742,048,000","185,870,000","192,166,000","183,679,000","180,333,000","167,823,000","166,871,000","161,274,000","141,267,000","138,920,000","171,638,000","162,908,000","164,477,000","152,679,000","156,819,000","152,478,000","160,046,000","147,616,000","150,407,000","143,820,000","148,164,000","136,231,000","140,979,000","137,926,000","142,713,000","135,011,000","141,103,000","135,707,000","132,698,000","126,711,000","133,726,000","130,172,000","132,032,000","121,060,000","128,100,000","125,341,000","127,742,000","116,408,000","122,586,000","115,865,000","126,003,000","109,947,000","119,136,000","109,044,000","115,722,000","112,112,000","112,164,000","111,959,000","116,867,000","109,302,000","105,501,000","105,466,000","105,653,000","104,235,000","105,740,000",,"0",,"68,000","809,000",,,,,"157,708,000","3,596,000","6,765,000",,,,"113,580,000",,,,,,,,,,,"-28,347,000",,,,,,,,,,,,,,,,,,,,,,,,,,,,,,,,,,,,,,,,,,,,,,,,,,,,,,,,,,,,,,,,,,
OperatingIncome,"182,699,000","30,454,000","46,664,000","42,913,000","62,668,000","52,490,000","14,395,000","19,384,000","-25,715,000","-60,640,000","79,135,000","63,373,000","79,370,000","65,085,000","76,711,000","61,678,000","82,771,000","63,309,000","76,674,000","70,838,000","83,240,000","71,478,000","82,696,000","75,744,000","77,610,000","67,028,000","70,525,000","65,308,000","72,740,000","55,477,000","71,221,000","55,442,000","60,250,000","45,213,000","58,706,000","44,237,000","54,847,000","44,172,000","57,197,000","45,308,000","59,906,000","39,108,000","47,337,000","44,624,000","39,337,000","29,247,000","52,473,000","45,499,000","46,004,000","31,831,000","51,648,000","37,985,000","43,483,000","29,013,000","39,273,000","32,558,000","41,590,000","27,742,000","45,421,000","36,022,000","57,597,000","30,063,000","42,234,000","38,251,000","-99,190,000","38,809,000","48,902,000","41,829,000","59,536,000","42,846,000","-61,943,000","48,672,000","48,823,000","42,852,000","47,444,000","46,017,000","57,402,000","38,491,000","40,365,000","37,823,000","-36,852,000","61,286,000","34,244,000","32,356,000","12,688,000","26,265,000","27,276,000","30,467,000","45,283,000","29,113,000","16,000,000","28,800,000","26,500,000","27,000,000","27,700,000","41,500,000","56,100,000","38,700,000","32,300,000","37,800,000","49,400,000","33,000,000","25,300,000","30,100,000","28,700,000","25,800,000","19,900,000","26,600,000","36,100,000","23,400,000","19,000,000","24,100,000","32,400,000","20,000,000","15,700,000","21,000,000","27,900,000","16,100,000","12,700,000","16,600,000","22,000,000","13,100,000","8,200,000","11,900,000","15,500,000","8,700,000","5,200,000","8,300,000","10,200,000","5,100,000","3,000,000","6,400,000","7,600,000","3,800,000","37,600,000","41,000,000","-73,900,000","30,100,000","26,600,000","30,000,000","-58,900,000","23,700,000","21,100,000","23,900,000","-50,100,000","19,200,000","17,300,000","20,300,000"
NetNonOperatingInterestIncomeExpense,"-31,964,000","-2,171,000","-2,200,000","-2,629,000","-24,964,000","-9,614,000","-10,815,000","-10,715,000","-9,944,000","-5,298,000","-3,505,000","-3,580,000","-3,851,000","-4,111,000","-4,177,000","-4,349,000","-4,277,000","-3,594,000","-3,680,000","-3,618,000","-3,568,000","-3,389,000","-3,638,000","-3,676,000","-3,503,000","-3,436,000","-3,569,000","-3,544,000","-3,541,000","-4,030,000","-4,684,000","-4,424,000","-4,352,000","-4,327,000","-4,471,000","-4,407,000","-4,543,000","-10,194,000","-10,293,000","-10,712,000","-11,354,000","-11,173,000","-11,025,000","-11,135,000","-16,327,000","-11,619,000","-11,830,000","-11,714,000","-11,710,000","-12,186,000","-13,293,000","-11,770,000","-12,126,000","-12,737,000","-13,281,000",,,,,,,,,,,,,,,,,,,,,,,,,,,,,,,,,,,,,,,,,,,,,,,,,,,,,,,,,,,,,,,,,,,,,,,,,,,,,,,,,,,,,,,,,,,,,
	InterestIncomeNonOperating,,,,,,,,,,,,,,,,,,,,,,,,,,,,,,,,,,,,,,,,,,,,,,,,,,,,,"0","0","0",,,,,,,,,,,,,,,,,,,,,,,,,,,,,,,,,,,,,,,,,,,,,,,,,,,,,,,,,,,,,,,,,,,,,,,,,,,,,,,,,,,,,,,,,,,,,
	InterestExpenseNonOperating,"31,964,000","2,171,000","2,200,000","2,629,000","24,964,000","9,614,000","10,815,000","10,715,000","9,944,000","5,298,000","3,505,000","3,580,000","3,851,000","4,111,000","4,177,000","4,349,000","4,277,000","3,594,000","3,680,000","3,618,000","3,568,000","3,389,000","3,638,000","3,676,000","3,503,000","3,436,000","3,569,000","3,544,000","3,541,000","4,030,000","4,684,000","4,424,000","4,352,000","4,327,000","4,471,000","4,407,000","4,543,000","10,194,000","10,293,000","10,712,000","11,354,000","11,173,000","11,025,000","11,135,000","16,327,000","11,619,000","11,830,000","11,714,000","11,710,000","12,186,000","13,293,000","11,770,000","12,126,000","12,737,000","13,281,000",,,,,,,,,,,,,,,,,,,,,,,,,,,,,,,,,,,,,,,,,,,,,,,,,,,,,,,,,,,,,,,,,,,,,,,,,,,,,,,,,,,,,,,,,,,,,
	TotalOtherFinanceCost,,,,,,,,,,,,"3,580,000",,,,,,,,,,,,,,,,,,,,,,,,,,,,,,,,,,,,,,,,,,,,,,,,,,,,,,,,,,,,,,,,,,,,,,,,,,,,,,,,,,,,,,,,,,,,,,,,,,,,,,,,,,,,,,,,,,,,,,,,,,,,,,,,,,,,,,,,
OtherIncomeExpense,,,,,"0",,,"217,722,000","65,794,000","-18,336,000",,,,,,,,,,,,,,,,,,,,,,"0",,,,,,,,,,,,,"-1,249,000","1,958,000","-1,000","-83,000","-537,000",,"-2,263,000",,,,,,"0",,"-68,000","-809,000",,,"0",,"1,471,000","-3,596,000","-6,765,000",,,,,"0","0",,,,,,,"73,000",,"320,000","262,000","220,000",,"190,000",,,,"152,000",,,,"100,000","200,000","600,000","500,000","800,000","700,000","800,000","600,000","500,000","500,000","400,000","400,000","400,000","600,000","700,000","800,000","700,000","900,000","900,000","900,000","700,000","900,000","1,100,000","1,000,000","800,000","300,000","500,000","500,000","400,000","700,000","800,000","900,000","700,000","100,000","100,000","100,000","100,000","300,000","400,000","400,000","300,000",,,,,,,,,,,,,,
	SpecialIncomeCharges,"0","0","0","0","0","0","0","217,722,000","65,794,000","-18,336,000",,,,,,,,,,,,,,,,,,,,,,,,,,,,,,,"0","0","0","0","-1,249,000","1,958,000","-1,000","-83,000","-537,000","0","-2,263,000",,"-2,088,000","0","0",,"0",,"-68,000","-809,000",,,,,"1,471,000","-3,596,000","-6,765,000",,,,,,,,,,,,,"73,000",,"320,000","262,000","220,000",,"190,000",,,,"152,000",,,,"100,000","200,000","600,000","500,000","800,000","700,000","800,000","600,000","500,000","500,000","400,000","400,000","400,000","600,000","700,000","800,000","700,000","900,000","900,000","900,000","700,000","900,000","1,100,000","1,000,000","800,000","300,000","500,000","500,000","400,000","700,000","800,000","900,000","700,000","100,000","100,000","100,000","100,000","300,000","400,000","400,000","300,000",,,,,,,,,,,,,,
		ImpairmentOfCapitalAssets,,,,,,,,,"4,160,000","18,336,000",,,,,,,,,,,,,,,,,,,,,,,,,,,,,,,,"0","0","0","1,249,000","-1,958,000","1,000","83,000",,"0","2,263,000",,"2,088,000","0","0",,,,,,,,,,,,,,,,,,,,,,,,,,,,,,,,,,,,,,,,,,,,,,,,,,,,,,,,,,,,,,,,,,,,,,,,,,,,,,,,,,,,,,,,,,,,,
		WriteOff,,,,,"0","0",,,"4,160,000","18,336,000",,,,,,,,,,,,,,,,,,,,,,,,,,,,,,,"0",,,,,,,,,,,,,,,,,,,,,,,,,,,,,,,,,,,,,,,,,,,,,,,,,,,,,,,,,,,,,,,,,,,,,,,,,,,,,,,,,,,,,,,,,,,,,,,,,,,,,,,,,,,
		GainOnSaleOfPPE,"0","0","0","0","0","0","0","217,722,000","69,954,000",,,,,,,,,,,,,,,,,,,,,,,,,,,,,,,,,,,,,,,,,,,,,,,,,,,,,,,,,,,,,,,,,,,,,,,,,,,,,,,,,,,,,,,,,,,,,,,,,,,,,,,,,,,,,,,,,,,,,,,,,,,,,,,,,,,,,,,,,,,
PretaxIncome,"150,735,000","28,283,000","44,464,000","40,284,000","37,704,000","42,876,000","3,580,000","226,391,000","30,135,000","-84,274,000","75,630,000","59,793,000","75,519,000","60,974,000","72,534,000","57,329,000","78,494,000","59,715,000","72,994,000","67,220,000","79,672,000","68,089,000","79,058,000","72,068,000","74,107,000","63,592,000","66,956,000","61,764,000","69,199,000","51,447,000","66,537,000","51,018,000","55,898,000","40,886,000","54,235,000","39,830,000","50,304,000","33,978,000","46,904,000","34,596,000","48,552,000","27,935,000","36,312,000","33,489,000","21,761,000","19,586,000","40,642,000","33,702,000","33,757,000","19,645,000","36,092,000","26,215,000","29,269,000","16,276,000","25,992,000","18,525,000","27,723,000","13,527,000","31,095,000","21,170,000","42,866,000","18,461,000","31,482,000","23,672,000","45,907,000","36,115,000","46,696,000","39,331,000","57,359,000","40,625,000","49,533,000","46,577,000","46,677,000","40,845,000","45,381,000","43,794,000","55,169,000","36,277,000","38,181,000","35,635,000","47,288,000","31,724,000","32,916,000","30,603,000","10,162,000","23,281,000","24,013,000","27,008,000","38,035,000","23,184,000","9,900,000","23,600,000","20,700,000","23,700,000","27,100,000","41,400,000","55,900,000","39,100,000","32,100,000","37,500,000","48,900,000","32,700,000","25,500,000","30,500,000","28,900,000","26,300,000","20,200,000","27,100,000","36,900,000","24,000,000","19,600,000","24,800,000","33,000,000","20,200,000","15,900,000","21,500,000","28,500,000","16,100,000","12,300,000","16,200,000","21,700,000","12,700,000","8,000,000","11,800,000","15,600,000","8,500,000","4,600,000","8,000,000","10,700,000","4,600,000","2,700,000","6,100,000","7,500,000","3,500,000",,,,,,,,,,,,,,
TaxProvision,"15,856,000","767,000","6,840,000","6,908,000","1,341,000","9,406,000","-10,420,000","55,711,000","5,069,000","-55,220,000","10,878,000","10,590,000","10,494,000","10,560,000","11,779,000","10,122,000","17,140,000","10,968,000","-18,145,000","20,840,000","25,779,000","21,165,000","26,331,000","23,713,000","23,084,000","14,423,000","18,714,000","20,899,000","21,800,000","16,130,000","19,374,000","16,994,000","16,713,000","12,158,000","17,180,000","12,670,000","16,001,000","9,376,000","11,736,000","11,404,000","13,856,000","8,961,000","10,703,000","9,687,000","4,218,000","4,432,000","11,865,000","9,968,000","6,344,000","5,217,000","10,699,000","8,191,000","6,454,000","4,328,000","7,630,000","5,693,000","7,116,000","3,048,000","10,861,000","7,187,000","14,657,000","6,350,000","10,981,000","8,510,000","10,107,000","12,143,000","15,899,000","13,609,000","19,798,000","14,054,000","16,955,000","16,302,000","16,758,000","14,663,000","16,380,000","15,634,000","19,650,000","12,878,000","13,555,000","12,650,000","16,835,000","11,167,000","11,784,000","10,956,000","7,568,000","8,684,000","8,957,000","10,074,000","14,342,000","8,741,000","3,500,000","9,100,000","8,400,000","9,000,000","10,000,000","15,300,000","20,600,000","14,400,000","11,800,000","13,800,000","17,700,000","12,200,000","9,500,000","11,600,000","11,000,000","10,000,000","7,700,000","10,300,000","13,900,000","8,900,000","7,300,000","9,200,000","11,900,000","7,600,000","6,000,000","8,100,000","10,700,000","6,000,000","4,600,000","6,100,000","8,100,000","4,800,000","3,000,000","4,400,000","5,900,000","3,100,000","1,700,000","3,000,000","3,900,000","1,700,000","1,000,000","2,200,000","2,500,000","1,300,000",,,,,,,,,,,,,,
EarningsFromEquityInterestNetOfTax,,,,,"0","0","0","0","0","-132,878,000","-3,584,000","-5,980,000",,,,,,,,,,,,,,,,,,,,,,,,,,,,,,,,,,,,,,,,,,,,,,,,,,,,,,,,,,,,,,,,,,,,,,,,,,,,,,,,,,,,,,,,,,,,,,,,,,,,,,,,,,,,,,,,,,,,,,,,,,,,,,,,,,,,,,,,
NetIncomeCommonStockholders,"134,879,000","27,516,000","37,624,000","33,376,000","36,363,000","33,470,000","14,000,000","170,680,000","25,066,000","-161,932,000","61,168,000","43,223,000","65,025,000","50,414,000","60,755,000","47,207,000","61,354,000","48,747,000","91,139,000","46,380,000","53,893,000","46,924,000","52,727,000","48,355,000","51,023,000","49,169,000","48,242,000","40,865,000","47,399,000","35,317,000","47,163,000","34,024,000","39,185,000","28,728,000","37,055,000","27,160,000","34,303,000","24,602,000","35,168,000","23,192,000","34,696,000","18,974,000","25,609,000","23,802,000","17,543,000","15,154,000","28,777,000","23,734,000","27,413,000","14,428,000","25,393,000","18,024,000","22,780,000","11,952,000","18,362,000","12,832,000","21,003,000","10,444,000","20,217,000","13,889,000","27,801,000","12,325,000","102,512,000","19,427,000","35,800,000","23,972,000","30,797,000","25,722,000","37,561,000","26,571,000","32,578,000","30,275,000","29,919,000","26,182,000","29,001,000","28,160,000","35,519,000","23,399,000","24,626,000","22,985,000","30,453,000","20,557,000","21,132,000","19,647,000","2,594,000","14,597,000","15,056,000","16,934,000","23,693,000","14,443,000","6,400,000","14,500,000","12,300,000","14,700,000","17,100,000","26,100,000","35,300,000","24,700,000","20,300,000","23,700,000","31,200,000","20,500,000","16,000,000","18,900,000","17,900,000","16,300,000","12,500,000","16,800,000","23,000,000","15,100,000","12,300,000","15,600,000","21,100,000","12,600,000","9,900,000","14,400,000","17,800,000","10,100,000","7,700,000","10,100,000","13,600,000","7,900,000","5,000,000","7,400,000","9,700,000","5,400,000","2,900,000","5,000,000","6,800,000","2,900,000","1,700,000","3,900,000","5,000,000","2,200,000",,,,,,,,,,,,,,
	NetIncome,"134,879,000","27,516,000","37,624,000","33,376,000","36,363,000","33,470,000","14,000,000","170,680,000","25,066,000","-161,932,000","61,168,000","43,223,000","65,025,000","50,414,000","60,755,000","47,207,000","61,354,000","48,747,000","91,139,000","46,380,000","53,893,000","46,924,000","52,727,000","48,355,000","51,023,000","49,169,000","48,242,000","40,865,000","47,399,000","35,317,000","47,163,000","34,024,000","39,185,000","28,728,000","37,055,000","27,160,000","34,303,000","24,602,000","35,168,000","23,192,000","34,696,000","18,974,000","25,609,000","23,802,000","17,543,000","15,154,000","28,777,000","23,734,000","27,413,000","14,428,000","25,393,000","18,024,000","22,780,000","11,952,000","18,362,000","12,832,000","21,003,000","10,444,000","20,217,000","13,889,000","27,801,000","12,325,000","102,512,000","19,427,000","35,800,000","23,972,000","30,797,000","25,722,000","37,561,000","26,571,000","32,578,000","30,275,000","29,919,000","26,182,000","29,001,000","28,160,000","35,519,000","23,399,000","24,626,000","22,985,000","30,453,000","20,557,000","21,132,000","19,647,000","2,594,000","14,597,000","15,056,000","16,934,000","23,693,000","14,443,000","6,400,000","14,500,000","12,300,000","14,700,000","17,100,000","26,100,000","35,300,000","24,700,000","20,300,000","23,700,000","31,200,000","20,500,000","16,000,000","18,900,000","17,900,000","16,300,000","12,500,000","16,800,000","23,000,000","15,100,000","12,300,000","15,600,000","21,100,000","12,600,000","9,900,000","14,400,000","17,800,000","10,100,000","7,700,000","10,100,000","13,600,000","7,900,000","5,000,000","7,400,000","9,700,000","5,400,000","2,900,000","5,000,000","6,800,000","2,900,000","1,700,000","3,900,000","5,000,000","2,200,000",,,,,,,,,,,,,,
		NetIncomeIncludingNoncontrollingInterests,"134,879,000","27,516,000","37,624,000","33,376,000","36,363,000","33,470,000","14,000,000","170,680,000","25,066,000","-161,932,000","61,168,000","43,223,000","65,025,000","50,414,000","60,755,000","47,207,000","61,354,000","48,747,000","91,139,000","46,380,000","53,893,000","46,924,000","52,727,000","48,355,000","51,023,000","49,169,000","48,242,000","40,865,000","47,399,000","35,317,000","47,163,000","34,024,000","39,185,000","28,728,000","37,055,000","27,160,000","34,303,000","24,602,000","35,168,000","23,192,000","34,696,000","18,974,000","25,609,000","23,802,000","17,543,000","15,154,000","28,777,000","23,734,000","27,413,000","14,428,000","25,393,000","18,024,000","22,780,000","11,952,000","18,362,000","12,832,000","21,003,000","10,444,000","20,217,000","13,889,000","27,801,000","12,325,000","102,512,000","19,427,000","35,800,000","23,972,000","30,797,000","25,722,000","37,561,000","26,571,000","32,578,000","30,275,000","29,919,000","26,182,000","29,001,000","28,160,000","35,519,000","23,399,000","24,626,000","22,985,000","30,453,000","20,557,000","21,132,000","19,647,000","2,594,000","14,597,000","15,056,000","16,934,000","23,693,000","14,443,000","6,400,000","14,500,000","12,300,000","14,700,000","17,100,000","26,100,000","35,300,000","24,700,000","20,300,000","23,700,000","31,200,000","20,500,000","16,000,000","18,900,000","17,900,000","16,300,000","12,500,000","16,800,000","23,000,000","15,100,000","12,300,000","15,600,000","21,100,000","12,600,000","9,900,000","14,400,000","17,800,000","10,100,000","7,700,000","10,100,000","13,600,000","7,900,000","5,000,000","7,400,000","9,700,000","5,400,000","2,900,000","5,000,000","6,800,000","2,900,000","1,700,000","3,900,000","5,000,000","2,200,000","1,100,000","2,700,000","3,500,000","1,300,000","500,000","1,900,000","2,300,000","900,000","400,000","1,200,000","1,900,000","700,000","100,000","1,000,000"
			NetIncomeContinuousOperations,"134,879,000","27,516,000","37,624,000","33,376,000","36,363,000","33,470,000","14,000,000","170,680,000","25,066,000","-161,932,000","61,168,000","43,223,000","65,025,000","50,414,000","60,755,000","47,207,000","61,354,000","48,747,000","91,139,000","46,380,000","53,893,000","46,924,000","52,727,000","48,355,000","51,023,000","49,169,000","48,242,000","40,865,000","47,399,000","35,317,000","47,163,000","34,024,000","39,185,000","28,728,000","37,055,000","27,160,000","34,303,000","24,602,000","35,168,000","23,192,000","34,696,000","18,974,000","25,609,000","23,802,000","17,543,000","15,154,000","28,777,000","23,734,000","27,413,000","14,428,000","25,393,000","18,024,000","22,815,000","11,948,000","18,362,000","12,832,000","20,607,000","10,479,000","20,234,000","13,983,000","28,209,000","12,111,000","20,501,000","15,162,000","35,800,000","23,972,000","30,797,000","25,722,000","37,561,000","26,571,000","32,578,000","30,275,000","29,919,000","26,182,000","29,001,000","28,160,000","35,519,000","23,399,000","24,626,000","22,985,000","30,453,000","20,557,000","21,132,000","19,647,000","2,594,000","14,597,000","15,056,000","16,934,000","23,693,000","14,443,000","6,400,000","14,500,000","12,300,000","14,700,000","17,100,000","26,100,000","35,300,000","24,700,000","20,300,000","23,700,000","31,200,000","20,500,000","16,000,000","18,900,000","17,900,000","16,300,000","12,500,000","16,800,000","23,000,000","15,100,000","12,300,000","15,600,000","21,100,000","12,600,000","9,900,000","13,400,000","17,800,000","10,100,000","7,700,000","10,100,000","13,600,000","7,900,000","5,000,000","7,400,000","9,700,000","5,400,000","2,900,000","5,000,000","6,800,000","2,900,000","1,700,000","3,900,000","5,000,000","2,200,000","1,100,000","2,700,000","3,500,000","1,300,000","500,000","1,900,000","2,300,000","900,000","400,000","1,200,000","1,900,000","700,000","100,000","1,000,000"
			NetIncomeDiscontinuousOperations,,,,,,,,,,,,,,,,,,,,,,,,,,,,,,,,,,,,,,,,,,,,,,,,,,"0",,,"-35,000","4,000","0",,"396,000","-35,000","-17,000","-94,000","-408,000","214,000","82,011,000","4,265,000",,,,,,,,,,,,,,,,,,,,,,,,,,,,,,,,,,,,,,,,,,,,,,,,,,,,,,,,,,,,,,,,,,,,,,,,,,,,,,,,,,,,
			NetIncomeExtraordinary,,,,,,,,,,,,,,,,,,,,,,,,,,,,,,,,,,,,,,,,,,,,,,,,,,,,,,,,,,,,,,,,,,,,,,,,,,,,,,,,,,,,,,,,,,,,,,,,,,,,,,,,,,,,,,,,,"0",,,"1,000,000",,,,,,,,,,,,,,,,,,,,,,,,,,,,,,,,
DilutedNIAvailtoComStockholders,"134,879,000","27,516,000","37,624,000","33,376,000","36,363,000","33,470,000","14,000,000","170,680,000","25,066,000","-161,932,000","61,168,000","43,223,000","65,025,000","50,414,000","60,755,000","47,207,000","61,354,000","48,747,000","91,139,000","46,380,000","53,893,000","46,924,000","52,727,000","48,355,000","51,023,000","49,169,000","48,242,000","40,865,000","47,399,000","35,317,000","47,163,000","34,024,000","39,185,000","28,728,000","37,055,000","27,160,000","34,303,000","24,602,000","35,168,000","23,192,000","34,696,000","18,974,000","25,609,000","23,802,000","17,543,000","15,154,000","28,777,000","23,734,000","27,413,000","14,428,000","25,393,000","18,024,000","22,780,000","11,952,000","18,362,000","12,832,000","21,003,000","10,444,000","20,217,000","13,889,000","27,801,000","12,325,000","102,512,000","19,427,000","35,800,000","23,972,000","30,797,000","25,722,000","37,561,000","26,571,000","32,578,000","30,275,000","29,919,000","26,182,000","29,001,000","28,160,000","35,519,000","23,399,000","24,626,000","22,985,000","30,453,000","20,557,000","21,132,000","19,647,000","2,594,000","14,597,000","15,056,000","16,934,000","23,693,000","14,443,000","6,400,000","14,500,000","12,300,000","14,700,000","17,100,000","26,100,000","35,300,000","24,700,000","20,300,000","23,700,000","31,200,000","20,500,000","16,000,000","18,900,000","17,900,000","16,300,000","12,500,000","16,800,000","23,000,000","15,100,000","12,300,000","15,600,000","21,100,000","12,600,000","9,900,000","14,400,000","17,800,000","10,100,000","7,700,000","10,100,000","13,600,000","7,900,000","5,000,000","7,400,000","9,700,000","5,400,000","2,900,000","5,000,000","6,800,000","2,900,000","1,700,000","3,900,000","5,000,000","2,200,000",,,,,,,,,,,,,,
BasicEPS,,"1.19","1.61","1.42","1.54","1.41","0.59","7.2","1.06","-6.81","2.55","1.8","2.7","2.1","2.53","1.97","2.56","2.03","3.8","1.93","2.24","1.95","2.19","2.01","2.13","2.05","2.02","1.71","1.98","1.48","1.97","1.43","1.65","1.21","1.56","1.14","1.44","1.04","1.48","0.98","1.49","0.82","1.11","1.04","0.77","0.66","1.24","1.04",,"0.62","1.11","0.79",,"0.53","0.82","0.57",,"0.47","0.87","0.59",,"0.49","3.32","0.63",,"0.51","0.66","0.55",,"0.56","0.68","0.62",,"0.53","0.59","0.59",,"0.48","0.5","0.46",,"0.38","0.38","0.36",,"0.26","0.27","0.3",,"0.25","0.11","0.25",,"0.25","0.28","0.42",,"0.4","0.33","0.38",,"0.33","0.26","0.31",,"0.27","0.21","0.28",,"0.25","0.2","0.26",,"0.21","0.16","0.24",,"0.17","0.13","0.18",,"0.14","0.09","0.13",,"0.1","0.09","0.1",,"0.06","0.03","0.08",,"0.05","0.03","0.07",,"0.03","0.01","0.05",,"0.02","0.01","0.03",,"0.01","0.01","0.03"
DilutedEPS,,"1.19","1.6","1.41","1.53","1.41","0.59","7.18","1.05","-6.81","2.55","1.79","2.7","2.09","2.52","1.96","2.55","2.03","3.79","1.92","2.23","1.95","2.19","2.01","2.12","2.04","2.01","1.7","1.97","1.47","1.96","1.42","1.63","1.2","1.55","1.14","1.43","1.02","1.47","0.97","1.47","0.81","1.1","1.03","0.75","0.64","1.2","1.01",,"0.61","1.09","0.78",,"0.52","0.81","0.57",,"0.46","0.85","0.57",,"0.45","2.88","0.57",,"0.47","0.61","0.51",,"0.52","0.63","0.61",,"0.52","0.57","0.56",,"0.46","0.48","0.45",,"0.36","0.37","0.35",,"0.26","0.26","0.3",,"0.25","0.11","0.25",,"0.25","0.28","0.42",,"0.39","0.32","0.38",,"0.33","0.26","0.31",,"0.27","0.21","0.28",,"0.25","0.2","0.26",,"0.21","0.16","0.24",,"0.17","0.13","0.18",,"0.14","0.09","0.13",,"0.1","0.09","0.1",,"0.06","0.03","0.08",,"0.05","0.03","0.07",,"0.03","0.01","0.05",,"0.02","0.01","0.03",,"0.01","0.01","0.03"
BasicAverageShares,,"23,089,521","23,393,398","23,507,361","23,611,922","23,725,185","23,723,395","23,707,750","23,694,385","23,777,916","23,950,811","24,038,354","24,044,455","24,041,673","24,040,374","24,022,586","24,004,826","24,003,611","24,001,493","24,035,202","24,042,717","24,042,573","24,040,243","24,001,708","23,944,611","23,941,188","23,937,812","23,956,554","23,958,637","23,937,844","23,914,797","23,862,195","23,820,548","23,820,309","23,812,777","23,817,436","23,786,103","23,760,589","23,711,235","23,577,574","23,282,127","23,132,730","22,968,002","22,870,934","22,874,635","23,048,279","23,237,493","22,832,393",,"23,198,505","22,831,645","22,762,048",,"22,467,468","22,389,598","22,349,967",,"22,140,557","23,133,206","23,705,600",,"24,984,268","30,839,209","30,996,700",,"47,295,058","46,782,140","46,672,202",,"47,555,889","48,138,387","48,712,000",,"49,128,000","49,529,000","48,122,000",,"49,077,000","49,689,000","50,060,000",,"54,548,000","55,498,000","54,936,000",,"56,016,000","56,633,000","56,699,000",,"57,704,000","58,181,818","58,000,000",,"58,800,000","61,071,429","62,142,857",,"61,750,000","61,515,152","62,368,421",,"62,121,212","61,538,462","60,967,742",,"60,370,370","59,523,810","60,000,000",,"60,400,000","61,500,000","60,000,000",,"60,000,000","61,875,000","60,000,000",,"59,411,765","59,230,769","56,111,111",,"56,428,571","55,555,556","56,923,077",,"54,000,000","50,000,000","50,000,000",,"48,333,333","56,666,667","48,750,000",,"44,000,000","41,007,000","40,907,000",,"40,826,000","40,751,000","40,723,000",,"40,553,000","40,529,000","40,529,000",,"40,513,000","40,493,000","40,462,000"
DilutedAverageShares,,"23,170,900","23,462,571","23,593,882","23,705,547","23,807,410","23,785,374","23,771,230","23,760,922","23,777,916","24,005,817","24,103,922","24,113,705","24,104,432","24,093,725","24,073,722","24,074,999","24,065,783","24,056,533","24,105,187","24,137,895","24,121,203","24,109,000","24,099,013","24,102,214","24,073,778","24,047,042","24,073,052","24,095,808","24,066,061","24,032,389","24,001,438","23,989,886","23,978,474","23,970,611","23,925,088","24,053,608","24,006,821","23,945,236","23,787,625","23,627,908","23,535,765","23,306,177","23,145,783","23,423,234","23,602,333","23,919,251","23,593,882",,"23,802,998","23,397,279","23,136,385",,"22,830,712","22,597,183","22,666,326",,"22,812,380","23,758,343","24,444,932",,"30,183,152","36,016,304","36,011,802",,"52,523,351","51,843,383","51,836,594",,"53,149,295","53,816,998","49,774,000",,"50,519,000","51,124,000","50,036,000",,"50,767,000","51,447,000","51,319,000",,"56,693,000","57,595,000","56,182,000",,"56,911,000","57,600,000","56,815,000",,"57,762,000","58,181,818","58,000,000",,"58,800,000","61,071,429","62,142,857",,"63,333,333","63,437,500","62,368,421",,"62,121,212","61,538,462","60,967,742",,"60,370,370","59,523,810","60,000,000",,"60,400,000","61,500,000","60,000,000",,"60,000,000","61,875,000","60,000,000",,"59,411,765","59,230,769","56,111,111",,"56,428,571","55,555,556","56,923,077",,"54,000,000","50,000,000","50,000,000",,"48,333,333","56,666,667","48,750,000",,"44,000,000","41,007,000","40,907,000",,"40,826,000","40,751,000","40,723,000",,"40,553,000","40,529,000","40,529,000",,"40,513,000","40,493,000","40,462,000"
TotalOperatingIncomeAsReported,"182,699,000","30,454,000","46,664,000","42,913,000","62,668,000","52,490,000","14,395,000","237,106,000","40,079,000","-78,976,000","79,135,000","63,373,000","79,370,000","65,085,000","76,711,000","61,678,000","82,771,000","63,309,000","76,674,000","70,838,000","83,240,000","71,478,000","82,696,000","75,744,000","77,610,000","67,028,000","70,525,000","65,308,000","72,740,000","55,477,000","71,221,000","55,442,000","60,250,000","45,213,000","58,706,000","44,237,000","54,847,000","44,172,000","57,197,000","45,308,000","59,906,000","39,108,000","47,337,000","44,624,000","38,088,000","31,205,000","52,472,000","45,416,000","45,467,000","31,831,000","49,385,000","37,985,000","41,395,000","29,013,000","39,273,000","32,558,000","41,590,000","27,742,000","45,421,000","36,022,000","57,597,000","30,063,000","42,234,000","38,251,000","-107,242,000","38,809,000","48,902,000","41,829,000","59,536,000","42,846,000","51,637,000","48,672,000","48,823,000","42,852,000","47,444,000","46,017,000","57,402,000","38,491,000","40,365,000","37,823,000","-37,654,000","61,606,000","34,244,000","32,356,000","12,688,000","26,265,000","27,276,000","30,467,000","45,283,000","29,113,000","16,000,000","28,800,000","26,500,000","27,000,000","27,700,000","41,500,000","56,100,000","38,700,000","32,300,000","37,800,000","49,400,000","33,000,000","25,300,000","30,100,000","28,700,000","25,800,000","19,900,000","26,600,000","36,100,000","23,400,000","19,000,000","24,100,000","32,400,000","20,000,000","15,700,000","21,000,000","27,900,000","16,100,000","12,700,000","16,600,000","22,000,000","13,100,000","8,200,000","11,900,000","15,500,000","8,700,000","5,200,000","8,300,000","10,200,000","5,100,000","3,000,000","6,400,000","7,600,000","3,800,000",,,,,,,,,,,,,,
TotalExpenses,"3,039,092,000","759,742,000","815,596,000","742,017,000","721,737,000","660,926,000","662,774,000","627,070,000","520,780,000","493,184,000","767,008,000","685,667,000","707,728,000","674,518,000","734,996,000","671,865,000","728,122,000","658,104,000","711,097,000","639,530,000","659,986,000","628,932,000","689,986,000","634,227,000","667,974,000","633,108,000","693,477,000","637,321,000","646,445,000","628,228,000","684,745,000","627,986,000","632,497,000","598,085,000","639,785,000","604,904,000","619,254,000","596,235,000","645,474,000","582,143,000","640,104,000","569,406,000","625,897,000","553,813,000","573,605,000","553,278,000","587,804,000","553,192,000","566,479,000","546,402,000","580,968,000","543,198,000","552,120,000","538,555,000","590,909,000","541,374,000","560,175,000","539,396,000","589,032,000","545,143,000","574,532,000","518,987,000","569,900,000","520,012,000","770,274,000","605,391,000","645,454,000","591,528,000","600,171,000","585,153,000","729,132,000","563,981,000","558,676,000","541,430,000","565,357,000","530,348,000","522,933,000","488,698,000","522,754,000","489,716,000","581,781,000","443,444,000","488,258,000","462,857,000","531,381,000","441,836,000","456,991,000","436,788,000","426,129,000","406,721,000","427,200,000","393,800,000","400,300,000","358,400,000","340,200,000","310,000,000","309,100,000","278,700,000","289,500,000","275,000,000","272,700,000","242,100,000","242,600,000","228,800,000","253,500,000","194,800,000","199,600,000","194,400,000","185,100,000","164,900,000","169,600,000","160,800,000","149,800,000","135,400,000","135,100,000","131,500,000","122,000,000","109,100,000","106,900,000","106,400,000","97,900,000","86,800,000","81,000,000","79,700,000","76,200,000","65,100,000","60,700,000","60,600,000","61,800,000","49,300,000","45,300,000","44,500,000","43,400,000","36,600,000",,,,,,,,,,,,,,
NetIncomeFromContinuingAndDiscontinuedOperation,"134,879,000","27,516,000","37,624,000","33,376,000","36,363,000","33,470,000","14,000,000","170,680,000","25,066,000","-161,932,000","61,168,000","43,223,000","65,025,000","50,414,000","60,755,000","47,207,000","61,354,000","48,747,000","91,139,000","46,380,000","53,893,000","46,924,000","52,727,000","48,355,000","51,023,000","49,169,000","48,242,000","40,865,000","47,399,000","35,317,000","47,163,000","34,024,000","39,185,000","28,728,000","37,055,000","27,160,000","34,303,000","24,602,000","35,168,000","23,192,000","34,696,000","18,974,000","25,609,000","23,802,000","17,543,000","15,154,000","28,777,000","23,734,000","27,413,000","14,428,000","25,393,000","18,024,000","22,780,000","11,952,000","18,362,000","12,832,000","21,003,000","10,444,000","20,217,000","13,889,000","27,801,000","12,325,000","102,512,000","19,427,000","35,800,000","23,972,000","30,797,000","25,722,000","37,561,000","26,571,000","32,578,000","30,275,000","29,919,000","26,182,000","29,001,000","28,160,000","35,519,000","23,399,000","24,626,000","22,985,000","30,453,000","20,557,000","21,132,000","19,647,000","2,594,000","14,597,000","15,056,000","16,934,000","23,693,000","14,443,000","6,400,000","14,500,000","12,300,000","14,700,000","17,100,000","26,100,000","35,300,000","24,700,000","20,300,000","23,700,000","31,200,000","20,500,000","16,000,000","18,900,000","17,900,000","16,300,000","12,500,000","16,800,000","23,000,000","15,100,000","12,300,000","15,600,000","21,100,000","12,600,000","9,900,000","13,400,000","17,800,000","10,100,000","7,700,000","10,100,000","13,600,000","7,900,000","5,000,000","7,400,000","9,700,000","5,400,000","2,900,000","5,000,000","6,800,000","2,900,000","1,700,000","3,900,000","5,000,000","2,200,000",,,,,,,,,,,,,,
NormalizedIncome,"134,879,000","27,516,000","37,624,000","33,376,000","36,363,000","33,470,000","14,000,000","6,517,612","-29,660,809.491","-148,546,720","61,168,000","43,223,000","65,025,000","50,414,000","60,755,000","47,207,000","61,354,000","48,747,000","91,139,000","46,380,000","53,893,000","46,924,000","52,727,000","48,355,000","51,023,000","49,169,000","48,242,000","40,865,000","47,399,000","35,317,000","47,163,000","34,024,000","39,185,000","28,728,000","37,055,000","27,160,000","34,303,000","24,602,000","35,168,000","23,192,000","34,696,000","18,974,000","25,609,000","23,802,000","18,549,902.578","13,639,064.23","28,777,708.061","23,792,451.19","27,849,080.842","14,428,000","26,985,163.333","18,024,000","24,442,582.767","11,948,000","18,362,000","12,832,000","20,607,000","10,479,000","20,278,248.657","14,517,352.716","28,209,000","12,111,000","20,501,000","15,162,000","34,652,859.041","26,358,911.588","35,258,660.635","25,722,000","37,561,000","26,571,000","32,578,000","30,275,000","29,919,000","26,182,000","29,001,000","28,160,000","35,519,000","23,399,000","24,626,000","22,937,914.129","30,453,000","20,349,641.533","20,963,796.573","19,505,760.906","2,594,000","14,477,871.526","15,056,000","16,934,000","23,693,000","14,348,308.144","6,400,000","14,500,000","12,300,000","14,637,974.684","16,973,800.738","25,721,739.13","34,984,257.603","24,194,629.156","19,857,320.872","23,194,400","30,817,177.914","20,186,544.343","15,686,274.51","18,652,131.148","17,652,249.135","16,052,091.255","12,128,712.871","16,366,051.661","22,501,355.014","14,659,583.333","11,735,204.082","15,033,870.968","20,524,545.455","12,163,366.337","9,339,622.642","12,714,418.605","17,175,438.596","9,598,136.646","7,512,195.122","9,788,271.605","13,286,635.945","7,651,181.102","4,562,500","6,898,305.085","9,140,384.615","4,955,294.118","2,836,956.522","4,937,500","6,736,448.598","2,836,956.522","1,511,111.111","3,644,262.295","4,733,333.333","2,011,428.571",,,,,,,,,,,,,,
InterestIncome,,,,,,,,,,,,,,,,,,,,,,,,,,,,,,,,,,,,,,,,,,,,,,,,,,,,,"0","0","0",,,,,,,,"3,857,000",,,,,,,,,,"0",,,,,,,,,,,,,,,,,,,,,,,,,,,,,,,,,,,,,,,,,,,,,,,,,,,,,,,,,,,,,,,,,,,,,,,,,,,
InterestExpense,"31,964,000","2,171,000","2,200,000","2,629,000","24,964,000","9,614,000","10,815,000","10,715,000","9,944,000","5,298,000","3,505,000","3,580,000","3,851,000","4,111,000","4,177,000","4,349,000","4,277,000","3,594,000","3,680,000","3,618,000","3,568,000","3,389,000","3,638,000","3,676,000","3,503,000","3,436,000","3,569,000","3,544,000","3,541,000","4,030,000","4,684,000","4,424,000","4,352,000","4,327,000","4,471,000","4,407,000","4,543,000","10,194,000","10,293,000","10,712,000","11,354,000","11,173,000","11,025,000","11,135,000","16,327,000","11,619,000","11,830,000","11,714,000","11,710,000","12,186,000","13,293,000","11,770,000","12,126,000","12,737,000","13,281,000",,,,,,,,"14,609,000",,,,,,,,,"2,095,000","2,146,000",,,,,,,,,,,,,,,,,,,,,,,,,,,,,,,,,,,,,,,,,,,,,,,,,,,,,,,,,"600,000",,"600,000","500,000",,,,,,,,,,,,,,,
NetInterestIncome,"-31,964,000","-2,171,000","-2,200,000","-2,629,000","-24,964,000","-9,614,000","-10,815,000","-10,715,000","-9,944,000","-5,298,000","-3,505,000","-3,580,000","-3,851,000","-4,111,000","-4,177,000","-4,349,000","-4,277,000","-3,594,000","-3,680,000","-3,618,000","-3,568,000","-3,389,000","-3,638,000","-3,676,000","-3,503,000","-3,436,000","-3,569,000","-3,544,000","-3,541,000","-4,030,000","-4,684,000","-4,424,000","-4,352,000","-4,327,000","-4,471,000","-4,407,000","-4,543,000","-10,194,000","-10,293,000","-10,712,000","-11,354,000","-11,173,000","-11,025,000","-11,135,000","-16,327,000","-11,619,000","-11,830,000","-11,714,000","-11,710,000","-12,186,000","-13,293,000","-11,770,000","-12,126,000","-12,737,000","-13,281,000",,,,,,,,"-10,752,000",,,,,,,,,"-2,095,000","-2,146,000",,,,,,,,,,,,,,,,,,,,,,,,,,,,,,,,,,,,,,,,,,,,,,,,,,,,,,,,,"-600,000",,"-600,000","-500,000",,,,,,,,,,,,,,,
EBIT,"182,699,000","30,454,000","46,664,000","42,913,000","62,668,000","52,490,000","14,395,000","237,106,000","40,079,000","-78,976,000","79,135,000","63,373,000","79,370,000","65,085,000","76,711,000","61,678,000","82,771,000","63,309,000","76,674,000","70,838,000","83,240,000","71,478,000","82,696,000","75,744,000","77,610,000","67,028,000","70,525,000","65,308,000","72,740,000","55,477,000","71,221,000","55,442,000","60,250,000","45,213,000","58,706,000","44,237,000","54,847,000","44,172,000","57,197,000","45,308,000","59,906,000","39,108,000","47,337,000","44,624,000","38,088,000","31,205,000","52,472,000","45,416,000","45,467,000","31,831,000","49,385,000","37,985,000","41,395,000","29,013,000","39,273,000","32,558,000","41,590,000","27,742,000","45,421,000","36,022,000","57,597,000","30,063,000","42,234,000","38,251,000","-99,190,000","38,809,000","48,902,000","41,829,000","59,536,000","42,846,000","-61,943,000","48,672,000","48,823,000","42,852,000","47,444,000","46,017,000","57,402,000","38,491,000","40,365,000","37,823,000","-36,852,000","61,286,000","34,244,000","32,356,000","12,688,000","26,265,000","27,276,000","30,467,000","45,283,000","29,113,000","16,000,000","28,800,000","26,500,000","27,000,000","27,700,000","41,500,000","56,100,000","38,700,000","32,300,000","37,800,000","49,400,000","33,000,000","25,300,000","30,100,000","28,700,000","25,800,000","19,900,000","26,600,000","36,100,000","23,400,000","19,000,000","24,100,000","32,400,000","20,000,000","15,700,000","21,000,000","27,900,000","16,100,000","12,700,000","16,600,000","22,000,000","13,100,000","8,200,000","11,900,000","15,500,000","8,700,000","5,200,000","8,300,000","10,200,000","5,100,000","3,000,000","6,400,000","7,600,000","3,800,000","37,600,000","41,000,000","-73,900,000","30,100,000","26,600,000","30,000,000","-58,900,000","23,700,000","21,100,000","23,900,000","-50,100,000","19,200,000","17,300,000","20,300,000"
EBITDA,"300,394,000"
ReconciledCostOfRevenue,"2,135,563,000","533,712,000","579,967,000","517,428,000","504,456,000","455,747,000","461,946,000","426,232,000","338,563,000","326,256,000","556,984,000","483,128,000","502,709,000","484,714,000","541,953,000","480,452,000","532,634,000","475,079,000","524,678,000","458,817,000","475,313,000","456,701,000","514,190,000","462,213,000","488,496,000","461,706,000","516,867,000","467,295,000","475,155,000","462,947,000","513,829,000","464,622,000","470,434,000","444,484,000","481,757,000","442,676,000","453,742,000","443,846,000","489,058,000","430,597,000","1,167,606,000","189,615,000","235,391,000","186,307,000","193,554,000","179,774,000","219,390,000","179,753,000","1,091,619,000","173,041,000","211,898,000","177,471,000","184,732,000","176,327,000","222,493,000","181,357,000","189,206,000","180,588,000","223,735,000","180,228,000","193,139,000","167,928,000","210,352,000","172,856,000","208,636,000","201,817,000","235,870,000","199,321,000","207,112,000","203,702,000","349,969,000","199,842,000","195,558,000","190,718,000","213,527,000","185,900,000","182,460,000","165,378,000","190,112,000","165,965,000","171,544,000","161,262,000","181,732,000","163,200,000","172,556,000","140,274,000","159,524,000","141,446,000","141,586,000","132,517,000","147,800,000","131,400,000","137,400,000","115,800,000","126,400,000","106,700,000","108,500,000","97,000,000","105,200,000","96,000,000","100,700,000","83,200,000","87,800,000","80,300,000","-11,500,000","99,300,000","106,400,000","65,700,000","68,900,000","53,200,000","61,300,000","54,900,000","55,700,000","45,000,000","48,700,000","45,300,000","45,300,000","36,200,000","37,900,000","36,500,000","35,800,000","28,100,000","27,300,000","27,100,000","28,200,000","21,700,000","20,500,000","21,100,000","23,800,000","17,200,000","15,500,000","15,700,000","16,400,000","12,300,000",,,,,,,,,,,,,,
ReconciledDepreciation,"117,695,000","29,109,000","28,758,000","28,972,000","30,856,000","30,345,000","30,603,000","29,535,000","29,886,000","30,015,000","29,599,000","28,678,000","29,038,000","27,443,000","26,218,000","24,838,000","25,395,000","23,953,000","22,713,000","21,631,000","22,691,000","21,798,000","21,296,000","20,534,000","20,742,000","19,698,000","19,096,000","18,687,000","19,027,000","18,422,000","17,995,000","17,511,000","17,788,000","17,300,000","16,824,000","16,477,000","17,120,000","16,643,000","16,398,000","15,959,000","16,725,000","16,403,000","15,886,000","15,453,000","16,251,000","16,083,000","15,427,000","15,027,000","15,395,000","15,130,000","16,381,000","14,118,000","15,226,000","15,122,000","14,752,000","14,186,000","15,023,000","14,683,000","14,323,000","13,660,000","14,501,000","14,390,000","14,294,000","13,723,000","18,766,000","18,634,000","17,692,000","17,186,000","17,010,000","16,684,000","17,448,000","16,179,000","16,708,000","16,231,000","15,738,000","15,191,000","16,060,000","15,792,000","16,333,000","16,191,000","16,747,000","15,993,000","15,259,000","14,760,000","16,871,000","16,393,000","16,014,000","15,624,000","17,106,000","16,612,000","16,100,000","15,400,000","13,900,000","14,700,000","13,100,000","12,100,000","11,100,000","10,400,000","11,400,000","10,500,000","7,700,000","9,200,000","9,800,000","9,000,000","7,600,000","7,700,000","8,200,000","7,900,000","5,500,000","7,600,000","6,800,000","6,500,000","4,200,000","5,700,000","5,400,000","5,100,000","3,700,000","4,300,000","4,000,000","3,800,000","2,900,000","3,400,000","3,200,000","3,000,000","2,200,000","2,500,000","2,400,000","2,200,000","1,300,000","1,900,000","1,800,000","1,700,000","1,200,000","1,500,000",,,,,,,,,,,,,,
NetIncomeFromContinuingOperationNetMinorityInterest,"134,879,000","27,516,000","37,624,000","33,376,000","36,363,000","33,470,000","14,000,000","170,680,000","25,066,000","-161,932,000","61,168,000","43,223,000","65,025,000","50,414,000","60,755,000","47,207,000","61,354,000","48,747,000","91,139,000","46,380,000","53,893,000","46,924,000","52,727,000","48,355,000","51,023,000","49,169,000","48,242,000","40,865,000","47,399,000","35,317,000","47,163,000","34,024,000","39,185,000","28,728,000","37,055,000","27,160,000","34,303,000","24,602,000","35,168,000","23,192,000","34,696,000","18,974,000","25,609,000","23,802,000","17,543,000","15,154,000","28,777,000","23,734,000","27,413,000","14,428,000","25,393,000","18,024,000","22,815,000","11,948,000","18,362,000","12,832,000","20,607,000","10,479,000","20,234,000","13,983,000","28,209,000","12,111,000","20,501,000","15,162,000","35,800,000","23,972,000","30,797,000","25,722,000","37,561,000","26,571,000","32,578,000","30,275,000","29,919,000","26,182,000","29,001,000","28,160,000","35,519,000","23,399,000","24,626,000","22,985,000","30,453,000","20,557,000","21,132,000","19,647,000","2,594,000","14,597,000","15,056,000","16,934,000","23,693,000","14,443,000","6,400,000","14,500,000","12,300,000","14,700,000","17,100,000","26,100,000","35,300,000","24,700,000","20,300,000","23,700,000","31,200,000","20,500,000","16,000,000","18,900,000","17,900,000","16,300,000","12,500,000","16,800,000","23,000,000","15,100,000","12,300,000","15,600,000","21,100,000","12,600,000","9,900,000","13,400,000","17,800,000","10,100,000","7,700,000","10,100,000","13,600,000","7,900,000","5,000,000","7,400,000","9,700,000","5,400,000","2,900,000","5,000,000","6,800,000","2,900,000","1,700,000","3,900,000","5,000,000","2,200,000",,,,,,,,,,,,,,
TotalUnusualItemsExcludingGoodwill,"0","0","0","0","0","0","0","217,722,000","65,794,000","-18,336,000",,,,,,,,,,,,,,,,,,,,,,,,,,,,,,,"0","0","0","0","-1,249,000","1,958,000","-1,000","-83,000","-537,000","0","-2,263,000",,"-2,088,000","0","0",,"0",,"-68,000","-809,000",,,,,"1,471,000","-3,596,000","-6,765,000",,,,,,,,,,,,,"73,000",,"320,000","262,000","220,000",,"190,000",,,,"152,000",,,,"100,000","200,000","600,000","500,000","800,000","700,000","800,000","600,000","500,000","500,000","400,000","400,000","400,000","600,000","700,000","800,000","700,000","900,000","900,000","900,000","700,000","900,000","1,100,000","1,000,000","800,000","300,000","500,000","500,000","400,000","700,000","800,000","900,000","700,000","100,000","100,000","100,000","100,000","300,000","400,000","400,000","300,000",,,,,,,,,,,,,,
TotalUnusualItems,"0","0","0","0","0","0","0","217,722,000","65,794,000","-18,336,000",,,,,,,,,,,,,,,,,,,,,,,,,,,,,,,"0","0","0","0","-1,249,000","1,958,000","-1,000","-83,000","-537,000","0","-2,263,000",,"-2,088,000","0","0",,"0",,"-68,000","-809,000",,,,,"1,471,000","-3,596,000","-6,765,000",,,,,,,,,,,,,"73,000",,"320,000","262,000","220,000",,"190,000",,,,"152,000",,,,"100,000","200,000","600,000","500,000","800,000","700,000","800,000","600,000","500,000","500,000","400,000","400,000","400,000","600,000","700,000","800,000","700,000","900,000","900,000","900,000","700,000","900,000","1,100,000","1,000,000","800,000","300,000","500,000","500,000","400,000","700,000","800,000","900,000","700,000","100,000","100,000","100,000","100,000","300,000","400,000","400,000","300,000",,,,,,,,,,,,,,
NormalizedEBITDA,"300,394,000","59,563,000","75,422,000","71,885,000","93,524,000","82,835,000","44,998,000","48,919,000","4,171,000","-30,625,000","108,734,000","92,051,000","108,408,000","92,528,000","102,929,000","86,516,000","108,166,000","87,262,000","99,387,000","92,469,000","105,931,000","93,276,000","103,992,000","96,278,000","98,352,000","86,726,000","89,621,000","83,995,000","91,767,000","73,899,000","89,216,000","72,953,000","78,038,000","62,513,000","75,530,000","60,714,000","71,967,000","60,815,000","73,595,000","61,267,000","76,631,000","55,511,000","63,223,000","60,077,000","55,588,000","45,330,000","67,900,000","60,526,000","61,399,000","46,961,000","68,029,000","52,103,000","58,709,000","44,135,000","54,025,000","46,744,000","56,613,000","42,425,000","59,812,000","50,491,000","72,098,000","44,453,000","56,528,000","51,974,000","-81,895,000","61,039,000","73,359,000","59,015,000","76,546,000","59,530,000","-44,495,000","64,851,000","65,531,000","59,083,000","63,182,000","61,208,000","73,462,000","54,283,000","56,698,000","53,941,000","-20,105,000","76,959,000","49,241,000","46,896,000","29,559,000","42,468,000","43,290,000","46,091,000","62,389,000","45,573,000","32,100,000","44,200,000","40,400,000","41,600,000","40,600,000","53,000,000","66,700,000","48,300,000","43,000,000","47,500,000","56,500,000","41,700,000","34,600,000","38,700,000","35,900,000","33,100,000","27,500,000","33,800,000","40,800,000","30,300,000","24,900,000","29,700,000","35,700,000","25,000,000","20,200,000","25,000,000","30,600,000","19,600,000","16,400,000","19,900,000","24,400,000","16,100,000","10,700,000","14,100,000","16,800,000","10,500,000","7,500,000","10,400,000","11,400,000","6,900,000","4,500,000","7,700,000","8,400,000","5,000,000","37,600,000","41,000,000","-73,900,000","30,100,000","26,600,000","30,000,000","-58,900,000","23,700,000","21,100,000","23,900,000","-50,100,000","19,200,000","17,300,000","20,300,000"
TaxRateForCalcs,"0.105","0.027","0.154","0.171","0.036","0.219","0.27","0.246","0.168","0.27","0.144","0.177","0.139","0.173","0.162","0.177","0.218","0.184","0.27","0.31","0.324","0.311","0.333","0.329","0.311","0.227","0.279","0.338","0.315","0.314","0.291","0.333","0.299","0.297","0.317","0.318","0.318","0.276","0.25","0.33","0.285","0.321","0.295","0.289","0.194","0.226","0.292","0.296","0.188","0.266","0.296","0.312","0.221","0.266","0.294","0.307","0.257","0.225","0.349","0.339","0.342","0.344","0.349","0.359","0.22","0.336","0.34","0.346","0.345","0.346","0.342","0.35","0.359","0.359","0.361","0.357","0.356","0.355","0.355","0.355","0.356","0.352","0.358","0.358","0.4","0.373","0.373","0.373","0.377","0.377","0.354","0.386","0.4","0.38","0.369","0.37","0.369","0.368","0.368","0.368","0.362","0.373","0.373","0.38","0.381","0.38","0.381","0.38","0.377","0.371","0.372","0.371","0.361","0.376","0.377","0.377","0.375","0.373","0.374","0.377","0.373","0.378","0.375","0.373","0.378","0.365","0.37","0.375","0.364","0.37","0.37","0.361","0.333","0.371",,,,,,,,,,,,,,
TaxEffectOfUnusualItems,"0","0","0","0","0","0","0","53,559,612","11,067,190.509","-4,950,720","0","0","0","0","0","0","0","0","0","0","0","0","0","0","0","0","0","0","0","0","0","0","0","0","0","0","0","0","0","0","0","0","0","0","-242,097.422","443,064.23","-291.939","-24,548.81","-100,919.158","0","-670,836.667","0","-460,417.233","0","0","0","0","0","-23,751.343","-274,647.284","0","0","0","0","323,859.041","-1,209,088.412","-2,303,339.365","0","0","0","0","0","0","0","0","0","0","0","0","25,914.129","0","112,641.533","93,796.573","78,760.906","0","70,871.526","0","0","0","57,308.144","0","0","0","37,974.684","73,800.738","221,739.13","184,257.603","294,629.156","257,320.872","294,400","217,177.914","186,544.343","186,274.51","152,131.148","152,249.135","152,091.255","228,712.871","266,051.661","301,355.014","259,583.333","335,204.082","333,870.968","324,545.455","263,366.337","339,622.642","414,418.605","375,438.596","298,136.646","112,195.122","188,271.605","186,635.945","151,181.102","262,500","298,305.085","340,384.615","255,294.118","36,956.522","37,500","36,448.598","36,956.522","111,111.111","144,262.295","133,333.333","111,428.571",,,,,,,,,,,,,,