name,ttm,03/31/2022,12/31/2021,09/30/2021,06/30/2021,03/31/2021,12/31/2020,09/30/2020,06/30/2020,03/31/2020,12/31/2019,09/30/2019,06/30/2019,03/31/2019,12/31/2018,09/30/2018,06/30/2018,03/31/2018,12/31/2017,09/30/2017,06/30/2017,03/31/2017,12/31/2016,09/30/2016,06/30/2016,03/31/2016,12/31/2015,09/30/2015,06/30/2015,03/31/2015,12/31/2014,09/30/2014,06/30/2014,03/31/2014,12/31/2013,09/30/2013,06/30/2013,03/31/2013,12/31/2012,09/30/2012,06/30/2012,03/31/2012,12/31/2011,09/30/2011,06/30/2011,03/31/2011,12/31/2010,09/30/2010,06/30/2010,03/31/2010,12/31/2009,09/30/2009,06/30/2009,03/31/2009,12/31/2008,09/30/2008,06/30/2008,03/31/2008,12/31/2007,09/30/2007,06/30/2007,03/31/2007,12/31/2006,09/30/2006,06/30/2006,03/31/2006,12/31/2005,09/30/2005,06/30/2005,03/31/2005,12/31/2004,09/30/2004,06/30/2004,03/31/2004,12/31/2003,09/30/2003,06/30/2003,03/31/2003,12/31/2002,09/30/2002,06/30/2002,03/31/2002,12/31/2001,09/30/2001,06/30/2001,03/31/2001,12/31/2000,09/30/2000,06/30/2000,03/31/2000,12/31/1999,09/30/1999,06/30/1999,03/31/1999,12/31/1998,09/30/1998,06/30/1998,03/31/1998,12/31/1997,09/30/1997,06/30/1997,03/31/1997,12/31/1996,09/30/1996,06/30/1996,03/31/1996,12/31/1995,09/30/1995,06/30/1995,03/31/1995,12/31/1994,09/30/1994,06/30/1994,03/31/1994,12/31/1993,09/30/1993,06/30/1993,03/31/1993,12/31/1992,09/30/1992,06/30/1992,03/31/1992,12/31/1991,09/30/1991,06/30/1991,03/31/1991,12/31/1990,09/30/1990,06/30/1990,03/31/1990,12/31/1989,09/30/1989,06/30/1989,03/31/1989,12/31/1988,09/30/1988,06/30/1988,03/31/1988,12/31/1987,09/30/1987,06/30/1987,03/31/1987,12/31/1986,09/30/1986,06/30/1986,03/31/1986,12/31/1985,09/30/1985
TotalRevenue,"1,421,948,000","347,718,000","345,650,000","364,651,000","363,929,000","351,646,000","357,187,000","361,689,000","316,443,000","311,427,000","345,872,000","341,164,000","338,783,000","323,803,000","338,178,000","335,774,000","332,734,000","317,992,000","341,429,000","301,796,000","307,542,000","294,567,000","296,332,000","288,597,000","287,655,000","281,804,000","276,896,000","272,808,000","279,892,000","258,599,000","267,881,000","269,997,000","266,698,000","265,730,000","263,045,000","261,667,000","260,566,000","248,055,000","259,607,000","258,470,000","267,607,000","254,320,000","261,516,000","263,680,000","268,660,000","258,206,000","272,550,000","258,996,000","265,415,000","252,297,000","273,830,000","264,729,000","253,254,000","240,274,000","216,035,000","248,306,000","248,520,000","255,590,000","238,838,000","231,961,000","227,430,000","219,658,000","224,286,000","219,409,000","217,942,000","213,183,000","215,639,000","212,727,000","212,367,000","202,168,000","201,955,000","202,604,000","210,750,000","208,953,000","203,927,000","198,928,000","202,388,000","198,816,000","200,430,000","196,328,000","194,204,000","189,761,000","187,789,000","185,548,000","188,325,000","183,760,000","187,605,000","184,866,000","185,001,000","175,989,000","180,400,000","175,700,000","176,500,000","169,700,000","169,400,000","157,300,000","160,900,000","154,100,000","154,500,000","147,800,000","140,300,000","135,400,000","138,000,000","131,900,000","128,600,000","126,300,000","127,500,000","124,700,000","122,800,000","113,900,000","112,900,000","110,700,000","110,400,000","101,700,000","105,400,000","101,500,000","100,400,000","98,500,000","95,100,000","91,600,000","87,400,000","82,100,000","79,300,000","80,100,000","75,500,000","73,100,000","73,200,000","71,200,000","69,300,000","70,300,000","68,900,000","67,700,000","71,500,000",,,,,,,,,,,,,,,
	OperatingRevenue,"1,421,948,000","347,718,000","345,650,000","364,651,000","363,929,000","351,646,000","357,187,000","361,689,000","316,443,000","311,427,000","345,872,000","341,164,000","338,783,000","323,803,000","338,178,000","335,774,000","332,734,000","317,992,000","341,429,000","301,796,000","307,542,000","294,567,000","296,332,000","288,597,000","287,655,000","281,804,000","276,896,000","272,808,000","279,892,000","258,599,000","267,881,000","269,997,000","266,698,000","265,730,000","263,045,000","261,667,000","260,566,000","248,055,000","259,607,000","258,470,000","267,607,000","254,320,000","261,516,000","263,680,000","268,660,000","258,206,000","272,550,000","258,996,000","265,415,000","252,297,000","273,830,000","264,729,000","253,254,000","240,274,000","216,035,000","248,306,000","248,520,000","255,590,000","238,838,000","231,961,000","227,430,000","219,658,000","224,286,000","219,409,000","217,942,000","213,183,000","215,639,000","212,727,000","212,367,000","202,168,000","201,955,000","202,604,000","210,750,000","208,953,000","203,927,000","198,928,000","202,388,000","198,816,000","200,430,000","196,328,000","194,204,000","189,761,000","187,789,000","185,548,000","188,325,000","183,760,000","187,605,000","184,866,000","185,001,000","175,989,000","180,400,000","175,700,000","176,500,000","169,700,000","169,400,000","157,300,000","160,900,000","154,100,000","154,500,000","147,800,000","140,300,000","135,400,000","138,000,000","131,900,000","128,600,000","126,300,000","127,500,000","124,700,000","122,800,000","113,900,000","112,900,000","110,700,000","110,400,000","101,700,000","105,400,000","101,500,000","100,400,000","98,500,000","95,100,000","91,600,000","87,400,000","82,100,000","79,300,000","80,100,000","75,500,000","73,100,000","73,200,000","71,200,000","69,300,000","70,300,000","68,900,000","67,700,000","71,500,000",,,,,,,,,,,,,,,
PretaxIncome,"672,924,000","151,928,000","149,122,000","160,416,000","211,458,000","165,305,000","165,280,000","167,730,000","48,392,000","59,776,000","135,492,000","139,181,000","137,198,000","119,915,000","137,297,000","140,716,000","140,831,000","125,319,000","115,087,000","106,520,000","112,190,000","96,609,000","104,671,000","100,092,000","101,350,000","94,892,000","92,086,000","93,182,000","107,815,000","90,482,000","92,899,000","100,159,000","96,212,000","93,730,000","96,184,000","101,209,000","96,221,000","89,733,000","94,231,000","98,941,000","105,702,000","99,734,000","92,561,000","97,708,000","102,309,000","88,457,000","86,657,000","82,033,000","87,246,000","62,188,000","70,956,000","74,879,000","52,077,000","44,220,000","61,593,000","34,207,000","83,097,000","94,835,000","61,879,000","81,413,000","82,027,000","75,078,000","82,706,000","79,530,000","82,720,000","78,790,000","76,458,000","81,406,000","83,852,000","75,878,000","72,311,000","75,506,000","83,534,000","79,791,000","76,160,000","72,843,000","74,174,000","68,062,000","74,496,000","76,126,000","74,540,000","68,340,000","67,493,000","67,160,000","68,614,000","66,094,000","69,780,000","66,585,000","69,192,000","62,364,000","63,500,000","62,800,000","63,200,000","58,400,000","58,900,000","57,500,000","56,200,000","52,900,000","54,900,000","52,300,000","49,100,000","45,700,000","50,200,000","45,900,000","44,200,000","42,200,000","43,200,000","43,800,000","42,300,000","39,400,000","37,900,000","40,400,000","35,800,000","33,600,000","36,000,000","35,000,000","33,400,000","32,900,000","28,900,000","29,400,000","28,300,000","25,200,000","22,900,000","23,300,000","22,600,000","22,200,000","21,900,000","22,700,000","21,800,000","21,300,000","21,100,000","22,000,000","23,000,000",,,,,,,,,,,,,,,
TaxProvision,"145,537,000","31,902,000","33,764,000","34,662,000","45,209,000","32,076,000","33,084,000","34,375,000","9,661,000","10,173,000","28,214,000","29,101,000","28,899,000","22,860,000","26,537,000","26,647,000","29,507,000","23,258,000","20,104,000","32,294,000","33,201,000","24,907,000","32,297,000","30,942,000","31,542,000","29,370,000","27,661,000","27,969,000","32,492,000","28,468,000","29,157,000","31,138,000","30,312,000","29,609,000","30,359,000","32,764,000","30,182,000","28,925,000","27,628,000","32,155,000","34,466,000","32,920,000","29,514,000","31,699,000","32,692,000","27,507,000","24,432,000","26,012,000","27,428,000","18,377,000","21,493,000","23,415,000","15,257,000","13,592,000","17,757,000","9,534,000","27,118,000","30,668,000","18,187,000","25,515,000","26,453,000","23,582,000","25,689,000","24,982,000","27,387,000","25,846,000","20,216,000","18,615,000","29,484,000","26,032,000","19,651,000","12,987,000","29,696,000","28,467,000","22,299,000","17,895,000","23,687,000","20,834,000","23,031,000","25,111,000","24,434,000","21,428,000","20,697,000","21,642,000","22,831,000","22,217,000","23,557,000","21,092,000","23,589,000","21,109,000","19,200,000","21,400,000","21,400,000","19,700,000","18,500,000","19,800,000","18,700,000","18,400,000","18,200,000","18,100,000","16,800,000","16,300,000","17,800,000","15,000,000","15,300,000","14,900,000","15,000,000","16,200,000","15,500,000","14,400,000","13,600,000","15,200,000","11,200,000","11,600,000","12,900,000","13,500,000","12,000,000","11,900,000","10,600,000","10,400,000","10,200,000","8,900,000","7,500,000","8,100,000","7,800,000","7,800,000","7,600,000","7,800,000","7,500,000","7,300,000","6,900,000","7,200,000","7,700,000",,,,,,,,,,,,,,,
NetIncomeCommonStockholders,"513,231,000","117,084,000","113,852,000","121,447,000","160,848,000","129,772,000","128,670,000","123,809,000","37,260,000","49,137,000","103,607,000","105,952,000","104,709,000","93,944,000","106,265,000","109,165,000","106,941,000","97,613,000","91,007,000","71,452,000","75,767,000","68,309,000","68,378,000","65,382,000","66,703,000","62,230,000","60,589,000","61,478,000","71,106,000","58,009,000","59,680,000","65,506,000","65,675,000","63,511,000","65,128,000","67,416,000","65,055,000","60,423,000","64,228,000","66,006,000","70,733,000","65,799,000","61,504,000","65,352,000","69,034,000","60,453,000","61,921,000","55,885,000","59,734,000","44,170,000","49,622,000","51,649,000","36,968,000","30,702,000","43,836,000","24,673,000","55,979,000","64,167,000","43,692,000","55,898,000","55,574,000","51,496,000","57,017,000","54,548,000","55,333,000","52,944,000","56,242,000","62,791,000","54,368,000","49,846,000","52,660,000","62,519,000","53,838,000","51,324,000","53,861,000","54,948,000","50,487,000","47,228,000","51,465,000","51,015,000","50,106,000","46,912,000","46,796,000","45,518,000","45,783,000","43,877,000","46,223,000","45,493,000","45,603,000","41,255,000","44,300,000","41,400,000","41,800,000","38,700,000","40,400,000","37,700,000","37,500,000","34,500,000","36,700,000","34,200,000","32,300,000","29,400,000","32,400,000","30,900,000","28,900,000","27,300,000","28,200,000","27,600,000","26,800,000","25,000,000","24,300,000","25,200,000","24,600,000","22,000,000","23,100,000","21,500,000","21,400,000","21,000,000","18,300,000","19,000,000","18,100,000","16,300,000","15,400,000","15,200,000","14,800,000","14,400,000","14,300,000","14,900,000","14,300,000","16,000,000","14,200,000","14,800,000","15,300,000",,,,,,,,,,,,,,,
	NetIncome,"517,947,000","118,154,000","114,906,000","122,561,000","162,326,000","130,972,000","129,889,000","132,448,000","39,863,000","51,857,000","106,880,000","109,242,000","107,971,000","97,138,000","109,652,000","112,576,000","110,330,000","100,984,000","94,355,000","74,564,000","78,960,000","71,504,000","71,579,000","68,545,000","69,893,000","65,374,000","63,710,000","64,612,000","74,353,000","61,055,000","62,725,000","68,185,000","66,531,000","64,313,000","65,915,000","68,224,000","65,805,000","61,017,000","66,791,000","66,006,000","70,733,000","65,799,000","61,504,000","65,352,000","69,034,000","60,453,000","61,921,000","55,885,000","59,734,000","44,170,000","49,622,000","51,649,000","36,968,000","30,836,000","43,836,000","24,673,000","55,979,000","64,167,000","43,692,000","55,898,000","55,574,000","51,496,000","57,017,000","54,548,000","55,333,000","52,944,000","56,242,000","62,791,000","54,368,000","49,846,000","52,660,000","62,519,000","53,838,000","51,324,000","53,861,000","54,948,000","50,487,000","47,228,000","51,465,000","51,015,000","50,106,000","46,912,000","46,796,000","45,518,000","45,783,000","43,877,000","46,223,000","45,493,000","45,603,000","41,255,000","44,300,000","41,400,000","41,800,000","38,700,000","40,400,000","37,700,000","37,500,000","34,500,000","36,700,000","34,200,000","32,300,000","29,400,000","32,400,000","30,900,000","28,900,000","27,300,000","28,200,000","27,600,000","26,800,000","25,000,000","24,300,000","25,200,000","24,600,000","22,000,000","23,100,000","21,500,000","21,400,000","21,000,000","18,300,000","19,000,000","18,100,000","16,300,000","15,400,000","15,200,000","14,800,000","14,400,000","14,300,000","14,900,000","14,300,000","16,000,000","14,200,000","14,800,000","15,300,000",,,,,,,,,,,,,,,
		NetIncomeIncludingNoncontrollingInterests,"527,387,000","120,026,000","115,358,000","125,754,000","166,249,000","133,229,000","132,196,000","133,355,000","38,731,000","49,603,000","107,278,000","110,080,000","108,299,000","97,055,000","110,760,000","114,069,000","111,324,000","102,061,000","94,983,000","74,226,000","78,989,000","71,702,000","72,374,000","69,150,000","69,808,000","65,522,000","64,425,000","65,213,000","75,323,000","62,014,000","63,742,000","69,021,000","65,900,000","64,121,000","65,825,000","68,445,000","66,039,000","60,808,000","66,603,000","66,786,000","71,236,000","66,814,000","63,047,000","66,009,000","69,617,000","60,950,000","62,225,000","56,021,000","59,818,000","43,811,000","49,463,000","51,464,000","36,820,000","30,628,000","43,836,000","24,673,000","55,979,000","64,167,000","43,692,000","55,898,000","55,574,000","51,496,000","57,017,000","54,548,000","55,333,000","52,944,000","56,242,000","62,791,000","54,368,000","49,846,000","52,660,000","62,519,000","53,838,000","51,324,000","53,861,000","54,948,000","50,487,000","47,228,000","51,465,000","51,015,000","50,106,000","46,912,000","46,796,000","45,518,000","45,783,000","43,877,000","46,223,000","45,493,000","45,603,000","41,255,000","44,300,000","41,400,000","41,800,000","38,700,000","40,400,000","37,700,000","37,500,000","34,500,000","36,700,000","34,200,000","32,300,000","29,400,000","32,400,000","30,900,000","28,900,000","27,300,000","28,200,000","27,600,000","26,800,000","25,000,000","24,300,000","25,200,000","24,600,000","22,000,000","23,100,000","21,500,000","21,400,000","21,000,000","18,300,000","19,000,000","18,100,000","16,300,000","15,400,000","15,200,000","14,800,000","14,400,000","14,300,000","14,900,000","14,300,000","16,000,000","14,200,000","14,800,000","15,300,000","14,700,000","12,200,000","12,500,000","12,200,000","12,000,000","11,000,000","9,700,000","10,100,000","9,300,000","9,800,000","10,100,000","9,500,000","9,700,000","8,300,000","9,900,000"
			NetIncomeContinuousOperations,"527,387,000","120,026,000","115,358,000","125,754,000","166,249,000","133,229,000","132,196,000","133,355,000","38,731,000","49,603,000","107,278,000","110,080,000","108,299,000","97,055,000","110,760,000","114,069,000","111,324,000","102,061,000","94,983,000","74,226,000","78,989,000","71,702,000","72,374,000","69,150,000","69,808,000","65,522,000","64,425,000","65,213,000","75,323,000","62,014,000","63,742,000","69,021,000","65,900,000","64,121,000","65,825,000","68,445,000","66,039,000","60,808,000","66,603,000","66,786,000","71,236,000","66,814,000","63,047,000","66,009,000","69,617,000","60,950,000","62,225,000","56,021,000","59,818,000","43,811,000","49,463,000","51,464,000","36,820,000","30,628,000","43,836,000","24,673,000","55,979,000","64,167,000","43,692,000","55,898,000","55,574,000","51,496,000","57,017,000","54,548,000","55,333,000","52,944,000","56,242,000","62,791,000","54,368,000","49,846,000","52,660,000","62,519,000","53,838,000","51,324,000","53,861,000","54,948,000","50,487,000","47,228,000","51,465,000","51,015,000","50,106,000","46,912,000","46,796,000","45,518,000","45,783,000","43,877,000","46,223,000","45,493,000","45,603,000","41,255,000","44,300,000","41,400,000","41,800,000","38,700,000","40,400,000","37,700,000","37,500,000","34,500,000","36,700,000","34,200,000","32,300,000","29,400,000","32,400,000","30,900,000","28,900,000","27,300,000","28,200,000","27,600,000","26,800,000","25,000,000","24,300,000","25,200,000","24,600,000","22,000,000","23,100,000","21,500,000","21,400,000","21,000,000","18,300,000","19,000,000","18,100,000","16,300,000","15,400,000","15,200,000","14,800,000","14,400,000","14,300,000","14,900,000","14,300,000","14,000,000","14,200,000","14,800,000","15,300,000","14,700,000","12,200,000","12,500,000","12,200,000","12,000,000","11,000,000","9,700,000","10,100,000","9,300,000","9,800,000","10,100,000","9,500,000","9,700,000","8,300,000","9,900,000"
			NetIncomeExtraordinary,,,,,,,,,,,,,,,,,,,,,,,,,,,,,,,,,,,,,,,,,,,,,,,,,,,,,,,,,,,,,,,,,,,,,,,,,,,,,,,,,,,,,,,,,,,,,,,,,,,,,,,,,,,,,,,,,,,,,,,,,,,,,,,"0",,,"2,000,000",,,,,,,,,,,,,,,,,,
		MinorityInterests,"-9,440,000","-1,872,000","-452,000","-3,193,000","-3,923,000","-2,257,000","-2,307,000","-907,000","1,132,000","2,254,000","-398,000","-838,000","-328,000","83,000","-1,108,000","-1,493,000","-994,000","-1,077,000","-628,000","338,000","-29,000","-198,000","-795,000","-605,000","85,000","-148,000","-715,000","-601,000","-970,000","-959,000","-1,017,000","-836,000","631,000","192,000","90,000","-221,000","-234,000","209,000","188,000","-780,000","-503,000","-1,015,000","-1,543,000","-657,000","-583,000","-497,000","-304,000","-136,000","-84,000","359,000","159,000","185,000","148,000","208,000",,,,,,,,,,,,,,,,,,,,,,,,,,,,,,,,,,,,,,,,,,,,,,,,,,,,,,,,,,,,,,,,,,,,,,,,,,,,,,,,,,,,,,,,,,,,,,
	PreferredStockDividends,,,,,,,"0","7,466,000","2,250,000","2,250,000","2,250,000","2,250,000","2,250,000","2,250,000","2,250,000","2,250,000","2,250,000","2,250,000","2,250,000","2,250,000","2,250,000","2,250,000","2,250,000","2,250,000","2,250,000","2,250,000","2,250,000","2,250,000","2,250,000","2,250,000","2,250,000","1,800,000",,,,,,,,,,,,,,,,,,,,,,,,,,,,,,,,,,,,,,,,,,,,,,,,,,,,,,,,,,,,,,,,,,,,,,,,,,,,,,,,,,,,,,,,,,,,,,,,,,,,,,,,,,,,,,,,,,,,
	OtherunderPreferredStockDividend,"4,716,000","1,070,000","1,054,000","1,114,000","1,478,000","1,200,000","1,219,000","1,173,000","353,000","470,000","1,023,000","1,040,000","1,012,000","944,000","1,137,000","1,161,000","1,139,000","1,121,000","1,098,000","862,000","943,000","945,000","951,000","913,000","940,000","894,000","871,000","884,000","997,000","796,000","795,000","879,000","856,000","802,000","787,000","808,000","750,000","594,000",,,,,,,,,,,,,,,,"134,000",,,,,,,,,,,,,,,,,,,,,,,,,,,,,,,,,,,,,,,,,,,,,,,,,,,,,,,,,,,,,,,,,,,,,,,,,,,,,,,,,,,,,,,,,,,,,,
AverageDilutionEarnings,"-4,708,000","-1,068,000","-1,053,000","-1,112,000","-1,475,000","2,000","1,000","3,000","-1,000","1,000","2,000","1,000","3,000","-943,000","-1,134,000","-1,159,000","-1,136,000","-1,118,000","-1,095,000","-860,000","-941,000","-942,000","-949,000","-912,000","-938,000","-893,000","-869,000","-883,000","-995,000","-794,000","-793,000","-877,000","-854,000","-799,000","-785,000","-806,000","-747,000","-593,000",,,,,,,,,,,,,,,,,,,,,,,,,,,,,,,,,,,,,,,,,,,,,,,,,,,,,,,,,,,,,,,,,,,,,,,,,,,,,,,,,,,,,,,,,,,,,,,,,,,,,,,,,,,,,,
DilutedNIAvailtoComStockholders,"513,239,000","117,086,000","113,853,000","121,449,000","160,851,000","129,774,000","128,671,000","123,812,000","37,259,000","49,138,000","103,609,000","105,953,000","104,712,000","93,945,000","106,268,000","109,167,000","106,944,000","97,616,000","91,010,000","71,454,000","75,769,000","68,312,000","68,380,000","65,383,000","66,705,000","62,231,000","60,591,000","61,479,000","71,108,000","58,011,000","59,682,000","65,508,000","65,677,000","63,514,000","65,130,000","67,418,000","65,058,000","60,424,000","64,229,000","66,006,000","70,733,000","65,799,000","61,504,000","65,352,000","69,034,000","60,453,000","61,921,000","55,885,000","59,734,000","44,170,000","49,622,000","51,649,000","36,968,000","30,702,000","43,836,000","24,673,000","55,979,000","64,167,000","43,692,000","55,898,000","55,574,000","51,496,000","57,017,000","54,548,000","55,333,000","52,944,000","56,242,000","62,791,000","54,368,000","49,846,000","52,660,000","62,519,000","53,838,000","51,324,000","53,861,000","54,948,000","50,487,000","47,228,000","51,465,000","51,015,000","50,106,000","46,912,000","46,796,000","45,518,000","45,783,000","43,877,000","46,223,000","45,493,000","45,603,000","41,255,000","44,300,000","41,400,000","41,800,000","38,700,000","40,400,000","37,700,000","37,500,000","34,500,000","36,700,000","34,200,000","32,300,000","29,400,000","32,400,000","30,900,000","28,900,000","27,300,000","28,200,000","27,600,000","26,800,000","25,000,000","24,300,000","25,200,000","24,600,000","22,000,000","23,100,000","21,500,000","21,400,000","21,000,000","18,300,000","19,000,000","18,100,000","16,300,000","15,400,000","15,200,000","14,800,000","14,400,000","14,300,000","14,900,000","14,300,000","16,000,000","14,200,000","14,800,000","15,300,000",,,,,,,,,,,,,,,
BasicEPS,,"0.97","0.94","1","1.314","1.067","1.057","1.016","0.308","0.399","0.853","0.847","0.829","0.734","0.829","0.847","0.839","0.757","0.708","0.556","0.588","0.533","0.533","0.515","0.522","0.485","0.47","0.476","0.533","0.434","0.441","0.487","0.474","0.453","0.467","0.483","0.464","0.432","0.471","0.46","0.516","0.454",,"0.444","0.468","0.403",,"0.373","0.401","0.295",,"0.35","0.255","0.217",,"0.172","0.394","0.455",,"0.394","0.385","0.356",,"0.376","0.38","0.362",,"0.414","0.353","0.323",,"0.41","0.332","0.316",,"0.328","0.301","0.281",,"0.298","0.286","0.271",,"0.262","0.258","0.251",,"0.256","0.256","0.226",,"0.221","0.221","0.204",,"0.215","0.198","0.181",,"0.181","0.17","0.157",,"0.16","0.15","0.14",,"0.136","0.129","0.129",,"0.133","0.129","0.116",,"0.112","0.112","0.112",,"0.102","0.102","0.095",,"0.092","0.092","0.092",,"0.092","0.085","0.102",,"0.092","0.092","0.092",,,,"0.065",,,,"0.055",,,,"0.055",,
DilutedEPS,,"0.97","0.94","1","1.314","1.057","1.057","1.007","0.308","0.399","0.844","0.847","0.829","0.734","0.829","0.847","0.831","0.757","0.708","0.556","0.588","0.533","0.533","0.507","0.522","0.485","0.47","0.469","0.533","0.434","0.441","0.487","0.474","0.453","0.467","0.483","0.464","0.432","0.464","0.46","0.516","0.454",,"0.444","0.462","0.403",,"0.373","0.395","0.295",,"0.35","0.255","0.212",,"0.172","0.389","0.45",,"0.39","0.38","0.351",,"0.371","0.376","0.357",,"0.41","0.349","0.318",,"0.406","0.328","0.312",,"0.328","0.297","0.277",,"0.294","0.283","0.268",,"0.255","0.258","0.248",,"0.253","0.253","0.226",,"0.218","0.218","0.201",,"0.208","0.194","0.177",,"0.177","0.17","0.153",,"0.157","0.15","0.14",,"0.136","0.129","0.129",,"0.133","0.129","0.116",,"0.112","0.112","0.112",,"0.102","0.102","0.095",,"0.092","0.092","0.092",,"0.092","0.085","0.102",,"0.092","0.092","0.092",,,,"0.065",,,,"0.055",,,,"0.055",,
BasicAverageShares,,"121,808,247","122,240,426","122,561,000","123,508,913","122,786,250","122,867,973","123,029,156","121,965,684","124,299,358","122,717,633","126,384,300","127,484,659","129,229,084","129,511,709","130,196,061","128,795,996","130,447,602","130,179,306","129,990,176","130,538,078","129,981,770","130,122,536","128,756,001","129,497,271","130,141,842","130,733,775","130,969,547","135,274,882","135,646,787","137,249,029","136,223,444","140,423,697","141,820,287","141,139,820","141,117,088","141,784,935","139,946,869","141,938,031","142,026,580","142,808,449","143,702,712",,"147,071,181","147,589,459","147,887,913",,"149,793,180","149,038,116","149,665,989",,"147,563,474","145,226,411","142,747,411",,"143,678,978","142,095,629","141,921,497",,"141,716,985","144,417,943","144,670,926",,"145,209,077","145,524,096","146,291,281",,"151,492,760","153,842,533","154,389,115",,"152,441,163","161,959,458","162,522,797",,"167,290,192","167,865,966","168,088,456",,"171,339,218","174,929,125","172,877,086",,"173,714,308","177,152,396","174,628,115",,"177,438,515","177,867,553","182,850,956",,"186,913,352","188,719,278","189,284,133",,"175,612,159","189,739,250","191,028,109",,"189,366,995","189,577,223","187,561,790",,"192,936,233","192,752,168","195,403,526",,"202,490,503","206,969,295","193,068,372",,"189,622,673","189,979,278","189,889,206",,"191,197,211","190,307,921","186,750,764",,"185,860,389","177,056,476","170,838,261",,"165,209,870","160,862,242","156,514,614",,"161,949,149","167,861,444","156,514,785",,"160,862,242","166,296,777","172,605,970",,,,"180,066,281",,,,"183,701,981",,,,"183,760,815",,
DilutedAverageShares,,"121,808,247","122,240,426","122,561,000","123,508,913","122,786,250","122,867,973","123,029,156","122,263,785","124,299,358","123,492,246","126,384,300","127,484,659","129,229,084","129,511,709","130,196,061","128,879,419","130,447,602","130,179,306","129,990,176","130,538,078","129,981,770","130,122,536","128,756,001","129,497,271","130,141,842","130,733,775","130,969,547","135,274,882","135,646,787","137,249,029","136,223,444","140,423,697","141,820,287","141,139,820","141,117,088","141,784,935","140,308,329","141,938,031","142,026,580","142,808,449","144,248,392",,"147,071,181","148,674,669","148,519,028",,"149,793,180","149,747,479","149,665,989",,"147,563,474","145,226,411","143,322,534",,"143,678,978","143,941,027","143,341,108",,"143,466,577","146,246,019","146,652,720",,"147,001,782","147,298,780","148,166,811",,"153,104,385","155,765,565","156,504,034",,"154,080,315","164,009,578","164,689,767",,"167,290,192","170,104,179","170,489,720",,"173,535,875","177,261,513","175,311,975",,"178,607,669","177,152,396","177,158,957",,"179,836,332","180,271,168","182,850,956",,"189,834,407","191,668,556","192,492,452",,"181,370,571","193,068,121","194,702,407",,"193,009,343","189,577,223","191,729,981",,"197,131,269","192,752,168","195,403,526",,"202,490,503","206,969,295","193,068,372",,"189,622,673","189,979,278","189,889,206",,"191,197,211","190,307,921","186,750,764",,"185,860,389","177,056,476","170,838,261",,"165,209,870","160,862,242","156,514,614",,"161,949,149","167,861,444","156,514,785",,"160,862,242","166,296,777","172,605,970",,,,"180,066,281",,,,"183,701,981",,,,"183,760,815",,
NetIncomeFromContinuingAndDiscontinuedOperation,"517,947,000","118,154,000","114,906,000","122,561,000","162,326,000","130,972,000","129,889,000","132,448,000","39,863,000","51,857,000","106,880,000","109,242,000","107,971,000","97,138,000","109,652,000","112,576,000","110,330,000","100,984,000","94,355,000","74,564,000","78,960,000","71,504,000","71,579,000","68,545,000","69,893,000","65,374,000","63,710,000","64,612,000","74,353,000","61,055,000","62,725,000","68,185,000","66,531,000","64,313,000","65,915,000","68,224,000","65,805,000","61,017,000","66,791,000","66,006,000","70,733,000","65,799,000","61,504,000","65,352,000","69,034,000","60,453,000","61,921,000","55,885,000","59,734,000","44,170,000","49,622,000","51,649,000","36,968,000","30,836,000","43,836,000","24,673,000","55,979,000","64,167,000","43,692,000","55,898,000","55,574,000","51,496,000","57,017,000","54,548,000","55,333,000","52,944,000","56,242,000","62,791,000","54,368,000","49,846,000","52,660,000","62,519,000","53,838,000","51,324,000","53,861,000","54,948,000","50,487,000","47,228,000","51,465,000","51,015,000","50,106,000","46,912,000","46,796,000","45,518,000","45,783,000","43,877,000","46,223,000","45,493,000","45,603,000","41,255,000","44,300,000","41,400,000","41,800,000","38,700,000","40,400,000","37,700,000","37,500,000","34,500,000","36,700,000","34,200,000","32,300,000","29,400,000","32,400,000","30,900,000","28,900,000","27,300,000","28,200,000","27,600,000","26,800,000","25,000,000","24,300,000","25,200,000","24,600,000","22,000,000","23,100,000","21,500,000","21,400,000","21,000,000","18,300,000","19,000,000","18,100,000","16,300,000","15,400,000","15,200,000","14,800,000","14,400,000","14,300,000","14,900,000","14,300,000","14,000,000","14,200,000","14,800,000","15,300,000",,,,,,,,,,,,,,,
NormalizedIncome,"517,947,000","118,154,000","114,906,000","122,561,000","162,326,000","130,972,000","129,889,000","132,448,000","39,863,000","51,857,000","106,880,000","109,242,000","107,971,000","97,138,000","109,652,000","112,576,000","110,330,000","100,984,000","94,355,000","74,564,000","78,960,000","71,504,000","71,579,000","68,545,000","69,893,000","65,374,000","63,710,000","64,612,000","74,353,000","61,055,000","62,725,000","68,185,000","66,531,000","64,313,000","65,915,000","68,224,000","65,805,000","61,017,000","65,923,749.509","66,381,979.644","69,832,626.346","66,013,375.038","52,944,113.558","65,913,402.127","67,703,023.722","60,453,000","61,921,000","55,885,000","59,734,000","44,170,000","49,622,000","51,649,000","36,968,000","30,836,000","43,836,000","24,673,000","55,979,000","72,418,347.762","43,692,000","55,898,000","55,574,000","51,496,000","57,017,000","54,548,000","55,333,000","52,944,000","56,242,000","62,791,000","54,368,000","49,846,000","52,660,000","62,519,000","53,838,000","51,324,000","53,861,000","54,948,000","50,487,000","47,228,000","51,465,000","51,015,000","50,106,000","46,912,000","46,796,000","45,518,000","45,783,000","43,877,000","46,223,000","45,493,000","45,603,000","41,255,000","44,300,000","41,400,000","41,800,000","38,700,000","40,400,000","37,700,000","37,500,000","34,500,000","36,700,000","34,200,000","32,300,000","29,400,000","32,400,000","30,900,000","28,900,000","27,300,000","28,200,000","27,600,000","26,800,000","25,000,000","24,300,000","25,200,000","24,600,000","22,000,000","23,100,000","21,500,000","21,400,000","21,000,000","18,300,000","19,000,000","18,100,000","16,300,000","15,400,000","15,200,000","14,800,000","14,400,000","14,300,000","14,900,000","14,300,000","14,000,000","14,200,000","14,800,000","15,300,000",,,,,,,,,,,,,,,
InterestIncome,"850,375,000","211,782,000","210,479,000","216,981,000","211,133,000","209,697,000","214,726,000","223,114,000","213,323,000","221,485,000","226,665,000","231,743,000","238,412,000","227,865,000","232,832,000","224,751,000","225,623,000","205,995,000","201,572,000","194,244,000","193,594,000","187,997,000","181,498,000","179,361,000","180,065,000","172,128,000","169,742,000","169,115,000","170,577,000","152,982,000","158,916,000","161,811,000","167,567,000","159,998,000","162,141,000","162,144,000","167,255,000","158,745,000","170,185,000","163,194,000","174,624,000","169,966,000","173,223,000","170,835,000","178,087,000","175,826,000","177,436,000","178,916,000","185,057,000","188,069,000","194,999,000","201,647,000","198,992,000","193,874,000","209,628,000","209,464,000","208,204,000","222,553,000","236,752,000","238,274,000","232,808,000","228,267,000","228,159,000","216,270,000","199,250,000","188,627,000","185,343,000","178,570,000","172,800,000","160,853,000","157,271,000","151,592,000","152,440,000","148,787,000","153,649,000","148,529,000","159,648,000","155,584,000","161,907,000","163,760,000","162,873,000","163,742,000","172,506,000","184,545,000","192,726,000","201,185,000","206,095,000","206,771,000","202,472,000","196,830,000","192,500,000","189,400,000","184,200,000","184,500,000","187,300,000","183,500,000","180,200,000","177,600,000","178,100,000","173,700,000","168,300,000","162,800,000","164,600,000","161,100,000","159,700,000","162,100,000","164,600,000","164,100,000","160,700,000","141,600,000","134,900,000","127,900,000","121,500,000","116,100,000","116,500,000","115,400,000","114,300,000","114,200,000","112,000,000","112,300,000","112,500,000","113,900,000","122,700,000","127,300,000","127,300,000","131,700,000","136,200,000","135,400,000","128,900,000","126,500,000","130,000,000","127,100,000","122,100,000",,,,,,,,,,,,,,,
InterestExpense,"11,913,000","2,996,000","2,822,000","2,944,000","3,151,000","3,949,000","4,963,000","7,152,000","10,266,000","20,420,000","24,006,000","28,231,000","26,778,000","24,377,000","20,612,000","16,997,000","14,664,000","13,103,000","11,564,000","11,653,000","10,787,000","9,724,000","8,296,000","8,118,000","8,236,000","8,353,000","7,255,000","7,077,000","6,920,000","6,844,000","6,987,000","7,095,000","7,074,000","6,932,000","7,276,000","7,438,000","7,797,000","8,402,000","8,932,000","9,383,000","9,519,000","10,229,000","11,466,000","12,205,000","13,377,000","14,853,000","16,759,000","19,479,000","21,949,000","25,359,000","30,496,000","38,108,000","41,547,000","43,859,000","53,339,000","57,900,000","63,425,000","82,446,000","99,285,000","103,012,000","98,944,000","96,788,000","93,927,000","87,517,000","72,771,000","64,892,000","58,337,000","52,738,000","45,413,000","39,376,000","33,069,000","27,908,000","25,979,000","25,803,000","26,142,000","26,541,000","30,961,000","31,374,000","33,977,000","36,979,000","38,485,000","43,149,000","55,155,000","68,531,000","75,077,000","84,289,000","86,329,000","86,087,000","81,462,000","77,637,000","72,700,000","70,400,000","69,100,000","72,300,000","75,500,000","76,900,000","75,000,000","73,500,000","73,100,000","72,600,000","70,400,000","69,000,000","69,900,000","69,600,000","69,800,000","72,600,000","73,600,000","73,600,000","69,800,000","58,300,000","52,400,000","47,300,000","43,700,000","42,300,000","43,400,000","43,900,000","43,700,000","45,000,000","44,800,000","49,100,000","52,500,000","56,600,000","66,600,000","70,000,000","72,300,000","77,300,000","81,300,000","81,800,000","76,900,000","74,600,000","77,700,000","75,800,000","70,900,000",,,,,,,,,,,,,,,
NetInterestIncome,"838,462,000","208,786,000","207,657,000","214,037,000","207,982,000","205,748,000","209,763,000","215,962,000","203,057,000","201,065,000","202,659,000","203,512,000","211,634,000","203,488,000","212,220,000","207,754,000","210,959,000","192,892,000","190,008,000","182,591,000","182,807,000","178,273,000","173,202,000","171,243,000","171,829,000","163,775,000","162,487,000","162,038,000","163,657,000","146,138,000","151,929,000","154,716,000","160,493,000","153,066,000","154,865,000","154,706,000","159,458,000","150,343,000","161,253,000","153,811,000","165,105,000","159,737,000","161,757,000","158,630,000","164,710,000","160,973,000","160,677,000","159,437,000","163,108,000","162,710,000","164,503,000","163,539,000","157,445,000","150,015,000","156,289,000","151,564,000","144,779,000","140,107,000","137,467,000","135,262,000","133,864,000","131,479,000","134,232,000","128,753,000","126,479,000","123,735,000","127,006,000","125,832,000","127,387,000","121,477,000","124,202,000","123,684,000","126,461,000","122,984,000","127,507,000","121,988,000","128,687,000","124,210,000","127,930,000","126,781,000","124,388,000","120,593,000","117,351,000","116,014,000","117,649,000","116,896,000","119,766,000","120,684,000","121,010,000","119,193,000","119,800,000","119,000,000","115,100,000","112,200,000","111,800,000","106,600,000","105,200,000","104,100,000","105,000,000","101,100,000","97,900,000","93,800,000","94,700,000","91,500,000","89,900,000","89,500,000","91,000,000","90,500,000","90,900,000","83,300,000","82,500,000","80,600,000","77,800,000","73,800,000","73,100,000","71,500,000","70,600,000","69,200,000","67,200,000","63,200,000","60,000,000","57,300,000","56,100,000","57,300,000","55,000,000","54,400,000","54,900,000","53,600,000","52,000,000","51,900,000","52,300,000","51,300,000","51,200,000",,,,,,,,,,,,,,,
ReconciledDepreciation,"45,298,000","11,811,000","11,312,000","11,029,000","11,146,000","11,379,000","11,307,000","11,142,000","10,739,000","10,581,000","10,416,000","10,432,000","10,331,000","9,966,000","9,855,000","9,644,000","9,560,000","9,620,000","10,211,000","9,631,000","9,871,000","10,019,000","9,932,000","10,308,000","10,543,000","10,146,000","10,703,000","10,813,000","10,593,000","10,694,000","10,742,000","10,528,000","10,525,000","10,508,000","10,792,000","10,335,000","10,393,000","10,424,000","10,883,000","10,718,000","10,826,000","11,021,000","11,462,000","11,549,000","11,864,000","11,868,000","12,033,000","12,027,000","12,300,000","12,564,000","13,180,000","12,898,000","12,777,000","12,659,000","12,705,000","9,383,000",,,"15,111,000","14,996,000","14,873,000","14,887,000","16,096,000","15,230,000","14,714,000","14,714,000","15,434,000","14,311,000","11,896,000","17,407,000","16,227,000","16,588,000","14,916,000","19,671,000","14,971,000","21,444,000","16,160,000","18,449,000","15,843,000","12,479,000","13,268,000","12,633,000","6,726,000","14,973,000","12,399,000","10,793,000","5,607,000","12,042,000","12,370,000","10,977,000","9,100,000","12,600,000","10,300,000","11,200,000","5,800,000","9,800,000","10,500,000","9,900,000","9,800,000","12,800,000","8,500,000","8,500,000","15,300,000","9,300,000","15,600,000","11,100,000","11,600,000","13,400,000","14,100,000","11,000,000","14,700,000","14,500,000","13,700,000","13,200,000","15,800,000","13,500,000","22,200,000","5,900,000","5,600,000","5,700,000","4,600,000","4,500,000","8,900,000","5,100,000","4,800,000","4,600,000","4,900,000","2,900,000","4,900,000","5,500,000","-200,000","4,800,000",,,,,,,,,,,,,,,,
NetIncomeFromContinuingOperationNetMinorityInterest,"517,947,000","118,154,000","114,906,000","122,561,000","162,326,000","130,972,000","129,889,000","132,448,000","39,863,000","51,857,000","106,880,000","109,242,000","107,971,000","97,138,000","109,652,000","112,576,000","110,330,000","100,984,000","94,355,000","74,564,000","78,960,000","71,504,000","71,579,000","68,545,000","69,893,000","65,374,000","63,710,000","64,612,000","74,353,000","61,055,000","62,725,000","68,185,000","66,531,000","64,313,000","65,915,000","68,224,000","65,805,000","61,017,000","66,791,000","66,006,000","70,733,000","65,799,000","61,504,000","65,352,000","69,034,000","60,453,000","61,921,000","55,885,000","59,734,000","44,170,000","49,622,000","51,649,000","36,968,000","30,836,000","43,836,000","24,673,000","55,979,000","64,167,000","43,692,000","55,898,000","55,574,000","51,496,000","57,017,000","54,548,000","55,333,000","52,944,000","56,242,000","62,791,000","54,368,000","49,846,000","52,660,000","62,519,000","53,838,000","51,324,000","53,861,000","54,948,000","50,487,000","47,228,000","51,465,000","51,015,000","50,106,000","46,912,000","46,796,000","45,518,000","45,783,000","43,877,000","46,223,000","45,493,000","45,603,000","41,255,000","44,300,000","41,400,000","41,800,000","38,700,000","40,400,000","37,700,000","37,500,000","34,500,000","36,700,000","34,200,000","32,300,000","29,400,000","32,400,000","30,900,000","28,900,000","27,300,000","28,200,000","27,600,000","26,800,000","25,000,000","24,300,000","25,200,000","24,600,000","22,000,000","23,100,000","21,500,000","21,400,000","21,000,000","18,300,000","19,000,000","18,100,000","16,300,000","15,400,000","15,200,000","14,800,000","14,400,000","14,300,000","14,900,000","14,300,000","14,000,000","14,200,000","14,800,000","15,300,000",,,,,,,,,,,,,,,
TotalUnusualItemsExcludingGoodwill,,,,,,,,,,,,,,,,,,,,,,,,,,,,,,,,,,,,,,,"1,227,000","-557,000","1,336,000","-320,000","12,567,000","-831,000","1,956,000",,,"0",,,,,"0",,,,,"-12,195,000",,,,,,,,,,,,,,,,,,,,,,,,,,,,,,,,,,,,,,,,,,,,,,,,,,,,,,,,,,,,,,,,,,,,,,,,,,,,,,,,,,,,,,,,,,
TotalUnusualItems,,,,,,,,,,,,,,,,,,,,,,,,,,,,,,,,,,,,,,,"1,227,000","-557,000","1,336,000","-320,000","12,567,000","-831,000","1,956,000",,,"0",,,,,"0",,,,,"-12,195,000",,,,,,,,,,,,,,,,,,,,,,,,,,,,,,,,,,,,,,,,,,,,,,,,,,,,,,,,,,,,,,,,,,,,,,,,,,,,,,,,,,,,,,,,,,
TaxRateForCalcs,"0.216","0.213","0.226","0.221","0.218","0.197","0.2","0.206","0.195","0.164","0.208","0.21","0.211","0.191","0.193","0.191","0.211","0.187","0.175","0.302","0.296","0.258","0.309","0.311","0.311","0.31","0.3","0.304","0.304","0.318","0.314","0.314","0.313","0.315","0.316","0.324","0.314","0.322","0.293","0.325","0.326","0.33","0.319","0.324","0.32","0.311","0.282","0.317","0.314","0.296","0.303","0.313","0.293","0.307","0.288","0.279","0.326","0.323","0.294","0.313","0.322","0.314","0.311","0.314","0.331","0.328","0.264","0.229","0.352","0.343","0.272","0.172","0.355","0.357","0.293","0.246","0.319","0.306","0.309","0.33","0.328","0.314","0.307","0.322","0.333","0.336","0.338","0.317","0.341","0.338","0.302","0.341","0.339","0.337","0.314","0.344","0.333","0.348","0.332","0.346","0.342","0.357","0.355","0.327","0.346","0.353","0.347","0.37","0.366","0.365","0.359","0.376","0.313","0.345","0.358","0.386","0.359","0.362","0.367","0.354","0.36","0.353","0.328","0.348","0.345","0.351","0.347","0.344","0.344","0.343","0.327","0.327","0.335",,,,,,,,,,,,,,,
TaxEffectOfUnusualItems,"0","0","0","0","0","0","0","0","0","0","0","0","0","0","0","0","0","0","0","0","0","0","0","0","0","0","0","0","0","0","0","0","0","0","0","0","0","0","359,749.509","-181,020.356","435,626.346","-105,624.962","4,007,113.558","-269,597.873","625,023.722","0","0","0","0","0","0","0","0","0","0","0","0","-3,943,652.238","0","0","0","0","0","0","0","0","0","0","0","0","0","0","0","0","0","0","0","0","0","0","0","0","0","0","0","0","0","0","0","0","0","0","0","0","0","0","0","0","0","0","0","0","0","0","0","0","0","0","0","0","0","0","0","0","0","0","0","0","0","0","0","0","0","0","0","0","0","0","0","0","0","0","0",,,,,,,,,,,,,,,