name,ttm,03/31/2022,12/31/2021,09/30/2021,06/30/2021,03/31/2021,12/31/2020,09/30/2020,06/30/2020,03/31/2020,12/31/2019,09/30/2019,06/30/2019,03/31/2019,12/31/2018,09/30/2018,06/30/2018,03/31/2018,12/31/2017,09/30/2017,06/30/2017,03/31/2017,12/31/2016,09/30/2016,06/30/2016,03/31/2016,12/31/2015,09/30/2015,06/30/2015,03/31/2015,12/31/2014,09/30/2014,06/30/2014,03/31/2014,12/31/2013,09/30/2013,06/30/2013,03/31/2013,12/31/2012,09/30/2012,06/30/2012,03/31/2012,12/31/2011,09/30/2011,06/30/2011,03/31/2011,12/31/2010,09/30/2010,06/30/2010,03/31/2010,12/31/2009,09/30/2009,06/30/2009,03/31/2009,12/31/2008,09/30/2008,06/30/2008,03/31/2008,12/31/2007,09/30/2007,06/30/2007,03/31/2007,12/31/2006,09/30/2006,06/30/2006,03/31/2006,12/31/2005,09/30/2005,06/30/2005,03/31/2005,12/31/2004,09/30/2004,06/30/2004,03/31/2004,12/31/2003,09/30/2003,06/30/2003,03/31/2003,12/31/2002,09/30/2002,06/30/2002,03/31/2002,12/31/2001,09/30/2001,06/30/2001,03/31/2001,09/30/1998,06/30/1998,03/31/1998,12/31/1997,09/30/1997,06/30/1997,03/31/1997,12/31/1996,09/30/1996,06/30/1996,03/31/1996,12/31/1995,09/30/1995,06/30/1995,03/31/1995,12/31/1994,09/30/1994,06/30/1994,03/31/1994,12/31/1993,09/30/1993,06/30/1993,03/31/1993,12/31/1992,09/30/1992,06/30/1992,03/31/1992,12/31/1991,09/30/1991,06/30/1991,03/31/1991,12/31/1990,09/30/1990,06/30/1990,03/31/1990,12/31/1989,09/30/1989,06/30/1989,03/31/1989,12/31/1988,09/30/1988,06/30/1988,03/31/1988,12/31/1987,09/30/1987,06/30/1987,03/31/1987,12/31/1986,09/30/1986,06/30/1986,03/31/1986,12/31/1985,09/30/1985
TotalRevenue,"819,115,000","188,404,000","207,884,000","207,969,000","214,858,000","202,117,000","228,317,000","229,728,000","154,249,000","173,167,000","195,040,000","199,469,000","162,123,000","154,870,000","143,855,000","148,795,000","169,987,000","163,267,000","154,143,000","175,963,000","173,354,000","206,138,000","159,136,000","176,247,000","182,007,000","148,387,000","164,316,000","162,552,000","166,263,000","152,956,000","140,609,000","170,938,000","164,562,000","159,633,000","168,847,000","200,825,000","204,525,000","171,797,000","205,929,000","230,593,000","254,406,000","204,564,000","246,911,000","343,575,000","231,090,000","199,624,000","207,586,000","118,564,000","101,018,000","87,505,000","98,182,000","89,793,000","73,207,000","49,793,000","42,392,000","39,763,000","50,024,000","57,286,000","59,931,000","52,863,000","51,664,000","50,860,000","67,072,000","50,606,000","54,041,000","44,854,000","51,532,000","44,099,000","38,557,000","38,149,000","46,066,000","31,267,000","27,114,000","28,271,000","28,541,000","23,701,000","26,214,000","29,001,000","28,829,000","26,534,000","22,129,000","16,997,000","19,469,000","16,224,000","20,051,000","18,022,000","23,890,000","32,256,000","21,166,000","42,280,000","38,628,000","33,700,000","24,500,000","29,800,000","21,600,000","18,800,000","22,600,000","22,900,000","24,800,000","23,600,000","21,000,000","35,200,000","23,500,000","25,300,000","24,500,000","26,500,000","23,800,000","18,700,000","12,000,000","13,500,000","12,100,000","13,600,000","12,300,000","22,800,000","12,400,000","11,600,000","12,400,000","12,300,000","15,800,000","11,500,000","12,500,000","18,600,000","22,400,000","16,100,000","14,100,000","14,300,000","30,800,000","17,700,000","15,400,000","20,400,000","22,100,000","9,300,000","4,600,000","6,700,000","3,600,000","1,300,000","1,300,000","1,500,000","1,500,000"
	OperatingRevenue,"819,115,000","188,404,000","207,884,000","207,969,000","214,858,000","202,117,000","228,317,000","229,728,000","154,249,000","173,167,000","195,040,000","199,469,000","162,123,000","154,870,000","143,855,000","148,795,000","169,987,000","163,267,000","154,143,000","175,963,000","173,354,000","206,138,000","159,136,000","176,247,000","182,007,000","148,387,000","164,316,000","162,552,000","166,263,000","152,956,000","140,609,000","170,938,000","164,562,000","159,633,000","168,847,000","200,825,000","204,525,000","171,797,000","205,929,000","230,593,000","254,406,000","204,564,000","246,911,000","343,575,000","231,090,000","199,624,000","207,586,000","118,564,000","101,018,000","87,505,000","98,182,000","89,793,000","73,207,000","49,793,000","42,392,000","39,763,000","50,024,000","57,286,000","59,931,000","52,863,000","51,664,000","50,860,000","67,072,000","50,606,000","54,041,000","44,854,000","56,882,000","42,047,000","37,200,000","36,208,000","44,003,000","30,211,000","26,381,000","28,271,000","29,612,000","23,375,000","25,731,000","29,001,000","34,030,000","24,424,000","19,565,000","16,469,000","16,757,000","16,224,000","18,213,000","18,006,000","23,890,000","32,256,000","21,166,000","42,280,000","38,628,000","33,700,000","24,500,000","29,800,000","21,600,000","18,800,000","22,600,000","22,900,000","24,800,000","23,600,000","21,000,000","35,200,000","23,500,000","25,300,000","24,500,000","26,500,000","23,800,000","18,700,000","12,000,000","13,500,000","12,100,000","13,600,000","12,300,000","22,800,000","12,400,000","11,600,000","12,400,000","12,300,000","15,800,000","11,500,000","12,500,000","18,600,000","22,400,000","16,100,000","14,100,000","14,300,000","30,800,000","17,700,000","15,400,000","20,400,000","22,100,000","9,300,000","4,600,000","6,700,000","3,600,000","1,300,000","1,300,000","1,500,000","1,500,000"
CostOfRevenue,"661,470,000","159,700,000","171,900,000","165,302,000","164,568,000","138,084,000","153,764,000","144,988,000","117,891,000","155,079,000","194,749,000","186,630,000","175,152,000","173,526,000","153,560,000","148,041,000","137,705,000","130,117,000","102,672,000","152,754,000","158,567,000","172,816,000","132,042,000","133,171,000","137,970,000","129,519,000","161,448,000","155,734,000","158,071,000","148,152,000","165,055,000","167,895,000","160,109,000","147,355,000","164,142,000","192,602,000","200,577,000","139,220,000","159,810,000","177,811,000","192,847,000","145,146,000","167,293,000","199,905,000","134,743,000","142,515,000","132,957,000","98,203,000","88,573,000","81,255,000","93,476,000","88,948,000","71,849,000","37,522,000","44,678,000","36,518,000","29,598,000","29,027,000","34,276,000","41,499,000","29,289,000","23,902,000","31,776,000","24,487,000","23,521,000","22,067,000","24,011,000","30,478,000","22,719,000","24,377,000","10,438,000","25,401,000","23,444,000","20,508,000","24,439,000","20,466,000","20,140,000","19,342,000","25,689,000","25,952,000","18,205,000","19,464,000","19,929,000","18,778,000","20,273,000","20,215,000","25,665,000","32,507,000","21,540,000","40,940,000","43,069,000","31,500,000","21,500,000","30,200,000","14,800,000","13,400,000","17,500,000","17,800,000","16,400,000","14,800,000","14,800,000","18,500,000","15,800,000","14,800,000","15,600,000","15,100,000","15,200,000","13,700,000","9,800,000","10,900,000","9,800,000","11,000,000","9,200,000","16,700,000","8,800,000","8,600,000","9,900,000","7,500,000","13,500,000","7,900,000","6,500,000","8,200,000","17,200,000","9,300,000",,,,,,,,,,,,,,,
GrossProfit,"157,645,000","28,704,000","35,984,000","42,667,000","50,290,000","64,033,000","74,553,000","84,740,000","36,358,000","18,088,000","291,000","12,839,000","-13,029,000","-18,656,000","-9,705,000","754,000","32,282,000","33,150,000","51,471,000","23,209,000","14,787,000","33,322,000","27,094,000","43,076,000","44,037,000","18,868,000","2,868,000","6,818,000","8,192,000","4,804,000","-24,446,000","3,043,000","4,453,000","12,278,000","4,705,000","8,223,000","3,948,000","32,577,000","46,119,000","52,782,000","61,559,000","59,418,000","79,618,000","143,670,000","96,347,000","57,109,000","74,629,000","20,361,000","12,445,000","6,250,000","4,706,000","845,000","1,358,000","12,271,000","-2,286,000","3,245,000","20,426,000","28,259,000","25,655,000","11,364,000","22,375,000","26,958,000","35,296,000","26,119,000","30,520,000","22,787,000","27,521,000","13,621,000","15,838,000","13,772,000","35,628,000","5,866,000","3,670,000","7,763,000","4,102,000","3,235,000","6,074,000","9,659,000","3,140,000","582,000","3,924,000","-2,467,000","-460,000","-2,554,000","-222,000","-2,193,000","-1,775,000","-251,000","-374,000","1,340,000","-4,441,000","2,200,000","3,000,000","-400,000","6,800,000","5,400,000","5,100,000","5,100,000","8,400,000","8,800,000","6,200,000","16,700,000","7,700,000","10,500,000","8,900,000","11,400,000","8,600,000","5,000,000","2,200,000","2,600,000","2,300,000","2,600,000","3,100,000","6,100,000","3,600,000","3,000,000","2,500,000","4,800,000","2,300,000","3,600,000","6,000,000","10,400,000","5,200,000","6,800,000",,,,,,,,,,,,,,,
OperatingExpense,"135,274,000","19,153,000","63,081,000","27,161,000","35,651,000","34,932,000","35,406,000","35,606,000","39,146,000","21,861,000","19,637,000","20,379,000","17,803,000","17,622,000","15,367,000","24,007,000","17,699,000","19,712,000","18,489,000","25,187,000","19,221,000","19,966,000","16,008,000","15,310,000","13,997,000","14,211,000","14,370,000","13,744,000","14,297,000","19,863,000","20,837,000","19,346,000","23,311,000","25,097,000","21,746,000","23,500,000","22,773,000","21,553,000","12,605,000","17,500,000","15,172,000","15,231,000","18,094,000","16,279,000","17,008,000","18,567,000","11,209,000","9,885,000","10,585,000","9,237,000","8,680,000","8,072,000","9,276,000","11,375,000","24,573,000","11,227,000","23,995,000","19,972,000","11,600,000","8,601,000","11,463,000","13,195,000","12,636,000","10,581,000","11,517,000","11,408,000","23,238,000","9,071,000","16,788,000","12,692,000","31,392,000","8,128,000","7,839,000","10,795,000","66,484,000","6,032,000","10,438,000","10,443,000","30,411,000","3,874,000","5,997,000","3,983,000","5,016,000","5,239,000","4,712,000","5,094,000","3,259,000","3,141,000","2,864,000","3,926,000","2,688,000","10,100,000","10,300,000","2,200,000","9,500,000","9,800,000","6,300,000","5,500,000","7,300,000","7,700,000","9,900,000","7,300,000","7,200,000","8,900,000","8,900,000","10,700,000","8,900,000","7,100,000","5,100,000","5,000,000","4,700,000","4,900,000","4,100,000","22,600,000","4,000,000","5,200,000","4,400,000","12,100,000","3,200,000","4,100,000","4,000,000","4,300,000","5,600,000","5,600,000",,,,,,,,,,,,,,,
	SellingGeneralAndAdministration,"39,117,000","10,272,000","9,635,000","8,743,000","10,467,000","11,554,000","8,429,000","7,757,000","8,616,000","8,920,000","7,634,000","9,635,000","7,750,000","9,474,000","7,162,000","7,729,000","7,650,000","8,804,000","9,029,000","7,412,000","7,042,000","10,133,000","6,587,000","7,113,000","7,400,000","8,276,000","8,855,000","6,694,000","8,451,000","8,834,000","9,036,000","8,515,000","9,398,000","13,896,000","13,851,000","16,240,000","15,026,000","10,227,000","6,521,000","10,266,000","8,594,000","7,596,000","28,526,000","8,236,000","1,827,000","12,231,000","5,308,000","5,963,000","6,859,000","6,717,000","4,159,000","4,905,000","5,485,000","7,548,000","5,683,000","4,606,000","17,689,000","14,309,000","7,285,000","4,706,000","5,710,000","6,174,000","5,707,000","4,045,000","4,528,000","5,090,000","16,725,000","4,233,000","11,915,000","8,031,000","27,073,000","3,266,000","3,066,000","3,608,000","4,023,000","2,776,000","2,409,000","3,055,000","3,082,000","1,155,000","2,464,000","2,105,000","1,713,000","2,561,000","2,163,000","2,277,000","3,259,000","3,141,000","2,864,000","3,926,000","2,688,000","3,600,000","3,300,000","-2,000,000","5,800,000","4,700,000","3,100,000","1,400,000","3,000,000","3,200,000","5,900,000","3,100,000","2,700,000","4,400,000","4,500,000","5,600,000","3,200,000","4,000,000","3,600,000","3,500,000","3,100,000","3,500,000","2,800,000","20,900,000","2,500,000","3,800,000","2,900,000","10,400,000","1,400,000","2,500,000","2,300,000","100,000","3,100,000","3,400,000",,,,,,,,,,,,,,,
		GeneralAndAdministrativeExpense,"39,117,000","10,272,000","9,635,000","8,743,000","10,467,000","11,554,000","8,429,000","7,757,000","8,616,000","8,920,000","7,634,000","9,635,000","7,750,000","9,474,000","7,162,000","7,729,000","7,650,000","8,804,000","9,029,000","7,412,000","7,042,000","10,133,000","6,587,000","7,113,000","7,400,000","8,276,000","8,855,000","6,694,000","8,451,000","8,834,000","9,036,000","8,515,000","9,398,000","13,896,000","13,851,000","16,240,000","15,026,000","10,227,000",,,,,,,,,,,,,,,,,,,,,,,,,,,,,,,,,,,,,,,,,,,,,,,,,,,,,,,,,,,,,,,,,,,,,,,,,,,,,,,,,,,,,,,,,,,,,,,,,,,,,
			OtherGandA,"39,117,000","10,272,000","9,635,000","8,743,000","10,467,000","11,554,000","8,429,000","7,757,000","8,616,000","8,920,000","7,634,000","9,635,000","7,750,000","9,474,000","7,162,000","7,729,000","7,650,000","8,804,000","9,029,000","7,412,000","7,042,000","10,133,000","6,587,000","7,113,000","7,400,000","8,276,000","8,855,000","6,694,000","8,451,000","8,834,000","9,036,000","8,515,000","9,398,000","13,896,000","13,851,000","16,240,000","15,026,000","10,227,000",,,,,,,,,,,,,,,,,,,,,,,,,,,,,,,,,,,,,,,,,,,,,,,,,,,,,,,,,,,,,,,,,,,,,,,,,,,,,,,,,,,,,,,,,,,,,,,,,,,,,
	ResearchAndDevelopment,,,,,,,,,,,,,,,,,,,,,,,,,,,,,,,,,,,,,,,,"7,234,000","6,578,000","7,635,000",,"8,043,000","15,181,000","3,574,000",,"82,000","565,000",,"97,000","0","0","0",,,,,,,,,,,,,,,,,,,,,,,,,,,,,,,,,,,,,,,,,,,,,,,,,,,,,,,,,,,,,,,,,,,,,,,,,,,,,,,,,,,,,
	DepreciationAmortizationDepletionIncomeStatement,,,,,,,,,,,,,,,,,,,,,,,,,,,,,,,,,,,,,,,,,,,,,,,,,,,,,,,,"6,621,000","6,306,000","5,663,000","4,315,000","3,895,000","5,753,000","7,021,000","6,929,000","6,536,000","6,989,000","6,318,000","6,513,000","4,838,000","4,873,000","4,661,000","4,319,000","4,862,000","4,773,000","4,846,000","3,672,000","3,256,000","4,679,000","5,019,000","5,381,000","2,719,000","3,533,000","1,878,000","3,303,000","2,678,000","2,549,000","2,817,000",,,,,,"6,500,000","7,000,000","4,200,000","3,700,000","5,100,000","3,200,000","4,100,000","4,300,000","4,500,000","4,000,000","4,200,000","4,500,000","4,500,000","4,400,000","5,100,000","5,700,000","3,100,000","1,500,000","1,500,000","1,600,000","1,400,000","1,300,000","1,700,000","1,500,000","1,400,000","1,500,000","1,700,000","1,800,000","1,600,000","1,700,000","4,200,000","2,500,000","2,200,000",,,,,,,,,,,,,,,
		DepreciationAndAmortizationInIncomeStatement,,,,,,,,,,,,,,,,,,,,,,,,,,,,,,,,,,,,,,,,,,,,,,,,,,,,,,,,"6,621,000","6,306,000","5,663,000","4,315,000","3,895,000","5,753,000","7,021,000","6,929,000","6,536,000","6,989,000","6,318,000","6,513,000","4,838,000","4,873,000","4,661,000","4,319,000","4,862,000","4,773,000","4,846,000","3,672,000","3,256,000","4,679,000","5,019,000","5,381,000","2,719,000","3,533,000","1,878,000","3,303,000","2,678,000","2,549,000","2,817,000",,,,,,"6,500,000","7,000,000","4,200,000","3,700,000","5,100,000","3,200,000","4,100,000","4,300,000","4,500,000","4,000,000","4,200,000","4,500,000","4,500,000","4,400,000","5,100,000","5,700,000","3,100,000","1,500,000","1,500,000","1,600,000","1,400,000","1,300,000","1,700,000","1,500,000","1,400,000","1,500,000","1,700,000","1,800,000","1,600,000","1,700,000","4,200,000","2,500,000","2,200,000",,,,,,,,,,,,,,,
	OtherOperatingExpenses,"96,157,000","8,881,000","53,446,000","18,418,000","25,184,000","23,378,000","26,977,000","27,849,000","30,530,000","12,941,000","25,622,000","5,893,000","5,719,000","3,714,000","4,128,000","8,157,000","6,429,000","6,683,000","7,432,000","9,814,000","7,813,000","5,252,000","5,261,000","3,706,000","2,233,000","1,731,000","1,690,000","2,112,000","3,579,000","4,266,000","5,783,000","6,587,000","5,153,000","4,217,000","5,440,000","3,305,000","6,774,000","6,841,000",,,,,,,,"2,762,000","4,728,000","3,840,000","3,161,000","2,520,000","4,424,000","3,167,000","3,791,000","3,827,000",,,,,,,,,,,,,,,,,,,,"2,341,000",,,"3,350,000","2,369,000",,,,,,,,,,,,,,,,,,,,,,,,,,,,,,,,,,,,,,,,,,,,,,,,,,,,,,,,,,,,,
OperatingIncome,"22,371,000","9,551,000","-27,097,000","15,506,000","14,639,000","29,101,000","39,147,000","49,134,000","-2,788,000","-3,773,000","-19,346,000","-7,540,000","-30,832,000","-36,278,000","-25,072,000","-23,253,000","14,583,000","13,438,000","32,982,000","-1,978,000","-4,434,000","13,356,000","11,086,000","27,766,000","30,040,000","4,657,000","-11,502,000","-6,926,000","-6,105,000","-15,059,000","-45,283,000","-16,303,000","-18,858,000","-12,819,000","-17,041,000","-15,277,000","-18,825,000","11,024,000","33,514,000","35,282,000","46,387,000","44,187,000","61,524,000","127,391,000","79,339,000","38,542,000","63,420,000","10,476,000","1,860,000","-2,987,000","-3,974,000","-7,227,000","-7,918,000","896,000","-26,859,000","-7,982,000","-3,569,000","8,287,000","14,055,000","2,763,000","10,912,000","13,763,000","22,660,000","15,538,000","19,003,000","11,379,000","4,283,000","4,550,000","-950,000","1,080,000","4,236,000","-2,262,000","-4,169,000","-3,032,000","-62,382,000","-2,797,000","-4,364,000","-784,000","-27,271,000","-3,292,000","-2,073,000","-6,450,000","-5,476,000","-7,793,000","-4,934,000","-7,287,000","-5,034,000","-3,392,000","-3,238,000","-2,586,000","-7,129,000","-7,900,000","-7,300,000","-2,600,000","-2,700,000","-4,400,000","-1,200,000","-400,000","1,100,000","1,100,000","-3,700,000","9,400,000","500,000","1,600,000","0","700,000","-300,000","-2,100,000","-2,900,000","-2,400,000","-2,400,000","-2,300,000","-1,000,000","-16,500,000","-400,000","-2,200,000","-1,900,000","-7,300,000","-900,000","-500,000","2,000,000","6,100,000","-400,000","1,200,000","14,100,000","-46,800,000","30,800,000","17,700,000","15,400,000","-22,200,000","22,100,000","9,300,000","4,600,000","-12,900,000","3,600,000","1,300,000","1,300,000","-6,300,000","1,500,000"
NetNonOperatingInterestIncomeExpense,"-16,109,000","-4,568,000","-3,211,000","-3,237,000","-5,093,000","-4,910,000","-4,719,000","-5,096,000","-5,765,000","-5,128,000","-5,512,000","-5,980,000","-6,807,000","-6,274,000","-4,787,000","-5,818,000","-6,018,000","-5,965,000","-5,499,000","-3,606,000","-3,749,000","-3,586,000","-6,857,000","-8,068,000","-10,875,000","-11,120,000","-11,758,000","-12,446,000","-13,555,000","-11,762,000","-6,878,000","-11,827,000","-12,426,000","-15,037,000","-140,000","-11,453,000","-10,511,000","-5,911,000","9,845,000","-7,351,000","-10,778,000","-1,663,000","-12,885,000","-14,590,000","-9,268,000","-7,370,000","-6,044,000","-10,589,000","-9,467,000","-4,409,000","-4,483,000","-7,792,000","-2,701,000","122,000",,,,,,,,,,,,,,,,,,,,,,,,,,,,,,,,,,,,,,,,,,,,,,,,,,,,,,,,,,,,,,,,,,,,,,,,,,,,,,,,,,,,,
	InterestIncomeNonOperating,,,,,,,,"0","0","0","0","0","18,000","180,000",,,,,,,,,,,,,,,"-2,821,000","-997,000","3,688,000","-211,000","-116,000","-1,983,000","10,839,000","-1,791,000","419,000","3,821,000",,,,"5,007,000",,,,"1,934,000","771,000","0","0","1,396,000","1,572,000","0","2,492,000","887,000",,,,,,,,,,,,,,,,,,,,,,,,,,,,,,,,,,,,,,,,,,,,,,,,,,,,,,,,,,,,,,,,,,,,,,,,,,,,,,,,,,,,,
	InterestExpenseNonOperating,"14,370,000","4,151,000","2,791,000","2,822,000","4,606,000","4,506,000","4,337,000","4,724,000","5,375,000","4,747,000","5,276,000","5,420,000","6,255,000","5,933,000","5,902,000","5,166,000","5,367,000","5,316,000","4,948,000","3,426,000","3,577,000","3,420,000","6,574,000","7,631,000","9,847,000","9,724,000","9,982,000","10,114,000","11,276,000","9,326,000","5,712,000","8,867,000","9,108,000","8,308,000","4,991,000","6,890,000","6,284,000","5,145,000","-15,694,000","7,351,000","10,778,000","6,670,000","12,885,000","14,590,000","9,268,000","9,304,000","6,815,000","10,589,000","9,467,000","5,805,000","6,055,000","7,792,000","5,193,000","765,000",,,,,,,,,,,,,,,,,,,,,,,,,,,,,,,,,,,,,,,,,,,,,,,,,,,,,,,,,,,,,,,,,,,,,,,,,,,,,,,,,,,,,
	TotalOtherFinanceCost,"1,739,000","417,000","420,000","415,000","487,000","404,000","382,000","372,000","390,000","381,000","236,000","560,000","570,000","521,000","661,000","652,000","651,000","649,000","551,000","180,000","172,000","166,000","283,000","437,000","1,028,000","1,396,000","1,776,000","2,332,000","2,279,000","2,436,000","2,541,000","2,960,000","3,318,000","6,729,000","5,988,000","4,563,000","4,646,000","4,587,000",,,,,,,,,,,,,,,,,,,,,,,,,,,,,,,,,,,,,,,,,,,,,,,,,,,,,,,,,,,,,,,,,,,,,,,,,,,,,,,,,,,,,,,,,,,,,,,,,,,,,
OtherIncomeExpense,"-8,096,000","4,393,000","19,980,000","-60,637,000","37,940,000","-9,345,000","2,479,000","-4,069,000","10,188,000","-6,938,000","-243,246,000","-539,000","-4,671,000","9,000,000","-5,904,000","-20,188,000","-1,918,000","5,167,000","-1,796,000","3,164,000","-4,870,000","19,939,000","-13,658,000","-4,596,000","-5,436,000","-11,827,000","-297,550,000","-3,107,000","2,723,000","-6,398,000","-1,467,471,000","15,013,000","-9,216,000","-14,024,000","-754,136,000","-21,516,000","17,430,000","17,677,000","6,030,000","-26,277,000","11,226,000","-23,113,000","15,115,000","-54,135,000","-10,058,000","-5,769,000","-58,799,000","-19,913,000","-46,566,000","-12,116,000","-37,017,000","-38,665,000","18,526,000","6,457,000","18,978,000","-780,000",,,"0",,,"-1,014,000","-2,044,000","-1,748,000","-938,000",,"-2,172,000","-79,000","-336,000","-3,200,000","13,736,000","-30,050,000","-588,000","-756,000","24,128,000","-14,140,000","-1,497,000","-56,838,000","-79,868,000","-1,464,000","-3,335,000","-1,045,000","-15,726,000","-1,909,000","-856,000","-217,000",,,"-109,012,000",,,"9,800,000","7,800,000","4,000,000","5,000,000","-106,600,000","1,900,000","1,100,000","4,200,000","2,100,000","2,600,000",,"4,300,000",,,"0","-9,400,000","1,400,000","1,300,000","1,000,000","1,000,000","1,000,000","1,900,000","2,300,000","1,900,000","1,700,000","1,900,000","2,100,000","1,300,000","1,600,000","1,900,000","2,200,000","1,900,000","2,100,000",,,,,,,,,,,,,,,
	GainOnSaleOfSecurity,"14,435,000","13,185,000","-8,023,000","-27,468,000","36,740,000","-4,572,000","4,988,000","-832,000","10,077,000","-8,895,000","7,561,000","1,432,000","-5,764,000","8,507,000","-1,255,000","-2,389,000","-5,771,000","3,743,000","-1,297,000","229,000","1,336,000","149,000","-4,471,000","538,000","-9,235,000","-8,859,000","-14,224,000","5,786,000","2,754,000","-4,884,000","7,229,000","16,105,000","-8,282,000","-11,436,000","18,863,000","-20,646,000","66,754,000","17,796,000",,,,,,,"-389,000","-5,769,000",,,,"-7,858,000",,"-2,947,000",,,,,,,,,,,,,,,,,,,,,,,,,,,,,,,,,,,,,,,,,,,,,,,,,,,,,,,,,,,,,,,,,,,,,,,,,,,,,,,,,,,,,,,
	SpecialIncomeCharges,"-22,060,000","859,000","5,466,000","-26,691,000","621,000","-5,120,000","-2,849,000","0","9,000","1,329,000","-252,314,000","-1,382,000","-72,000",,"-6,833,000","-18,627,000","586,000","0","-566,000","2,117,000","-9,134,000","18,951,000","-9,657,000","-5,542,000","2,792,000","-2,773,000",,,"-31,000","-1,514,000","-1,474,700,000","-1,092,000","-934,000","-2,588,000","-772,999,000","-870,000","-49,324,000","-119,000","29,517,000","-26,277,000","11,226,000","-23,113,000","15,115,000","-54,135,000","-9,669,000",,"-58,799,000","-19,913,000","-46,566,000","-4,258,000","-1,127,000","-35,718,000","18,526,000","6,457,000","18,978,000","-780,000",,,"0",,,"-1,014,000","-2,044,000","-1,748,000","-938,000",,"-2,172,000","-79,000","-336,000","-3,200,000","13,736,000","-30,050,000","-588,000","-756,000","24,128,000","-14,140,000","-1,497,000","-56,838,000","-79,868,000","-1,464,000","-3,335,000","-1,045,000","-15,726,000","-1,909,000","-856,000","-217,000",,,"-109,012,000",,,"9,800,000","7,800,000","4,000,000","5,000,000","-106,600,000","1,900,000","1,100,000","4,200,000","2,100,000","2,600,000",,"4,300,000",,,"0","-9,400,000","1,400,000","1,300,000","1,000,000","1,000,000","1,000,000","1,900,000","2,300,000","1,900,000","1,700,000","1,900,000","2,100,000","1,300,000","1,600,000","1,900,000","2,200,000","1,900,000","2,100,000",,,,,,,,,,,,,,,
		RestructuringAndMergernAcquisition,,,"0","0","0",,"0","0","0","-955,000",,,,,,,,,,,,,,,,,,,,,,,,,,,,,,,,,,,,,,,,,,,,,,,,,,,,,,,,,,,,,,,,,,,,,,,,,,,,,,,,,,,,,,,,,,,,,,,,,,,,,,,,,,,,,,,,,,,,,,,,,,,,,,,,,
		ImpairmentOfCapitalAssets,,,,,,,,,,,,,,,,,,,"0","0","0","0","0","0","0","4,446,000",,,,,,,,"0","772,788,000","0","86,000","119,000","-281,000","1,293,000","4,813,000",,,,,,,,,,,,,,,,,,,,,,,,,,,,,,,,,,,,,,,,,,,,,,,,,,,,,,,,,,,,,,,,,,,,,,,,,,,,,,,,,,,,,,,,,,,,,,,,,,
		WriteOff,,,"0","25,982,000",,,,,,,"907,000","0",,,"6,536,000","18,599,000",,,"0","0","305,000","121,000","683,000","0","20,000","0",,,"31,000","1,514,000","1,979,000","1,092,000","934,000","2,588,000","211,000","870,000","17,192,000",,,,,,,,,,,,,,,,,,,,,,,,,,,,,,,,,,,,,,,,,,,,,,,,,,,,,,,,,,,,,,,,,,,,,,,,,,,,,,,,,,,,,,,,,,,,,,,,,,,,,,
		OtherSpecialCharges,"-2,033,000","972,000","-5,937,000","617,000",,"9,173,000",,,,,"-1,000","1,282,000",,,,,,,"0",,"9,342,000",,"11,325,000","10,040,000",,,,,,,,,,,"0",,"32,046,000",,"-29,236,000","24,984,000","-16,039,000",,,,,,,,,,,,,,,,,,,,,,,,,,,,,,,,,,,,,,,,,,,,,,,,,,,,,,,,,,,,,,,,,,,,,,,,,,,,,,,,,,,,,,,,,,,,,,,,,,
		GainOnSaleOfBusiness,,,"0","0","0",,"0","0","0","365,000",,,,,"0","0",,,"-136,000","1,172,000",,,,,,,,,,,,,,,,,,,,,,,,,,,,,,,,,,,,,,,,,,,,,,,,,,,,,,,,,,,,,,,,,,,,,,,,,,,,,,,,,,,,,,,,,,,,,,,,,,,,,,,,,,,,,,,,,,,,,,,
		GainOnSaleOfPPE,"1,889,000","1,831,000","-471,000","-92,000","621,000","4,053,000",,,"9,000","9,000","-594,000","-100,000","-72,000",,"-297,000","-28,000","586,000","0","-430,000","945,000","513,000","19,072,000","2,351,000","4,498,000","2,812,000","1,673,000",,,,,,,,,,,,,,,,,,,,,,,,,,,,,,,,,,,,,,,,,,,,,,,,,,,,,,,,,,,,,,,,,,,,,,,,,,,,,,,,,,,,,,,,,,,,,,,,,,,,,,,,,,,,,,,,,
	OtherNonOperatingIncomeExpenses,"-471,000","-9,651,000","22,537,000","-6,478,000","579,000","347,000","340,000","-3,237,000","102,000","628,000","1,507,000","-589,000","1,165,000","493,000","2,184,000","828,000","3,267,000","1,424,000","67,000","818,000","2,928,000","839,000","470,000","408,000","1,007,000","-195,000","16,170,000","-8,893,000","2,754,000","-4,884,000","7,229,000","16,105,000","-8,282,000","-11,436,000","18,863,000","-20,646,000","66,754,000","17,796,000",,,,,,,,,,,,,,,,,,,,,,,,,,,,,,,,,,,,,,,,,,,,,,,,,,,,,,,,,,,,,,,,,,,,,,,,,,,,,,,,,,,,,,,,,,,,,,,,,,,,,
PretaxIncome,"-1,834,000","9,376,000","-10,328,000","-48,368,000","47,486,000","14,846,000","36,907,000","39,969,000","1,635,000","-15,839,000","-268,104,000","-14,059,000","-42,310,000","-33,552,000","-35,763,000","-49,259,000","6,647,000","12,640,000","25,687,000","-2,420,000","-13,053,000","29,709,000","-9,429,000","15,102,000","13,729,000","-18,290,000","-320,810,000","-22,479,000","-16,937,000","-33,219,000","-1,519,632,000","-13,117,000","-40,500,000","-41,880,000","-771,317,000","-48,246,000","-11,906,000","22,790,000","49,389,000","1,654,000","46,835,000","19,411,000","63,754,000","58,666,000","60,013,000","25,403,000","-1,423,000","-20,026,000","-54,173,000","-19,512,000","-45,474,000","-53,684,000","7,907,000","7,475,000","-10,575,000","-7,470,000","-4,259,000","8,797,000","19,833,000","6,120,000","15,145,000","17,719,000","27,255,000","20,051,000","22,961,000","13,379,000","11,239,000","3,734,000","-1,848,000","-1,091,000","2,504,000","-18,080,000","-5,414,000","-3,032,000","-13,528,000","-17,871,000","-4,445,000","-28,891,000","-46,117,000","-12,339,000","-10,855,000","-11,896,000","-18,288,000","-12,326,000","-9,428,000","-11,248,000","-6,287,000","-4,738,000","-57,970,000","-6,058,000","-6,268,000",,,"300,000","1,300,000","-57,500,000","200,000","-1,400,000","3,100,000","400,000","-2,900,000","-1,500,000","1,700,000",,,"-500,000","-11,100,000","-2,000,000","-3,100,000","-1,900,000","-1,600,000","-1,600,000",,"-14,600,000","1,100,000","-1,000,000",,"-5,900,000","-300,000","400,000","3,000,000","5,100,000","1,500,000","3,300,000",,,,,,,,,,,,,,,
TaxProvision,"23,866,000","1,694,000","432,000","6,400,000","15,340,000","12,786,000","25,027,000","13,113,000","2,844,000","-3,939,000","2,857,000","218,000","-5,546,000","-8,658,000","-36,231,000","3,785,000","3,717,000","11,949,000","5,818,000","14,232,000","-2,098,000","11,046,000","-1,121,000","-54,455,000","-768,000","2,106,000","-17,812,000","-8,260,000","-260,000","68,000","-440,594,000","-16,583,000","2,621,000","-4,689,000","-189,789,000","-1,981,000","23,134,000","10,520,000","11,839,000","17,475,000","23,862,000","15,436,000","52,390,000","27,606,000","21,402,000","12,939,000","8,496,000","3,233,000","-9,372,000","-11,495,000","-7,649,000","-13,876,000","-3,702,000","1,417,000","-14,858,000","-3,836,000","1,118,000","4,076,000","5,514,000","2,485,000","3,227,000","3,701,000","4,071,000","1,673,000","2,829,000","-347,000","670,000","281,000","-147,000","679,000",,,,,"0",,,"-7,000",,,,,"8,000","-15,000",,"1,000","79,000","428,000","-9,000","-240,000",,,,"0","-600,000","-600,000","100,000","-200,000","1,100,000","-800,000","300,000","100,000","100,000",,,"-600,000","-700,000","-1,000,000","-1,100,000","-3,200,000","-400,000","-200,000",,"-700,000","300,000","-200,000",,"-600,000","-700,000","-300,000","600,000","700,000","-300,000","800,000",,,,,,,,,,,,,,,
NetIncomeCommonStockholders,"-25,700,000","7,682,000","-10,760,000","-54,768,000","32,146,000","2,060,000","11,880,000","26,856,000","-1,209,000","-11,900,000","-270,961,000","-14,277,000","-36,764,000","-19,201,000","468,000","-53,044,000","2,930,000","1,241,000","7,625,000","-16,652,000","-10,955,000","18,663,000","-8,308,000","69,557,000","14,497,000","-20,396,000","-302,998,000","-14,219,000","-16,677,000","-33,287,000","-1,079,038,000","3,466,000","-43,121,000","-37,191,000","-581,528,000","-46,265,000","-35,040,000","12,270,000","37,550,000","-15,821,000","22,973,000","3,975,000","11,364,000","31,060,000","38,611,000","12,464,000","-9,919,000","-22,628,000","-50,744,000","-8,017,000","-32,291,000","-17,283,000","11,609,000","6,058,000","4,283,000","-3,634,000","-5,377,000","4,721,000","14,319,000","3,635,000","11,918,000","14,018,000","23,150,000","18,351,000","32,648,000","14,338,000","11,016,000","3,453,000","-1,701,000","-1,770,000","7,381,000","-18,080,000","-5,414,000","-3,032,000","-14,084,000","-17,871,000","-4,445,000","-31,190,000","-47,587,000","-12,339,000","-10,855,000","-11,896,000","-18,296,000","26,934,000","-3,637,000","-8,068,000","-2,654,000","-7,799,000","-60,594,000","-8,450,000","-8,903,000","-2,900,000","-4,300,000","300,000","1,900,000","-56,900,000","100,000","-1,200,000","2,000,000","3,400,000","-3,200,000","-1,600,000","1,600,000","-1,300,000","-2,600,000","100,000","-10,400,000","-1,000,000","3,200,000","1,300,000","-1,200,000","-1,400,000","500,000","-13,900,000","800,000","-800,000","-500,000","-5,300,000","400,000","700,000","2,400,000","4,400,000","1,800,000","2,500,000",,,,,,,,,,,,,,,
	NetIncome,"-25,700,000","7,682,000","-10,760,000","-54,768,000","32,146,000","2,060,000","11,880,000","26,856,000","-1,209,000","-11,900,000","-270,961,000","-14,277,000","-36,764,000","-19,201,000","468,000","-53,044,000","2,930,000","1,241,000","7,625,000","-16,652,000","-10,955,000","18,663,000","-8,308,000","69,557,000","14,497,000","-20,396,000","-302,998,000","-14,219,000","-16,677,000","-33,287,000","-1,079,038,000","3,466,000","-43,121,000","-37,191,000","-581,528,000","-46,265,000","-35,040,000","12,270,000","37,550,000","-15,821,000","22,973,000","3,975,000","11,364,000","31,060,000","38,611,000","12,464,000","-9,919,000","-22,628,000","-50,744,000","-8,017,000","-32,291,000","-17,283,000","11,609,000","6,058,000","4,283,000","-3,634,000","-5,377,000","4,721,000","14,319,000","3,635,000","11,918,000","14,018,000","23,150,000","18,351,000","32,648,000","14,338,000","11,016,000","3,453,000","-1,701,000","-1,770,000","7,381,000","-18,080,000","-5,414,000","-3,032,000","-14,084,000","-17,871,000","-4,445,000","-31,190,000","-47,587,000","-12,339,000","-10,855,000","-11,896,000","-18,296,000","26,934,000","-3,637,000","-8,068,000","-21,000","-5,166,000","-57,961,000","-5,818,000","-6,268,000","-300,000","-1,700,000","300,000","1,900,000","-56,900,000","100,000","-1,200,000","2,000,000","3,400,000","-3,200,000","-1,600,000","1,600,000","-1,300,000","-2,600,000","100,000","-10,400,000","-1,000,000","3,200,000","1,300,000","-1,200,000","-1,400,000","500,000","-13,900,000","800,000","-800,000","-500,000","-5,300,000","400,000","700,000","2,400,000","4,400,000","1,800,000","2,500,000",,,,,,,,,,,,,,,
		NetIncomeIncludingNoncontrollingInterests,"-25,700,000","7,682,000","-10,760,000","-54,768,000","32,146,000","2,060,000","11,880,000","26,856,000","-1,209,000","-11,900,000","-270,961,000","-14,277,000","-36,764,000","-19,201,000","468,000","-53,044,000","2,930,000","1,241,000","7,625,000","-16,652,000","-10,955,000","18,663,000","-8,308,000","69,557,000","14,497,000","-20,396,000","-302,998,000","-14,219,000","-16,677,000","-33,287,000","-1,079,038,000","3,466,000","-43,121,000","-37,191,000","-581,528,000","-46,265,000","-35,040,000","12,270,000","37,550,000","-15,821,000","22,973,000","3,975,000","11,364,000","31,060,000","38,611,000","12,464,000","-9,919,000","-22,628,000","-50,744,000","-8,017,000","-32,291,000","-17,283,000","11,609,000","6,058,000","4,283,000","-3,634,000","-5,377,000","4,721,000","14,319,000","3,635,000","11,918,000","14,018,000","23,150,000","18,351,000","32,648,000","14,338,000","11,016,000","3,453,000","-1,701,000","-1,770,000","7,381,000","-18,080,000","-5,414,000","-3,032,000","-14,084,000","-17,871,000","-4,445,000","-31,190,000","-47,587,000","-12,339,000","-10,855,000","-11,896,000","-18,296,000","26,934,000","-3,637,000","-8,068,000","-21,000","-5,166,000","-57,961,000","-5,818,000","-6,268,000","-300,000","-1,700,000","300,000","1,900,000","-56,900,000","100,000","-1,200,000","2,000,000","3,400,000","-3,200,000","-1,600,000","1,600,000","-1,300,000","-2,600,000","100,000","-10,400,000","-1,000,000","3,200,000","1,300,000","-1,200,000","-1,400,000","500,000","-13,900,000","800,000","-800,000","-500,000","-5,300,000","400,000","700,000","2,400,000","4,400,000","1,800,000","2,500,000","600,000","3,800,000","5,800,000","3,600,000","2,200,000","3,500,000","3,900,000","2,100,000",,"-1,300,000","-2,600,000","-400,000","-300,000","-100,000","-400,000"
			NetIncomeContinuousOperations,"-25,700,000","7,682,000","-10,760,000","-54,768,000","32,146,000","2,060,000","11,880,000","26,856,000","-1,209,000","-11,900,000","-270,961,000","-14,277,000","-36,764,000","-24,894,000","468,000","-53,044,000","2,930,000","691,000","19,869,000","-16,652,000","-10,955,000","18,663,000","-8,308,000","69,557,000","14,497,000","-20,396,000","-302,998,000","-14,219,000","-16,677,000","-33,287,000","-1,079,038,000","3,466,000","-43,121,000","-37,191,000","-581,528,000","-46,265,000","-35,040,000","12,270,000","37,550,000","-15,821,000","22,973,000","3,975,000","11,364,000","31,060,000","38,611,000","12,464,000","-9,919,000","-23,259,000","-44,801,000","-8,017,000","-37,825,000","-39,808,000","11,609,000","6,058,000","4,283,000","-3,634,000","-5,377,000","4,721,000","14,319,000","3,635,000","11,918,000","14,018,000","23,184,000","18,378,000","20,132,000","13,726,000","10,569,000","3,453,000","-1,701,000","-1,770,000","8,289,000","-18,080,000","-5,414,000","-3,032,000","-13,528,000","-17,871,000","-4,445,000","-28,884,000","-47,587,000","-12,339,000","-10,855,000","-11,896,000","-18,296,000","-12,311,000","-9,428,000","-11,249,000","-6,366,000","-5,166,000","-57,961,000","-5,818,000","-6,268,000","-300,000","-1,700,000","300,000","1,900,000","-56,900,000","100,000","-1,200,000","2,000,000","1,200,000","-3,200,000","-1,600,000","1,600,000","-1,300,000","-2,600,000","100,000","-10,400,000","-1,000,000","-2,000,000","1,300,000","-1,200,000","-1,400,000","500,000","-13,900,000","800,000","-800,000","-500,000","-5,300,000","400,000","700,000","2,400,000","4,400,000","1,800,000","2,500,000","600,000","3,800,000","5,800,000","3,600,000","2,200,000","3,500,000","3,900,000","2,100,000",,"-1,300,000","-2,600,000","-400,000","-300,000","-100,000","-400,000"
			NetIncomeDiscontinuousOperations,,,,,,,"0","0","0","0","0","0","0","5,693,000","0","0",,"550,000",,,,,,,,,,,,,,,,,,,,,,,,,"0","0","0","0","0","631,000","-5,943,000","0","5,534,000","22,525,000",,,,,,,,,,,"-34,000","-27,000","12,516,000","612,000",,,,,,,,,,,,,,,,,,,,,,,,,,,,,,,,"0",,"2,200,000",,,,,,,,,,,,,,,,,,,,,,,,,,,,,,,,,,,,,,,
			NetIncomeExtraordinary,,,,,,,,,,,,,,,,,,,,,,,,,,,,,,,,,,,,,,,,,,,,,,,,,,,,,,,,,,,,,,,,,,,,,,,,,,,"0",,,"-2,306,000",,,,,,"39,245,000",,,"6,345,000",,,,,,,,,,,,,,,,,,,"0",,,"5,200,000",,,,,,,,,,,,,,,,,,,,,,,,,,,,,,
			NetIncomeFromTaxLossCarryforward,,,,,,,,,,,,,,,,,,,,,,,,,,,,,,,,,,,,,,,,,,,,,,,,,,,,,,,,,,,,,,,,,,,,,,,,,,,,,,,,,,,,,"5,791,000","3,181,000",,,,,,,,,,,,,,,,,,,,,,,,,,,,,,,,,,,,,,,,,,,,,,,,,,,,,
	PreferredStockDividends,,,,,,,,,,,,,,,,,,,,,,,,,,,,,,,,,,,,,,,,,,,,,,,,,,,,,,,,,,,,,,,,,,,,,,,,,,,,,,,,,,,,,,,"2,633,000","2,633,000","2,633,000","2,632,000","2,635,000","2,600,000","2,600,000",,,,,,,,,,,,,,,,,,,,,,,,,,,,,,,,,,,,,,,,,,,,,,
DilutedNIAvailtoComStockholders,"-25,700,000","7,682,000","-10,760,000","-54,768,000","32,146,000","2,060,000","11,880,000","26,856,000","-1,209,000","-11,900,000","-270,961,000","-14,277,000","-36,764,000","-19,201,000","468,000","-53,044,000","2,930,000","1,241,000","7,625,000","-16,652,000","-10,955,000","18,663,000","-8,308,000","69,557,000","14,497,000","-20,396,000","-302,998,000","-14,219,000","-16,677,000","-33,287,000","-1,079,038,000","3,466,000","-43,121,000","-37,191,000","-581,528,000","-46,265,000","-35,040,000","12,270,000","37,550,000","-15,821,000","22,973,000","3,975,000","11,364,000","31,060,000","38,611,000","12,464,000","-9,919,000","-22,628,000","-50,744,000","-8,017,000","-32,291,000","-17,283,000","11,609,000","6,058,000","4,283,000","-3,634,000","-5,377,000","4,721,000","14,319,000","3,635,000","11,918,000","14,018,000","23,150,000","18,351,000","32,648,000","14,338,000","11,016,000","3,453,000","-1,701,000","-1,770,000","7,381,000","-18,080,000","-5,414,000","-3,032,000","-14,084,000","-17,871,000","-4,445,000","-31,190,000","-47,587,000","-12,339,000","-10,855,000","-11,896,000","-18,296,000","26,934,000","-3,637,000","-8,068,000","-2,654,000","-7,799,000","-60,594,000","-8,450,000","-8,903,000","-2,900,000","-4,300,000","300,000","1,900,000","-56,900,000","100,000","-1,200,000","2,000,000","3,400,000","-3,200,000","-1,600,000","1,600,000","-1,300,000","-2,600,000","100,000","-10,400,000","-1,000,000","3,200,000","1,300,000","-1,200,000","-1,400,000","500,000","-13,900,000","800,000","-800,000","-500,000","-5,300,000","400,000","700,000","2,400,000","4,400,000","1,800,000","2,500,000",,,,,,,,,,,,,,,
BasicEPS,,"0.03",,"-0.21","0.13","0.01",,"0.11","-0.01","-0.05",,"-0.06","-0.18","-0.09",,"-0.29","0.02","0.01",,"-0.09","-0.06","0.1",,"0.43","0.09","-0.14",,"-0.11","-0.12","-0.32",,"0.03","-0.42","-0.36",,"-0.46","-0.35","0.14",,"-0.18","0.26","0.04",,"0.35","0.43","0.14",,"-0.25","-0.57","-0.1",,"-0.23","0.17","0.1",,"-0.1","-0.1","0.1",,"0.1","0.4","0.5",,"0.7","1.2","0.6",,"0.1","-0.1","-0.1",,"-0.8","-0.3","-0.1",,"-1","-0.3","-2.3",,"-1.4","-1.6","-2.3",,"6.2","-0.8","-2.2","0","-3.6","-27.7",,"-2.9","-0.1","-0.8",,"0.9","-26.3","0.1",,"1.3","2.2","-2",,"1.1","-0.9","-1.7",,"-6.8","-0.7","2.1",,"-0.8","-0.9","0.3",,"0.7","-0.7","-0.4",,"0.5","0.7","2.4",,"1.8","2.5","0.6",,"5.1","3.5","2.3",,"3.9","2.5","-0.1",,"-3.5","-0.6","-0.5",,"-0.5"
DilutedEPS,,"0.03",,"-0.21","0.13","0.01",,"0.11","-0.01","-0.05",,"-0.06","-0.18","-0.09",,"-0.29","0.02","0.01",,"-0.09","-0.06","0.1",,"0.42","0.09","-0.14",,"-0.11","-0.12","-0.32",,"0.03","-0.42","-0.36",,"-0.46","-0.35","0.14",,"-0.18","0.26","0.04",,"0.35","0.43","0.14",,"-0.25","-0.57","-0.1",,"-0.23","0.17","0.1",,"-0.1","-0.1","0.1",,"0.1","0.4","0.5",,"0.6","1.1","0.5",,"0.1","-0.1","-0.1",,"-0.8","-0.3","-0.1",,"-1","-0.3","-2.3",,"-1.4","-1.6","-2.3",,"6.2","-0.8","-2.2","0","-3.6","-27.7",,"-2.9","-0.1","-0.8",,"0.9","-26.3","0.1",,"1.2","1.9","-2",,"1.1","-0.9","-1.7",,"-6.8","-0.7","1.9",,"-0.8","-0.9","0.3",,"0.7","-0.7","-0.4",,"0.5","0.7","2.4",,"1.8","2.5","0.6",,"5.1","3.5","2.3",,"3.9","2.5","-0.1",,"-3.5","-0.6","-0.5",,"-0.5"
BasicAverageShares,,"261,458,000",,"254,700,000","249,066,000","241,397,000",,"240,983,000","240,945,000","240,255,000",,"225,860,000","207,809,000","202,422,000",,"185,246,000","185,183,000","187,600,000",,"179,278,000","179,241,000","178,898,000",,"161,039,000","153,972,000","150,249,000",,"135,247,000","135,036,000","102,580,000",,"102,470,000","102,444,000","102,365,000",,"100,778,000","99,833,000","89,948,000",,"89,429,000","89,631,000","89,591,000",,"89,449,000","89,310,000","89,288,000",,"89,236,000","88,501,000","81,753,000",,"76,133,000","70,045,000","61,145,200",,"55,009,600","55,009,600","54,996,500",,"27,780,000","27,776,300","27,767,700",,"27,754,300","27,747,400","25,248,500",,"24,168,300","24,002,800","23,998,500",,"21,326,100","21,324,900","21,314,200",,"18,310,200","14,388,800","13,350,300",,"8,774,200","6,765,400","5,238,900",,"4,363,900","4,310,000","3,730,800","2,189,900","2,189,900","2,189,900",,"2,189,100","2,189,100","2,189,100",,"2,111,111","2,163,498","2,046,488",,"1,538,462","1,545,455","1,600,000",,"1,454,545","1,444,444","1,529,412",,"1,529,412","1,428,571","1,523,810",,"1,500,000","1,555,556","1,666,667",,"1,142,857","1,142,857","1,250,000",,"800,000","1,000,000","1,000,000",,"1,000,000","1,000,000","996,300",,"996,300","996,300","987,200",,"985,700","850,800","850,800",,"741,000","726,500","726,500",,"725,600"
DilutedAverageShares,,"263,563,000",,"254,700,000","252,132,000","244,520,000",,"243,849,000","240,945,000","240,255,000",,"225,860,000","207,809,000","202,422,000",,"185,246,000","187,488,000","187,600,000",,"179,278,000","179,241,000","183,068,000",,"165,828,000","157,900,000","150,249,000",,"135,247,000","135,036,000","102,580,000",,"102,561,000","102,444,000","102,365,000",,"100,778,000","99,833,000","90,036,000",,"89,429,000","89,733,000","89,821,000",,"89,739,000","89,712,000","89,653,000",,"89,236,000","88,501,000","81,753,000",,"76,133,000","70,227,000","61,159,500",,"55,009,600","55,009,600","57,479,800",,"30,233,600","30,224,000","30,217,000",,"30,217,200","30,218,800","27,738,300",,"24,247,700","24,002,800","23,998,500",,"21,326,100","21,324,900","21,314,200",,"18,310,200","14,388,800","13,350,300",,"8,774,200","6,765,400","5,238,900",,"4,363,900","4,310,000","3,730,800","2,189,900","2,189,900","2,189,900",,"2,189,100","2,189,100","2,189,100",,"2,111,111","2,163,498","2,046,488",,"1,666,667","1,789,474","1,600,000",,"1,454,545","1,444,444","1,529,412",,"1,529,412","1,428,571","1,684,211",,"1,500,000","1,555,556","1,666,667",,"1,142,857","1,142,857","1,250,000",,"800,000","1,000,000","1,000,000",,"1,000,000","1,000,000","996,300",,"996,300","996,300","987,200",,"985,700","850,800","850,800",,"741,000","726,500","726,500",,"725,600"
TotalOperatingIncomeAsReported,,,,,,,,,,,,,,,,,,,,,,,,,,,,,,,,,,,"-789,829,000","-15,277,000","-50,957,000","10,905,000","33,795,000","33,989,000","41,574,000","44,187,000","61,524,000","127,391,000","79,339,000","38,542,000","63,420,000","10,476,000","1,860,000","-2,987,000","-3,974,000","-7,227,000","-7,918,000","896,000","-9,637,000","-8,762,000","-3,569,000","8,287,000","14,055,000","2,763,000","10,912,000","13,256,000","21,638,000","14,664,000","18,534,000","11,379,000","2,904,000","4,550,000","-950,000","-520,000","3,455,000","-17,156,000","-4,169,000","-3,032,000","-28,425,000","-8,566,000","-4,445,000","-28,891,000","-69,392,000","-3,292,000","-2,073,000","-6,450,000","-14,830,000","-7,793,000","-4,934,000","-7,287,000","-2,773,000","-835,000","-55,928,000","-261,000","-4,744,000","-7,900,000","-7,300,000","-2,600,000","-2,700,000","-58,800,000","-1,200,000","-400,000","1,100,000","1,100,000","-3,700,000","9,400,000","500,000","1,600,000",,"700,000","-300,000","-2,100,000","-2,900,000","-2,400,000","-2,400,000","-2,300,000","-1,000,000","-16,500,000","-400,000","-2,200,000","-1,900,000","-7,300,000","-900,000","-500,000","2,000,000","6,100,000","-400,000","1,200,000",,,,,,,,,,,,,,,
TotalExpenses,"796,744,000","178,853,000","234,981,000","192,463,000","200,219,000","173,016,000","189,170,000","180,594,000","157,037,000","176,940,000","214,386,000","207,009,000","192,955,000","191,148,000","168,927,000","172,048,000","155,404,000","149,829,000","121,161,000","177,941,000","177,788,000","192,782,000","148,050,000","148,481,000","151,967,000","143,730,000","175,818,000","169,478,000","172,368,000","168,015,000","185,892,000","187,241,000","183,420,000","172,452,000","185,888,000","216,102,000","223,350,000","160,773,000","172,415,000","195,311,000","208,019,000","160,377,000","185,387,000","216,184,000","151,751,000","161,082,000","144,166,000","108,088,000","99,158,000","90,492,000","102,156,000","97,020,000","81,125,000","48,897,000","69,251,000","47,745,000","53,593,000","48,999,000","45,876,000","50,100,000","40,752,000","37,097,000","44,412,000","35,068,000","35,038,000","33,475,000","47,249,000","39,549,000","39,507,000","37,069,000","41,830,000","33,529,000","31,283,000","31,303,000","90,923,000","26,498,000","30,578,000","29,785,000","56,100,000","29,826,000","24,202,000","23,447,000","24,945,000","24,017,000","24,985,000","25,309,000","28,924,000","35,648,000","24,404,000","44,866,000","45,757,000","41,600,000","31,800,000","32,400,000","24,300,000","23,200,000","23,800,000","23,300,000","23,700,000","22,500,000","24,700,000","25,800,000","23,000,000","23,700,000","24,500,000","25,800,000","24,100,000","20,800,000","14,900,000","15,900,000","14,500,000","15,900,000","13,300,000","39,300,000","12,800,000","13,800,000","14,300,000","19,600,000","16,700,000","12,000,000","10,500,000","12,500,000","22,800,000","14,900,000",,,,,,,,,,,,,,,
NetIncomeFromContinuingAndDiscontinuedOperation,"-25,700,000","7,682,000","-10,760,000","-54,768,000","32,146,000","2,060,000","11,880,000","26,856,000","-1,209,000","-11,900,000","-270,961,000","-14,277,000","-36,764,000","-19,201,000","468,000","-53,044,000","2,930,000","1,241,000","7,625,000","-16,652,000","-10,955,000","18,663,000","-8,308,000","69,557,000","14,497,000","-20,396,000","-302,998,000","-14,219,000","-16,677,000","-33,287,000","-1,079,038,000","3,466,000","-43,121,000","-37,191,000","-581,528,000","-46,265,000","-35,040,000","12,270,000","37,550,000","-15,821,000","22,973,000","3,975,000","11,364,000","31,060,000","38,611,000","12,464,000","-9,919,000","-22,628,000","-50,744,000","-8,017,000","-32,291,000","-17,283,000","11,609,000","6,058,000","4,283,000","-3,634,000","-5,377,000","4,721,000","14,319,000","3,635,000","11,918,000","14,018,000","23,150,000","18,351,000","32,648,000","14,338,000","10,569,000","3,453,000","-1,701,000","-1,770,000","8,289,000","-18,080,000","-5,414,000","-3,032,000","-13,528,000","-17,871,000","-4,445,000","-28,884,000","-47,587,000","-12,339,000","-10,855,000","-11,896,000","-18,296,000","-12,311,000","-9,428,000","-11,249,000","-6,366,000","-5,166,000","-57,961,000","-5,818,000","-6,268,000","-300,000","-1,700,000","300,000","1,900,000","-56,900,000","100,000","-1,200,000","2,000,000","3,400,000","-3,200,000","-1,600,000","1,600,000","-1,300,000","-2,600,000","100,000","-10,400,000","-1,000,000","-2,000,000","1,300,000","-1,200,000","-1,400,000","500,000","-13,900,000","800,000","-800,000","-500,000","-5,300,000","400,000","700,000","2,400,000","4,400,000","1,800,000","2,500,000",,,,,,,,,,,,,,,
NormalizedIncome,"-21,125,000","-3,820,036","-8,893,390","-15,231,930","6,852,603","9,135,160","10,318,530","27,415,104","-8,571,780","-6,217,934","-92,291,310","-14,313,500","-31,692,516","-31,206,194","6,372,240","-33,646,232","6,715,050","-2,041,390","21,310,038.152","-18,059,600","-4,412,478","6,668,200","4,140,342.772","72,559,400","20,579,192","-10,101,680","-6,696,349.303","-17,881,538","-19,359,155","-29,448,200","-37,037,717.762","-6,292,450","-37,130,600","-24,737,165.616","-12,953,471.229","-25,632,455.54","-46,369,500","779,950","32,965,446.759","1,259,050","15,676,100","18,998,450","1,539,250","66,247,750","45,082,088.564","16,213,850","28,300,350","-10,315,550","-6,290,979.03","-141,600","-7,034,481.792","-11,136,956.114","-432,900","825,022.609","-8,052,700","-3,127,000","-5,377,000","4,721,000","14,319,000","3,635,000","11,918,000","14,820,203.962","24,922,693.671","19,980,151.713","20,954,430.034","13,726,000","12,611,518.729","3,526,054.901","-1,391,727.273","150,000","47,400","11,970,000","-4,826,000","-2,276,000","-37,656,000","-3,731,000","-2,948,000","27,940,228.722","32,281,000","-10,875,000","-7,520,000","-10,851,000","-8,860,400","-10,404,323.138","-8,572,000","-11,118,800","-6,366,000","-5,166,000","51,034,075.591","-5,818,000","-6,268,000","-6,180,000","-6,380,000","-3,700,000","-1,100,000","48,587,652.174","-1,040,000","-2,142,857.143","-709,677.419","-60,000","-4,760,000","-1,600,000","-2,447,058.824","-1,300,000","-2,600,000","100,000","-1,592,792.793","-1,840,000","-2,838,709.677","700,000","-1,950,000","-2,275,000","-640,000","-16,089,726.027","-581,818.182","-2,160,000","-1,640,000","-7,186,440.678","-380,000","-260,000","880,000","2,501,960.784","660,000","909,090.909",,,,,,,,,,,,,,,
InterestIncome,,,,,,,,"0","0","0","0","0","18,000","180,000",,,,,,,,,,,,,,,"-2,821,000","-997,000","3,688,000","-211,000","-116,000","-1,983,000","10,839,000","-1,791,000","419,000","3,821,000",,,,"5,007,000",,,,"1,934,000","771,000","0","0","1,396,000","1,572,000","0","2,492,000","887,000",,,,,,,,,,,,,,,,,,,,,,,,,,,,,,,,,,,,,,,,,,,,,,,,,,,,,,,,,,,,,,,,,,,,,,,,,,,,,,,,,,,,,
InterestExpense,"14,370,000","4,151,000","2,791,000","2,822,000","4,606,000","4,506,000","4,337,000","4,724,000","5,375,000","4,747,000","5,276,000","5,420,000","6,255,000","5,933,000","5,902,000","5,166,000","5,367,000","5,316,000","4,948,000","3,426,000","3,577,000","3,420,000","6,574,000","7,631,000","9,847,000","9,724,000","9,982,000","10,114,000","11,276,000","9,326,000","5,712,000","8,867,000","9,108,000","8,308,000","4,991,000","6,890,000","6,284,000","5,145,000","-15,694,000","7,351,000","10,778,000","6,670,000","12,885,000","14,590,000","9,268,000","9,304,000","6,815,000","10,589,000","9,467,000","5,805,000","6,055,000","7,792,000","5,193,000","765,000",,,,,,,,,,,,,,,,,,,,,,,,,,,,,,,,,,,,,,,,,,,,,,,,,,,,,,,,,,,,,,,,,,,,,,,,,,,,,,,,,,,,,
NetInterestIncome,"-16,109,000","-4,568,000","-3,211,000","-3,237,000","-5,093,000","-4,910,000","-4,719,000","-5,096,000","-5,765,000","-5,128,000","-5,512,000","-5,980,000","-6,807,000","-6,274,000","-4,787,000","-5,818,000","-6,018,000","-5,965,000","-5,499,000","-3,606,000","-3,749,000","-3,586,000","-6,857,000","-8,068,000","-10,875,000","-11,120,000","-11,758,000","-12,446,000","-13,555,000","-11,762,000","-6,878,000","-11,827,000","-12,426,000","-15,037,000","-140,000","-11,453,000","-10,511,000","-5,911,000","9,845,000","-7,351,000","-10,778,000","-1,663,000","-12,885,000","-14,590,000","-9,268,000","-7,370,000","-6,044,000","-10,589,000","-9,467,000","-4,409,000","-4,483,000","-7,792,000","-2,701,000","122,000",,,,,,,,,,,,,,,,,,,,,,,,,,,,,,,,,,,,,,,,,,,,,,,,,,,,,,,,,,,,,,,,,,,,,,,,,,,,,,,,,,,,,
EBIT,"12,536,000","13,527,000","-7,537,000","-45,546,000","52,092,000","19,352,000","41,244,000","44,693,000","7,010,000","-11,092,000","-262,828,000","-8,639,000","-36,055,000","-27,619,000","-29,861,000","-44,093,000","12,014,000","17,956,000","30,635,000","1,006,000","-9,476,000","33,129,000","-2,855,000","22,733,000","23,576,000","-8,566,000","-310,828,000","-12,365,000","-5,661,000","-23,893,000","-1,513,920,000","-4,250,000","-31,392,000","-33,572,000","-766,326,000","-41,356,000","-5,622,000","27,935,000","33,695,000","9,005,000","57,613,000","26,081,000","76,639,000","73,256,000","69,281,000","34,707,000","5,392,000","-9,437,000","-44,706,000","-13,707,000","-39,419,000","-45,892,000","13,100,000","8,240,000","-22,546,000","-7,982,000","-3,569,000","8,287,000","14,055,000","2,763,000","10,912,000","13,763,000","22,660,000","15,538,000","19,003,000","11,379,000","4,283,000","4,550,000","-950,000","1,080,000","4,236,000","-2,262,000","-4,169,000","-3,032,000","-62,382,000","-2,797,000","-4,364,000","-784,000","-27,271,000","-3,292,000","-2,073,000","-6,450,000","-5,476,000","-7,793,000","-4,934,000","-7,287,000","-5,034,000","-3,392,000","-3,238,000","-2,586,000","-7,129,000","-7,900,000","-7,300,000","-2,600,000","-2,700,000","-4,400,000","-1,200,000","-400,000","1,100,000","1,100,000","-3,700,000","9,400,000","500,000","1,600,000","0","700,000","-300,000","-2,100,000","-2,900,000","-2,400,000","-2,400,000","-2,300,000","-1,000,000","-16,500,000","-400,000","-2,200,000","-1,900,000","-7,300,000","-900,000","-500,000","2,000,000","6,100,000","-400,000","1,200,000","14,100,000","-46,800,000","30,800,000","17,700,000","15,400,000","-22,200,000","22,100,000","9,300,000","4,600,000","-12,900,000","3,600,000","1,300,000","1,300,000","-6,300,000","1,500,000"
EBITDA,"137,347,000"
ReconciledCostOfRevenue,"661,470,000","159,700,000","171,900,000","165,302,000","164,568,000","138,084,000","153,764,000","144,988,000","117,891,000","155,079,000","194,749,000","186,630,000","175,152,000","173,526,000","153,560,000","148,041,000","137,705,000","130,117,000","102,672,000","152,754,000","158,567,000","172,816,000","132,042,000","133,171,000","137,970,000","129,519,000","161,448,000","155,734,000","158,071,000","148,152,000","165,055,000","167,895,000","160,109,000","147,355,000","164,142,000","192,602,000","200,577,000","139,220,000","159,810,000","177,811,000","192,847,000","145,146,000","167,293,000","199,905,000","134,743,000","142,515,000","132,957,000","98,203,000","88,573,000","81,255,000","93,476,000","88,948,000","71,849,000","37,522,000","44,678,000","36,517,000","29,598,000","29,027,000","33,979,000","41,499,000","29,289,000","23,902,000","31,449,000","24,487,000","23,521,000","22,067,000","23,497,000","29,974,000","22,219,000","23,565,000","7,366,000","25,401,000","23,444,000","20,508,000","24,439,000","20,465,000","20,140,000","19,342,000","25,689,000","25,952,000","18,205,000","19,464,000","19,929,000","18,778,000","20,273,000","20,215,000","25,665,000","32,507,000","21,540,000","40,940,000","43,069,000","31,500,000","21,500,000","30,200,000","14,800,000","16,200,000","17,500,000","17,800,000","16,400,000","14,800,000","14,800,000","18,500,000","15,600,000","14,800,000","15,600,000","15,100,000","16,700,000","13,700,000","9,800,000","10,900,000","9,800,000","11,000,000","9,200,000","16,700,000","8,700,000","8,600,000","9,900,000","7,500,000","13,200,000","8,000,000","6,500,000","8,200,000","16,600,000","9,300,000",,,,,,,,,,,,,,,
ReconciledDepreciation,"124,811,000","26,433,000","35,443,000","30,962,000","31,973,000","29,937,000","35,133,000","32,216,000","27,876,000","36,162,000","48,118,000","45,678,000","43,204,000","41,876,000","37,053,000","31,184,000","29,459,000","30,777,000","39,669,000","33,830,000","32,946,000","40,104,000","29,929,000","27,763,000","37,505,000","27,964,000","36,191,000","35,497,000","38,974,000","33,090,000","38,602,000","41,985,000","41,422,000","40,459,000","63,916,000","60,874,000","57,653,000","50,436,000","50,714,000","52,844,000","61,024,000","53,133,000","56,706,000","59,168,000","58,585,000","50,041,000","45,579,000","38,450,000","31,011,000","28,773,000","35,657,000","32,258,000","25,519,000","9,279,000","8,739,000","6,622,000","6,306,000","5,663,000","4,612,000","3,895,000","5,753,000","7,021,000","7,256,000","6,536,000","6,989,000","6,318,000","7,027,000","5,342,000","5,373,000","5,473,000","7,391,000","4,862,000","4,773,000","4,846,000","3,672,000","3,257,000","4,679,000","5,019,000","5,381,000","2,719,000","3,533,000","1,878,000","3,303,000","2,678,000","2,549,000","2,817,000","6,744,000","7,874,000","8,854,000","11,017,000","11,114,000","6,500,000","7,000,000","4,200,000","3,700,000","2,300,000","3,200,000","4,100,000","4,300,000","4,500,000","4,000,000","4,200,000","4,700,000","4,500,000","4,400,000","5,100,000","4,200,000","3,100,000","1,500,000","1,500,000","1,600,000","1,400,000","1,300,000","1,700,000","1,600,000","1,400,000","1,500,000","1,700,000","2,100,000","1,500,000","1,700,000","4,200,000","3,100,000","2,200,000",,,,,,,,,,,,,,,
NetIncomeFromContinuingOperationNetMinorityInterest,"-25,700,000","7,682,000","-10,760,000","-54,768,000","32,146,000","2,060,000","11,880,000","26,856,000","-1,209,000","-11,900,000","-270,961,000","-14,277,000","-36,764,000","-24,894,000","468,000","-53,044,000","2,930,000","691,000","19,869,000","-16,652,000","-10,955,000","18,663,000","-8,308,000","69,557,000","14,497,000","-20,396,000","-302,998,000","-14,219,000","-16,677,000","-33,287,000","-1,079,038,000","3,466,000","-43,121,000","-37,191,000","-581,528,000","-46,265,000","-35,040,000","12,270,000","37,550,000","-15,821,000","22,973,000","3,975,000","11,364,000","31,060,000","38,611,000","12,464,000","-9,919,000","-23,259,000","-44,801,000","-8,017,000","-37,825,000","-39,808,000","11,609,000","6,058,000","4,283,000","-3,634,000","-5,377,000","4,721,000","14,319,000","3,635,000","11,918,000","14,018,000","23,184,000","18,378,000","20,132,000","13,726,000","10,569,000","3,453,000","-1,701,000","-1,770,000","8,289,000","-18,080,000","-5,414,000","-3,032,000","-13,528,000","-17,871,000","-4,445,000","-28,884,000","-47,587,000","-12,339,000","-10,855,000","-11,896,000","-18,296,000","-12,311,000","-9,428,000","-11,249,000","-6,366,000","-5,166,000","-57,961,000","-5,818,000","-6,268,000","-300,000","-1,700,000","300,000","1,900,000","-56,900,000","100,000","-1,200,000","2,000,000","1,200,000","-3,200,000","-1,600,000","1,600,000","-1,300,000","-2,600,000","100,000","-10,400,000","-1,000,000","-2,000,000","1,300,000","-1,200,000","-1,400,000","500,000","-13,900,000","800,000","-800,000","-500,000","-5,300,000","400,000","700,000","2,400,000","4,400,000","1,800,000","2,500,000",,,,,,,,,,,,,,,
TotalUnusualItemsExcludingGoodwill,"-7,625,000","14,044,000","-2,557,000","-54,159,000","37,361,000","-9,692,000","2,139,000","-832,000","10,086,000","-7,566,000","-244,753,000","50,000","-5,836,000","8,507,000","-8,088,000","-21,016,000","-5,185,000","3,743,000","-1,863,000","2,346,000","-7,798,000","19,100,000","-14,128,000","-5,004,000","-6,443,000","-11,632,000","-313,720,000","5,786,000","2,723,000","-6,398,000","-1,467,471,000","15,013,000","-9,216,000","-14,024,000","-754,136,000","-21,516,000","17,430,000","17,677,000","6,030,000","-26,277,000","11,226,000","-23,113,000","15,115,000","-54,135,000","-10,058,000","-5,769,000","-58,799,000","-19,913,000","-46,566,000","-12,116,000","-37,017,000","-38,665,000","18,526,000","6,457,000","18,978,000","-780,000",,,"0",,,"-1,014,000","-2,044,000","-1,748,000","-938,000",,"-2,172,000","-79,000","-336,000","-3,200,000","13,736,000","-30,050,000","-588,000","-756,000","24,128,000","-14,140,000","-1,497,000","-56,838,000","-79,868,000","-1,464,000","-3,335,000","-1,045,000","-15,726,000","-1,909,000","-856,000","-217,000",,,"-109,012,000",,,"9,800,000","7,800,000","4,000,000","5,000,000","-106,600,000","1,900,000","1,100,000","4,200,000","2,100,000","2,600,000",,"4,300,000",,,"0","-9,400,000","1,400,000","1,300,000","1,000,000","1,000,000","1,000,000","1,900,000","2,300,000","1,900,000","1,700,000","1,900,000","2,100,000","1,300,000","1,600,000","1,900,000","2,200,000","1,900,000","2,100,000",,,,,,,,,,,,,,,
TotalUnusualItems,"-7,625,000","14,044,000","-2,557,000","-54,159,000","37,361,000","-9,692,000","2,139,000","-832,000","10,086,000","-7,566,000","-244,753,000","50,000","-5,836,000","8,507,000","-8,088,000","-21,016,000","-5,185,000","3,743,000","-1,863,000","2,346,000","-7,798,000","19,100,000","-14,128,000","-5,004,000","-6,443,000","-11,632,000","-313,720,000","5,786,000","2,723,000","-6,398,000","-1,467,471,000","15,013,000","-9,216,000","-14,024,000","-754,136,000","-21,516,000","17,430,000","17,677,000","6,030,000","-26,277,000","11,226,000","-23,113,000","15,115,000","-54,135,000","-10,058,000","-5,769,000","-58,799,000","-19,913,000","-46,566,000","-12,116,000","-37,017,000","-38,665,000","18,526,000","6,457,000","18,978,000","-780,000",,,"0",,,"-1,014,000","-2,044,000","-1,748,000","-938,000",,"-2,172,000","-79,000","-336,000","-3,200,000","13,736,000","-30,050,000","-588,000","-756,000","24,128,000","-14,140,000","-1,497,000","-56,838,000","-79,868,000","-1,464,000","-3,335,000","-1,045,000","-15,726,000","-1,909,000","-856,000","-217,000",,,"-109,012,000",,,"9,800,000","7,800,000","4,000,000","5,000,000","-106,600,000","1,900,000","1,100,000","4,200,000","2,100,000","2,600,000",,"4,300,000",,,"0","-9,400,000","1,400,000","1,300,000","1,000,000","1,000,000","1,000,000","1,900,000","2,300,000","1,900,000","1,700,000","1,900,000","2,100,000","1,300,000","1,600,000","1,900,000","2,200,000","1,900,000","2,100,000",,,,,,,,,,,,,,,
NormalizedEBITDA,"144,972,000","25,916,000","30,463,000","39,575,000","46,704,000","58,981,000","74,238,000","77,741,000","24,800,000","32,636,000","30,043,000","36,989,000","12,985,000","5,750,000","15,280,000","8,107,000","46,658,000","44,990,000","72,167,000","32,490,000","31,268,000","54,133,000","41,202,000","55,500,000","67,524,000","31,030,000","39,083,000","17,346,000","30,590,000","15,595,000","-7,847,000","22,722,000","19,246,000","20,911,000","51,726,000","41,034,000","34,601,000","60,694,000","78,379,000","88,126,000","107,411,000","102,327,000","118,230,000","186,559,000","137,924,000","90,517,000","109,770,000","48,926,000","32,871,000","27,182,000","33,255,000","25,031,000","20,093,000","11,062,000","-32,785,000","-580,000","2,737,000","13,950,000","18,667,000","6,658,000","16,665,000","21,798,000","31,960,000","23,822,000","26,930,000","17,697,000","13,482,000","9,971,000","4,759,000","9,753,000","-2,109,000","32,650,000","1,192,000","2,570,000","-82,838,000","14,600,000","1,812,000","61,073,000","57,978,000","891,000","4,795,000","-3,527,000","13,553,000","-3,206,000","-1,529,000","-4,253,000","1,710,000","4,482,000","114,628,000","8,431,000","3,985,000","-11,200,000","-8,100,000","-2,400,000","-4,000,000","107,300,000","100,000","2,600,000","1,200,000","3,500,000","-2,300,000","13,600,000","900,000","6,100,000","4,400,000","5,800,000","14,800,000","-400,000","-2,700,000","-1,900,000","-1,800,000","-1,900,000","-1,600,000","-17,100,000","-700,000","-2,500,000","-2,300,000","-7,700,000","-100,000","-500,000","1,800,000","8,100,000","800,000","1,300,000","14,100,000","-46,800,000","30,800,000","17,700,000","15,400,000","-22,200,000","22,100,000","9,300,000","4,600,000","-12,900,000","3,600,000","1,300,000","1,300,000","-6,300,000","1,500,000"
TaxRateForCalcs,"0.4","0.181","0.27","0.27","0.323","0.27","0.27","0.328","0.27","0.249","0.27","0.27","0.131","0.258","0.27","0.077","0.27","0.27","0.226","0.4","0.161","0.372","0.119","0.4","0.056","0.115","0.056","0.367","0.015","0.4","0.29","0.35","0.35","0.112","0.246","0.041","0.35","0.35","0.24","0.35","0.35","0.35","0.35","0.35","0.357","0.35","0.35","0.35","0.173","0.35","0.168","0.258","0.35","0.19","0.35","0.35","0.35","0.35","0.278","0.35","0.213","0.209","0.149","0.083","0.123","0.4","0.06","0.075","0.08","0.4","0.4","0","0","0","0","0","0","0","0","0","0","0","0.4","0.001","0","0.4","0.4","0.4","0","0.04","0","0.4","0.4","0","0.4","0.01","0.4","0.143","0.355","0.4","0.4","0.4","0.059","0.4","0.4","0.4","0.063","0.4","0.355","0.4","0.25","0.125","0.4","0.048","0.273","0.2","0.4","0.102","0.4","0.4","0.2","0.137","0.4","0.242",,,,,,,,,,,,,,,
TaxEffectOfUnusualItems,"-3,050,000","2,541,964","-690,390","-14,622,930","12,067,603","-2,616,840","577,530","-272,896","2,723,220","-1,883,934","-66,083,310","13,500","-764,516","2,194,806","-2,183,760","-1,618,232","-1,399,950","1,010,610","-421,961.848","938,400","-1,255,478","7,105,200","-1,679,657.228","-2,001,600","-360,808","-1,337,680","-17,418,349.303","2,123,462","40,845","-2,559,200","-425,470,717.762","5,254,550","-3,225,600","-1,570,165.616","-185,561,471.229","-883,455.54","6,100,500","6,186,950","1,445,446.759","-9,196,950","3,929,100","-8,089,550","5,290,250","-18,947,250","-3,586,911.436","-2,019,150","-20,579,650","-6,969,550","-8,055,979.03","-4,240,600","-6,226,481.792","-9,993,956.114","6,484,100","1,224,022.609","6,642,300","-273,000","0","0","0","0","0","-211,796.038","-305,306.329","-145,848.287","-115,569.966","0","-129,481.271","-5,945.099","-26,727.273","-1,280,000","5,494,400","0","0","0","0","0","0","-13,771.278","0","0","0","0","-6,290,400","-2,323.138","0","-86,800","0","0","-16,924.409","0","0","3,920,000","3,120,000","0","2,000,000","-1,112,347.826","760,000","157,142.857","1,490,322.581","840,000","1,040,000","0","252,941.176","0","0","0","-592,792.793","560,000","461,290.323","400,000","250,000","125,000","760,000","110,273.973","518,181.818","340,000","760,000","213,559.322","520,000","640,000","380,000","301,960.784","760,000","509,090.909",,,,,,,,,,,,,,,