name,ttm,03/31/2022,12/31/2021,09/30/2021,06/30/2021,03/31/2021,12/31/2020,09/30/2020,06/30/2020,03/31/2020,12/31/2019,09/30/2019,06/30/2019,03/31/2019,12/31/2018,09/30/2018,06/30/2018,03/31/2018,12/31/2017,09/30/2017,06/30/2017,03/31/2017,12/31/2016,09/30/2016,06/30/2016,03/31/2016,12/31/2015,09/30/2015,06/30/2015,03/31/2015,12/31/2014,09/30/2014,06/30/2014,03/31/2014,12/31/2013,09/30/2013,06/30/2013,03/31/2013,12/31/2012,09/30/2012,06/30/2012,03/31/2012,12/31/2011,09/30/2011,06/30/2011,03/31/2011,12/31/2010,09/30/2010,06/30/2010,03/31/2010,12/31/2009,09/30/2009,06/30/2009,03/31/2009,12/31/2008,09/30/2008,06/30/2008,03/31/2008,12/31/2007,09/30/2007,06/30/2007,03/31/2007,12/31/2006,09/30/2006,06/30/2006,03/31/2006,12/31/2005,09/30/2005,06/30/2005,03/31/2005,12/31/2004,09/30/2004,06/30/2004,03/31/2004,12/31/2003,09/30/2003,06/30/2003,03/31/2003,12/31/2002,09/30/2002,06/30/2002,03/31/2002,12/31/2001,09/30/2001,06/30/2001,09/30/2000,06/30/2000
TotalRevenue,"5,120,100,000","1,583,800,000","1,380,400,000","1,226,300,000","929,600,000","1,032,700,000","654,500,000","519,200,000","352,700,000","727,900,000","839,700,000","823,600,000","683,400,000","835,200,000","768,400,000","930,200,000","840,500,000","1,115,000,000","1,246,900,000","955,600,000","850,300,000","828,100,000","795,000,000","587,600,000","601,900,000","536,000,000","629,100,000","630,700,000","641,500,000","731,500,000","997,200,000","1,036,200,000","926,300,000","971,600,000","808,200,000","427,200,000","118,900,000","450,400,000","438,600,000","304,200,000","371,600,000","662,400,000","668,600,000","448,600,000","388,700,000","720,500,000","596,000,000","301,600,000","291,600,000","691,100,000","501,700,000","231,500,000","235,000,000","570,100,000","534,000,000","340,900,000","375,200,000","648,200,000","514,600,000","275,900,000","246,800,000","552,700,000","407,700,000","256,876,000","215,618,000","464,801,000","450,266,000","204,641,000","173,602,000","414,428,000","257,465,000","102,131,000","69,715,000","178,068,000","132,581,000","55,544,000","39,481,000","158,650,000","109,690,000","-29,919,000","57,980,000","102,025,000","62,035,000","30,897,000","21,803,000","-153,000","13,208,000"
	OperatingRevenue,"5,120,100,000","1,583,800,000","1,380,400,000","1,226,300,000","929,600,000","1,032,700,000","654,500,000","519,200,000","352,700,000","727,900,000","839,700,000","823,600,000","683,400,000","835,200,000","768,400,000","930,200,000","840,500,000","1,115,000,000","1,246,900,000","955,600,000","850,300,000","828,100,000","795,000,000","587,600,000","601,900,000","536,000,000","629,100,000","630,700,000","641,500,000","731,500,000","997,200,000","1,036,200,000","926,300,000","971,600,000","808,200,000","427,200,000","118,900,000","450,400,000","438,600,000","304,200,000","371,600,000","662,400,000","668,600,000","448,600,000","388,700,000","720,500,000","596,000,000","301,600,000","291,600,000","691,100,000","501,700,000","231,500,000","235,000,000","570,100,000","534,000,000","340,900,000","375,200,000","648,200,000","514,600,000","275,900,000","246,800,000","552,700,000","407,700,000","256,876,000","215,618,000","464,801,000","450,266,000","204,641,000","173,602,000","414,428,000","257,465,000","102,131,000","69,715,000","167,422,000","132,581,000","55,544,000","39,481,000","158,650,000","109,690,000","-29,919,000","57,980,000","102,025,000","62,035,000","30,897,000","21,803,000","-153,000","13,208,000"
CostOfRevenue,"4,654,300,000","1,439,200,000","1,195,200,000","1,163,900,000","856,000,000","873,000,000","541,200,000","419,500,000","286,700,000","590,500,000","709,900,000","708,900,000","586,500,000","735,400,000","650,600,000","866,700,000","769,900,000","1,010,900,000","1,149,600,000","906,600,000","778,300,000","731,900,000","697,600,000","517,000,000","514,400,000","425,700,000","520,700,000","524,700,000","534,300,000","603,900,000","864,500,000","915,000,000","818,800,000","852,300,000","708,900,000","345,400,000","80,000,000","413,300,000","394,900,000","204,300,000","241,500,000","462,600,000","487,800,000","335,500,000","271,700,000","477,700,000","391,100,000","200,900,000","187,100,000","451,400,000","326,500,000","141,500,000","137,700,000","358,000,000","359,700,000","253,200,000","286,500,000","457,400,000","375,500,000","202,800,000","171,000,000","369,300,000","278,600,000","188,802,000","150,241,000","313,564,000","337,792,000","130,533,000","122,998,000","277,915,000","192,777,000","83,112,000","52,728,000","127,748,000","95,464,000","38,734,000","28,344,000","117,693,000","81,323,000","-25,363,000","45,818,000","67,587,000","46,200,000","24,782,000","16,375,000","-2,477,000","11,976,000"
GrossProfit,"465,800,000","144,600,000","185,200,000","62,400,000","73,600,000","159,700,000","113,300,000","99,700,000","66,000,000","137,400,000","129,800,000","114,700,000","96,900,000","99,800,000","117,800,000","63,500,000","70,600,000","104,100,000","97,300,000","49,000,000","72,000,000","96,200,000","97,400,000","70,600,000","87,500,000","110,300,000","108,400,000","106,000,000","107,200,000","127,600,000","132,700,000","121,200,000","107,500,000","119,300,000","99,300,000","81,800,000","38,900,000","37,100,000","43,700,000","99,900,000","130,100,000","199,800,000","180,800,000","113,100,000","117,000,000","242,800,000","204,900,000","100,700,000","104,500,000","239,700,000","175,200,000","90,000,000","97,300,000","212,100,000","174,300,000","87,700,000","88,700,000","190,800,000","139,100,000","73,100,000","75,800,000","183,400,000","129,100,000","68,074,000","65,377,000","151,237,000","112,474,000","74,108,000","50,604,000","136,513,000","64,688,000","19,019,000","16,987,000","50,320,000","37,117,000","16,810,000","11,137,000","40,957,000","28,367,000","-4,556,000","12,162,000","34,438,000","15,835,000","6,115,000","5,428,000","2,324,000","1,232,000"
OperatingExpense,"252,900,000","85,800,000","61,000,000","57,500,000","48,600,000","51,500,000","59,100,000","50,600,000","61,100,000","52,500,000","58,500,000","60,900,000","57,000,000","65,800,000","45,100,000","55,100,000","55,300,000","58,400,000","57,500,000","58,000,000","56,900,000","60,100,000","56,200,000","51,400,000","73,900,000","64,800,000","71,800,000","82,100,000","74,500,000","78,100,000","81,400,000","77,300,000","72,800,000","72,000,000","79,900,000","66,300,000","31,100,000","30,900,000","32,500,000","86,700,000","121,300,000","131,100,000","131,300,000","129,700,000","125,400,000","129,100,000","130,900,000","128,600,000","117,500,000","126,900,000","107,600,000","108,700,000","92,800,000","97,700,000","99,800,000","105,200,000","93,600,000","93,600,000","86,800,000","85,800,000","85,500,000","85,100,000","86,800,000","88,944,000","83,189,000","75,693,000","88,479,000","66,297,000","65,943,000","71,570,000","43,636,000","26,604,000","25,618,000","25,146,000","25,016,000","19,752,000","15,489,000","20,867,000","17,900,000","13,957,000","15,072,000","18,405,000","10,066,000","8,193,000","7,628,000","3,766,000","2,530,000"
	SellingGeneralAndAdministration,"122,300,000","43,400,000","30,200,000","25,900,000","22,800,000","18,700,000","27,500,000","19,600,000","29,500,000","14,900,000","19,000,000","24,900,000","22,300,000","37,200,000","15,300,000","25,500,000","23,400,000","23,900,000","24,900,000","22,500,000","22,700,000","26,400,000","18,000,000","18,300,000","28,900,000","23,000,000","25,400,000","32,800,000","30,600,000","27,500,000","26,800,000","21,400,000","24,100,000","27,900,000",,,,,,"53,700,000","83,100,000","81,400,000","82,600,000","79,700,000","77,400,000","81,700,000","84,500,000","78,800,000","74,900,000","86,800,000","68,500,000","67,000,000","66,400,000","73,400,000","72,800,000","67,000,000","67,100,000","70,500,000","65,100,000","56,900,000","63,400,000","65,900,000","65,600,000","59,451,000","62,578,000","57,352,000","68,758,000","51,027,000","52,078,000","59,187,000","34,790,000","20,782,000","20,027,000","20,188,000","20,298,000","16,006,000","12,127,000","17,493,000","14,539,000","10,832,000","11,898,000","15,034,000","8,292,000",,,,
		GeneralAndAdministrativeExpense,"122,300,000","43,400,000","30,200,000","25,900,000","22,800,000","18,700,000","27,500,000","19,600,000","29,500,000","14,900,000","19,000,000","24,900,000","22,300,000","37,200,000","15,300,000","25,500,000","23,400,000","23,900,000","24,900,000","22,500,000","22,700,000","26,400,000","18,000,000","18,300,000","28,900,000","23,000,000","25,400,000","32,800,000","30,600,000","27,500,000","26,800,000","21,400,000","24,100,000","27,900,000",,,,,,,,,,,,,,,,,,,,,,,,,,,,,,,,,,,,,,,,,,,,,,,,,,,,,
			OtherGandA,"122,300,000","43,400,000","30,200,000","25,900,000","22,800,000","18,700,000","27,500,000","19,600,000","29,500,000","14,900,000","19,000,000","24,900,000","22,300,000","37,200,000","15,300,000","25,500,000","23,400,000","23,900,000","24,900,000","22,500,000","22,700,000","26,400,000","18,000,000","18,300,000","28,900,000","23,000,000","25,400,000","32,800,000","30,600,000","27,500,000","26,800,000","21,400,000","24,100,000","27,900,000",,,,,,,,,,,,,,,,,,,,,,,,,,,,,,,,,,,,,,,,,,,,,,,,,,,,,
	DepreciationAmortizationDepletionIncomeStatement,,,,,,,,,,,,,,,,,,,,,,,,,,,,,,,,,,,,,,,,"33,000,000","38,200,000","49,700,000","48,700,000","50,000,000","48,000,000","47,400,000","46,400,000","44,100,000","40,500,000","40,100,000","37,100,000","36,500,000","26,400,000","26,600,000","26,300,000","25,900,000","26,100,000","23,200,000","22,800,000","22,500,000","21,400,000","19,000,000","20,500,000","18,047,000","20,611,000","18,341,000","19,721,000","15,270,000","13,865,000","12,383,000","8,846,000","5,822,000","5,591,000","4,958,000","4,718,000","3,746,000","3,362,000","3,374,000","3,361,000","3,125,000","3,174,000","3,371,000","1,774,000","2,061,000","1,723,000","858,000","541,000"
		DepreciationAndAmortizationInIncomeStatement,,,,,,,,,,,,,,,,,,,,,,,,,,,,,,,,,,,,,,,,"33,000,000","38,200,000","49,700,000","48,700,000","50,000,000","48,000,000","47,400,000","46,400,000","44,100,000","40,500,000","40,100,000","37,100,000","36,500,000","26,400,000","26,600,000","26,300,000","25,900,000","26,100,000","23,200,000","22,800,000","22,500,000","21,400,000","19,000,000","20,500,000","18,047,000","20,611,000","18,341,000","19,721,000","15,270,000","13,865,000","12,383,000","8,846,000","5,822,000","5,591,000","4,958,000","4,718,000","3,746,000","3,362,000","3,374,000","3,361,000","3,125,000","3,174,000","3,371,000","1,774,000","2,061,000","1,723,000","858,000","541,000"
	OtherOperatingExpenses,"130,600,000","42,400,000","30,800,000","31,600,000","25,800,000","32,800,000","31,600,000","31,000,000","31,600,000","37,600,000","39,500,000","36,000,000","34,700,000","28,600,000","29,800,000","29,600,000","31,900,000","34,500,000","32,600,000","35,500,000","34,200,000","33,700,000","38,200,000","33,100,000","45,000,000","41,800,000","46,400,000","49,300,000","43,900,000","50,600,000","54,600,000","55,900,000","48,700,000","44,100,000","79,900,000","66,300,000","31,100,000","30,900,000","32,500,000",,,,,,,,,"5,700,000","2,100,000","1,700,000","2,000,000",,,"-2,300,000","700,000","12,300,000","400,000","-100,000","-1,100,000","6,400,000","700,000","200,000","700,000",,,,,,,,,,,,,,,,,,,,,,"5,905,000","2,908,000","1,989,000"
OperatingIncome,"212,900,000","58,800,000","124,200,000","4,900,000","25,000,000","108,200,000","54,200,000","49,100,000","4,900,000","84,900,000","71,300,000","53,800,000","39,900,000","34,000,000","72,700,000","8,400,000","15,300,000","45,700,000","39,800,000","-9,000,000","15,100,000","36,100,000","41,200,000","19,200,000","13,600,000","45,500,000","36,600,000","23,900,000","32,700,000","49,500,000","51,300,000","43,900,000","34,700,000","47,300,000","19,400,000","15,500,000","7,800,000","6,200,000","11,200,000","13,200,000","8,800,000","68,700,000","49,500,000","-16,600,000","-8,400,000","113,700,000","74,000,000","-27,900,000","-13,000,000","112,800,000","67,600,000","-18,700,000","4,500,000","114,400,000","74,500,000","-17,500,000","-4,900,000","97,200,000","52,300,000","-12,700,000","-9,700,000","98,300,000","42,300,000","-20,870,000","-17,812,000","75,544,000","23,995,000","7,811,000","-15,339,000","64,943,000","21,052,000","-7,585,000","-8,631,000","25,174,000","12,101,000","-2,942,000","-4,352,000","20,090,000","10,467,000","-18,513,000","-2,910,000","16,033,000","5,769,000","-2,078,000","-2,200,000","-1,442,000","-1,298,000"
NetNonOperatingInterestIncomeExpense,"-132,200,000","-36,100,000","-30,100,000","-30,900,000","-35,100,000","-36,000,000","-33,300,000","-33,700,000","-34,000,000","-32,600,000","-32,100,000","-30,600,000","-27,800,000","-24,900,000","-25,400,000","-25,100,000","-24,300,000","-24,400,000","-24,600,000","-24,200,000","-24,100,000","-26,500,000","-27,200,000","-27,500,000","-34,300,000","-36,100,000","-35,400,000","-35,700,000","-35,400,000","-33,600,000","-31,300,000","-31,500,000","-32,600,000","-31,700,000","-31,700,000","-22,800,000","-12,000,000","-11,300,000","-8,100,000","-10,400,000","-22,800,000","-22,400,000","-28,000,000","-26,000,000","-27,200,000","-27,200,000","-33,100,000","-24,100,000","-22,900,000","-22,900,000","-21,100,000","-17,600,000","-17,200,000","-18,100,000",,,,,,,,,,,,,,,,,,,,,,,,,,,,,,,,,
	InterestExpenseNonOperating,"132,200,000","36,100,000","30,100,000","30,900,000","35,100,000","36,000,000","33,300,000","33,700,000","34,000,000","32,600,000","32,100,000","30,600,000","27,800,000","24,900,000","25,400,000","25,100,000","24,300,000","24,400,000","24,600,000","24,200,000","24,100,000","26,500,000","27,200,000","27,500,000","34,300,000","36,100,000","35,400,000","35,700,000","35,400,000","33,600,000","31,300,000","31,500,000","32,600,000","31,700,000","31,700,000","22,800,000","12,000,000","11,300,000","8,100,000","10,400,000","22,800,000","22,400,000","28,000,000","26,000,000","27,200,000",,"33,100,000",,"22,900,000","22,900,000","21,100,000","17,600,000","17,200,000","18,100,000",,,,,,,,,,,,,,,,,,,,,,,,,,,,,,,,,
	TotalOtherFinanceCost,,,,,"2,700,000","2,900,000","1,600,000","1,700,000","1,800,000","1,800,000","1,800,000","1,800,000","1,600,000","24,900,000","25,400,000","25,100,000","24,300,000","24,400,000","24,600,000","24,200,000","24,100,000","26,500,000","27,200,000","27,500,000","34,300,000","36,100,000","35,400,000","35,700,000","35,400,000","33,600,000","31,300,000","31,500,000","32,600,000","31,700,000","31,700,000","22,800,000","12,000,000","11,300,000","8,100,000",,,,,,,"27,200,000",,,,"22,900,000",,,,,,,,,,,,,,,,,,,,,,,,,,,,,,,,,,,,,
OtherIncomeExpense,"-57,300,000","-500,000","-15,400,000","-13,500,000","-27,900,000","-110,600,000","7,400,000","-10,800,000","4,700,000","-75,700,000","8,000,000","10,400,000","213,200,000","5,000,000","12,200,000","11,500,000","-12,300,000","12,800,000","-135,600,000","5,400,000","9,300,000","-29,100,000","-78,200,000","11,500,000","-16,400,000","-103,100,000","-1,404,800,000","-611,900,000","-293,600,000","2,600,000","-50,700,000","-400,000","-6,700,000","-1,600,000","-30,000,000","-100,000",,"100,000","-200,000","542,000,000","-3,800,000","-2,100,000","-25,000,000","-7,600,000","400,000","-49,700,000","-2,200,000","1,100,000","800,000","-1,600,000",,,,,"-700,000","-11,400,000","-400,000","100,000","900,000","-88,900,000","81,000,000","800,000","-500,000","-11,012,000","-749,000","3,000","277,000","-179,000","388,000","697,000","-6,524,000","18,284,000","387,000","-7,615,000","196,000","85,000","99,000","211,000","-61,000","17,037,000","-67,000","36,000","-34,000","468,000","27,000",,
	EarningsFromEquityInterest,"-13,700,000","3,000,000","5,500,000","4,900,000","-27,100,000","-103,700,000","8,100,000","10,500,000","8,400,000","5,500,000","11,800,000","10,400,000","3,700,000","6,900,000","13,800,000","15,100,000","12,000,000","12,400,000","18,600,000","11,500,000","9,600,000","8,100,000","5,400,000","13,400,000","6,200,000","6,500,000","-72,000,000","2,800,000","5,000,000","3,400,000","600,000","300,000","-1,500,000","-100,000","300,000","-400,000",,,,,,,,,,,,,,,,,,,,,,,,,,,,,,,,,,,,,,,,,,,,,,,,,,,
	SpecialIncomeCharges,"-44,000,000","-3,800,000","-20,800,000","-18,500,000","-900,000","-6,900,000","200,000","-21,300,000","-3,800,000","-81,300,000","-4,100,000","-100,000","209,400,000","-2,000,000","-1,800,000","-3,600,000","-24,400,000","300,000","-155,100,000","-6,300,000","-400,000","-37,300,000","-83,700,000","-2,100,000","-22,700,000","-109,700,000","-1,332,900,000","-614,900,000","-298,700,000","-1,000,000","-51,500,000","-900,000","-5,300,000","-1,600,000","-30,500,000","300,000","0","0","-800,000","542,000,000","-3,800,000","-2,100,000","-25,000,000","-7,600,000","400,000","-49,700,000","-2,200,000","1,100,000","800,000","-1,600,000",,"100,000","0","0","-700,000","-11,400,000","-400,000","100,000","900,000","-88,900,000","81,000,000","800,000","-500,000","-11,012,000","-749,000","3,000","277,000","-179,000","388,000","697,000","-6,524,000","18,284,000","387,000","-7,615,000","196,000","85,000","99,000","211,000","-61,000","17,037,000","-67,000","36,000","-34,000","468,000","27,000","235,000","0"
		RestructuringAndMergernAcquisition,,,,,,,"0","0","0",,"0","0","-209,400,000",,,,,,,,,,,,,,,,,,,,,,,,,,,,,,,,,,,,,,,,,,,,,,,,,,,,,,,,,,,,,,,,,,,,,,,,,,
		ImpairmentOfCapitalAssets,,,"0","0","0","0","0","0","0","80,300,000",,,,,"0",,,,"38,800,000","0","0","0","52,900,000",,"0","109,700,000","515,400,000","609,900,000","281,000,000",,"48,800,000","0",,,"0","4,100,000",,,,,,,,,,,,,,,,,,,,,,,,,,,,,,,,,,,,,,,,,,,,,,,,,,,
		OtherSpecialCharges,,,"800,000",,"1,200,000","5,500,000","-100,000",,,,,,,,"900,000",,,,"57,000,000",,"400,000","37,300,000","0",,"-10,000,000",,"200,000","2,700,000","17,100,000",,"0",,"6,500,000","2,100,000",,,,,,"-100,000","3,800,000","2,100,000","25,000,000","7,600,000","-400,000","49,700,000","2,200,000",,,"1,600,000",,,,,,,,,,,,,,,,,,,,,,,,,,,,,,,,,,,,,
		GainOnSaleOfPPE,"-42,000,000","-3,800,000","-20,000,000","-18,500,000","300,000","-1,400,000","100,000","-21,300,000","-3,800,000","-1,000,000","-4,100,000","-100,000","0","-2,000,000","-900,000","-3,600,000","-24,400,000","300,000","-59,300,000","-6,300,000","0",,"-30,800,000","-2,100,000","-32,700,000","0","-817,300,000","-2,300,000","-600,000","-1,000,000","-2,700,000","-900,000","1,200,000","500,000","900,000","4,400,000",,"0","-800,000",,,,,,,,,,,,,,,,,,,,,,,,,,,,,,,,,,,,,,,,,,,,,,,,
	OtherNonOperatingIncomeExpenses,,"300,000","-100,000","100,000","100,000",,"-900,000",,"100,000","100,000","300,000","100,000","100,000","100,000","200,000",,"100,000","100,000","900,000","200,000","100,000","100,000","100,000","200,000","100,000","100,000","100,000","200,000","100,000","200,000","200,000","200,000","100,000","100,000",,,,"100,000","600,000",,,,,,,,,,,,,,,,,,,,,,,,,,,,,,,,,,,,,,,,,,,,,,,,
PretaxIncome,"23,400,000","22,200,000","78,700,000","-39,500,000","-38,000,000","-38,400,000","28,300,000","4,600,000","-24,400,000","-23,400,000","47,200,000","33,600,000","225,300,000","14,100,000","59,500,000","-5,200,000","-21,300,000","34,100,000","-120,400,000","-27,800,000","300,000","-19,500,000","-64,200,000","3,200,000","-37,100,000","-93,700,000","-1,403,600,000","-623,700,000","-296,300,000","18,500,000","-30,700,000","12,000,000","-4,600,000","14,000,000","-42,300,000","-7,400,000","-4,200,000","-5,000,000","2,900,000","544,800,000","-17,800,000","44,200,000","-3,500,000","-50,200,000","-35,200,000","36,800,000","38,700,000","-50,900,000","-35,100,000","88,300,000","46,500,000","-32,100,000","-13,800,000","91,700,000","57,700,000","-32,500,000","-20,100,000","82,300,000","8,600,000","-25,700,000","-21,200,000","86,800,000","29,400,000","-30,565,000","-32,200,000","62,114,000","11,129,000","-3,500,000","-24,095,000","55,235,000","11,059,000","-9,585,000","-9,687,000","5,442,000","9,401,000","-5,440,000","-6,516,000","17,805,000","7,766,000","-4,286,000","-5,880,000","14,071,000","4,497,000","-3,676,000","-4,162,000","-2,230,000","-1,953,000"
TaxProvision,"300,000","0","100,000","100,000","100,000","-100,000","500,000","0","-100,000",,"0","0","300,000",,"-100,000","0","200,000","0","-800,000","100,000","0","-100,000","100,000","200,000","0","0","-1,200,000","-300,000","-300,000","400,000","0","100,000","200,000","800,000","-200,000","500,000","300,000","300,000","100,000","1,600,000","-100,000","200,000","100,000","0","300,000","200,000","200,000","100,000","-300,000","200,000","100,000","300,000","200,000","100,000","100,000","100,000","200,000","100,000","300,000","-5,800,000","5,500,000","300,000",,"-208,000","165,000","285,000","425,000","-295,000","24,000","276,000","58,000","3,000","113,000","20,000","31,000","1,000","32,000","20,000","50,000","11,000","30,000","20,000","32,000",,"0","7,000","0"
NetIncomeCommonStockholders,"-78,200,000","-3,000,000","53,100,000","-64,900,000","-63,400,000","-63,400,000","2,300,000","-20,700,000","-49,500,000","-48,300,000","21,800,000","8,700,000","199,400,000","-4,900,000","40,500,000","-24,300,000","-40,600,000","15,100,000","-141,100,000","-50,500,000","-19,500,000","-43,300,000","-82,600,000","-10,000,000","-51,200,000","-101,200,000","-1,414,500,000","-226,900,000","-40,000,000","8,300,000","38,400,000","2,800,000","-4,400,000","19,600,000","8,300,000","-8,300,000","1,600,000","-5,800,000","1,300,000","540,000,000","-21,800,000","40,700,000","-3,700,000","-50,200,000","-35,500,000","36,600,000","66,700,000","500,000","-52,200,000","70,300,000","29,400,000","-45,500,000","-26,600,000","79,300,000","57,200,000","-33,100,000","-20,700,000","82,000,000","8,300,000","-31,700,000","79,400,000","86,500,000","29,400,000","-30,357,000","-32,365,000","61,829,000","10,704,000","-3,205,000","-24,119,000","54,959,000","11,001,000","-9,588,000","-9,800,000","5,422,000","9,370,000","-5,441,000","-6,548,000","17,785,000","7,716,000","-4,297,000","-5,910,000","14,051,000","4,465,000","-3,676,000","-4,162,000","-2,237,000","-1,953,000"
	NetIncome,"-18,100,000","12,000,000","68,200,000","-49,900,000","-48,400,000","-48,400,000","17,400,000","-5,700,000","-34,500,000","-33,300,000","36,900,000","23,700,000","214,400,000","10,100,000","55,500,000","-9,300,000","-25,500,000","30,100,000","-126,100,000","-34,300,000","-6,000,000","-25,500,000","-70,500,000","-3,100,000","-43,100,000","-99,600,000","-1,408,300,000","-226,900,000","-40,000,000","8,300,000","38,400,000","2,800,000","-4,400,000","19,600,000","8,300,000","-8,300,000","1,600,000","-5,800,000","1,300,000","540,000,000","-21,800,000","40,700,000","-3,700,000","-50,200,000","-35,500,000","36,600,000","66,700,000","-51,000,000","-34,900,000","87,900,000","46,000,000","-32,800,000","-14,300,000","91,300,000","57,200,000","-33,100,000","-20,700,000","82,000,000","8,300,000","-31,700,000","79,400,000","86,500,000","29,400,000","-30,357,000","-32,365,000","61,829,000","10,704,000","-3,205,000","-24,119,000","54,959,000","11,001,000","-9,588,000","-9,800,000","5,422,000","9,370,000","-5,441,000","-6,548,000","17,785,000","7,716,000","-4,297,000","-5,910,000","14,051,000","4,465,000","-3,676,000","-4,162,000","-2,237,000","-1,953,000"
		NetIncomeIncludingNoncontrollingInterests,"23,100,000","22,200,000","78,600,000","-39,600,000","-38,100,000","-38,300,000","27,800,000","4,600,000","-24,300,000","-23,400,000","47,200,000","33,600,000","225,000,000","14,100,000","59,600,000","-5,200,000","-21,500,000","34,100,000","-119,600,000","-27,900,000","300,000","-19,400,000","-64,300,000","3,000,000","-37,100,000","-93,700,000","-1,402,400,000","-623,400,000","-296,000,000","18,100,000","-30,700,000","11,900,000","-4,800,000","13,200,000","-42,100,000","-7,900,000","-4,500,000","-5,300,000","2,800,000","543,200,000","-17,700,000","44,000,000","-3,600,000","-50,200,000","-35,500,000","36,600,000","38,500,000","-51,000,000","-34,800,000","88,100,000","46,400,000","-32,400,000","-14,000,000","91,600,000","57,600,000","-32,600,000","-20,300,000","82,000,000","36,900,000","-100,500,000","53,900,000","86,500,000","29,400,000","-30,357,000","-32,365,000","61,829,000","10,704,000","-3,205,000","-24,119,000","54,959,000","11,001,000","-9,588,000","-9,800,000","5,422,000","9,370,000","-5,441,000","-6,548,000","17,785,000","7,716,000","-4,297,000","-5,910,000","14,051,000","4,465,000","-3,676,000","-4,162,000","-2,237,000","-1,953,000"
			NetIncomeContinuousOperations,"23,100,000","22,200,000","78,600,000","-39,600,000","-38,100,000","-38,300,000","27,800,000","4,600,000","-24,300,000","-23,400,000","47,200,000","33,600,000","225,000,000","14,100,000","59,600,000","-5,200,000","-21,500,000","34,100,000","-119,600,000","-27,900,000","300,000","-19,400,000","-64,300,000","3,000,000","-37,100,000","-93,700,000","-1,402,400,000","-623,400,000","-296,000,000","18,100,000","-30,700,000","11,900,000","-4,800,000","13,200,000","-42,100,000","-7,900,000","-4,500,000","-5,300,000","2,800,000","543,200,000","-17,700,000","44,000,000","-3,600,000","-50,200,000","-35,500,000","36,600,000","38,500,000","-51,000,000","-34,800,000","88,100,000","46,400,000","-32,400,000","-14,000,000","91,600,000","57,200,000","-33,100,000","-20,700,000","82,000,000","8,300,000","-31,700,000","79,400,000","86,500,000","29,400,000","-30,357,000","-32,365,000","61,829,000","10,704,000","-3,205,000","-24,119,000","54,959,000","11,001,000","-9,588,000","-9,800,000","5,422,000","9,370,000","-5,441,000","-6,548,000","17,785,000","7,716,000","-4,297,000","-5,910,000","14,051,000","4,465,000","-3,676,000","-4,162,000","-2,237,000","-1,953,000"
		MinorityInterests,"-41,200,000","-10,200,000","-10,400,000","-10,300,000","-10,300,000","-10,100,000","-10,400,000","-10,300,000","-10,200,000","-9,900,000","-10,300,000","-9,900,000","-10,600,000","-4,000,000","-4,100,000","-4,100,000","-4,000,000","-4,000,000","-6,500,000","-6,400,000","-6,300,000","-6,100,000","-6,200,000","-6,100,000","-6,000,000","-5,900,000","-5,900,000","396,500,000","256,000,000","-9,800,000","69,100,000","-9,100,000","400,000","6,400,000","50,400,000","-400,000","6,100,000","-500,000","-1,500,000","-3,200,000","-4,100,000","-3,300,000","-100,000","0","0","0","28,200,000","0","-100,000","-200,000","-400,000","-400,000","-300,000","-300,000","-400,000","-500,000","-400,000",,"-28,600,000",,"25,500,000",,,,,,,,,,,,,,,,,,,,,,,,,,
	PreferredStockDividends,"60,100,000","15,000,000","15,100,000","15,000,000","15,000,000","15,000,000","15,100,000","15,000,000","15,000,000","15,000,000","15,100,000","15,000,000","15,000,000","15,000,000","15,000,000","15,000,000","15,100,000","15,000,000","15,000,000","16,200,000","13,500,000","17,800,000","12,100,000","6,900,000","8,100,000","1,600,000","6,200,000",,,,,,,,,,,,,,,,,,,,,,"17,300,000","17,600,000","16,600,000","12,700,000","12,300,000","12,000,000",,,,,,,,,,,,,,,,,,,,,,,,,,,,,,,,,
DilutedNIAvailtoComStockholders,"-78,200,000","-3,000,000","53,100,000","-64,900,000","-63,400,000","-63,400,000","2,300,000","-20,700,000","-49,500,000","-48,300,000","21,600,000","8,600,000","198,200,000","-4,900,000","40,500,000","-24,300,000","-40,600,000","15,000,000","-141,100,000","-50,500,000","-19,500,000","-43,300,000","-82,600,000","-10,000,000","-51,200,000","-101,200,000","-1,420,600,000","-221,500,000","-39,100,000","8,100,000","37,500,000","2,800,000","-4,300,000","19,100,000","7,900,000","-8,100,000","1,500,000","-5,800,000","1,300,000",,"-21,800,000",,"-3,700,000",,,,,"500,000","-52,200,000","87,900,000","29,400,000","-45,500,000","-26,600,000","79,300,000","57,200,000","-33,100,000","-20,700,000","82,000,000","8,300,000","-31,700,000","79,400,000","86,500,000","29,400,000","-30,357,000","-32,365,000","61,829,000","10,704,000","-3,205,000","-24,119,000","54,959,000","11,001,000","-9,588,000","-9,800,000","5,422,000","9,370,000","-5,441,000","-6,548,000","17,785,000","7,716,000","-4,297,000","-5,910,000","14,051,000","4,465,000","-3,676,000","-4,162,000","-2,237,000","-1,953,000"
BasicEPS,,"-0.04","0.84","-1.03","-1","-0.86","0.03","-0.28","-0.68","-0.66","0.3","0.12","2.76","-0.07","0.57","-0.34","-0.57","0.21","-2.01","-0.72","-0.28","-0.62","-1.2","-0.14","-0.74","-1.47","-20.77","-11.8","-2.1","0.4","2.1","0.2","-0.2","1.1",,"-0.5","0.3","-0.4","0.1",,"-1.5","3.2","-0.3",,"-3.2","3.3","8.2",,"-7.9","11","4.9",,"-4.8","15.5","9.1",,"-6","14.6","5.7",,"-7.7","17","5.2",,"-9","14.1","1.7",,"-7.2","15.2","4.1",,"-4.2","2.4","4.8",,"-3.75","11.1","4.9",,"-4.4","10.6","3.75",,"-3.634",,"-1.705"
DilutedEPS,,"-0.04","0.79","-1.03","-1","-0.86","0.03","-0.28","-0.68","-0.66","0.28","0.12","2.58","-0.07","0.57","-0.34","-0.57","0.21","-2.01","-0.72","-0.28","-0.62","-1.2","-0.14","-0.74","-1.47","-20.77","-11.8","-2.1","0.4","2.1","0.2","-0.2","1.1",,"-0.5","0.3","-0.4","0.1",,"-1.7","3.1","-0.3",,"-3.2","3","7.2",,"-7.9","10.9","4.9",,"-4.8","15.5","9.1",,"-6","14.6","5.7",,"-7.7","17","5.1",,"-9","14","1.6",,"-7.2","14.9","4",,"-4.2","2.3","4.6",,"-3.75","10.95","4.85",,"-4.4","10.4","3.7",,"-3.634",,"-1.705"
BasicAverageShares,,"75,000,000","63,214,286","63,009,709","63,400,000","73,720,930","76,666,667","73,400,000","73,200,000","72,900,000","71,900,000","71,800,000","71,800,000","71,833,000","71,217,000","71,212,000","71,225,000","71,165,000","70,274,000","69,725,000","69,655,000","69,697,000","69,060,000","69,050,000","69,044,000","68,912,000","68,119,000","18,833,700","18,283,800","18,280,100","18,202,200","18,201,400","18,211,600","18,188,500",,"16,672,000","5,245,900","13,174,600","12,876,900",,"12,581,800","12,574,300","12,255,600",,"11,253,800","10,979,700","8,161,900",,"6,588,000","6,421,300","5,983,700",,"5,531,100","5,112,200","5,085,200",,"4,971,100","4,969,300","4,965,800",,"4,935,600","4,665,600","4,512,800",,"3,545,300","3,531,100","4,022,000",,"3,287,800","3,285,600","2,531,000",,"2,295,000","2,240,100","1,932,500",,"1,703,200","1,567,600","1,542,600",,"1,317,000","1,300,800","1,165,400",,"1,145,181",,"1,145,181"
DilutedAverageShares,,"75,000,000","67,215,190","63,009,709","63,400,000","73,720,930","76,666,667","73,400,000","73,200,000","72,900,000","76,600,000","75,500,000","83,000,000","71,833,000","71,217,000","71,212,000","71,225,000","71,954,000","70,274,000","69,725,000","69,655,000","69,697,000","69,060,000","69,050,000","69,044,000","68,912,000","68,119,000","19,272,500","18,722,600","18,718,900","18,641,000","18,640,200","18,650,400","18,627,300",,"17,110,800","5,684,700","13,174,600","13,158,200",,"12,581,800","13,159,400","12,255,600",,"11,253,800","12,166,200","9,329,700",,"6,588,000","6,425,200","5,988,500",,"5,531,100","5,115,300","5,086,400",,"4,971,100","4,977,000","4,977,300",,"4,935,600","4,682,600","4,534,300",,"4,042,000","4,076,000","4,149,200",,"3,287,800","3,349,800","2,587,400",,"2,295,000","2,287,700","1,977,900",,"1,703,200","1,590,200","1,561,000",,"1,317,000","1,321,400","1,179,600",,"1,145,181",,"1,145,181"
TotalOperatingIncomeAsReported,"170,900,000","55,000,000","104,200,000","-13,600,000","25,300,000","106,800,000","54,300,000","27,800,000","1,100,000","3,600,000","67,200,000","53,700,000","249,300,000","32,000,000","71,800,000","4,800,000","-9,100,000","46,000,000","-115,300,000","-15,300,000","15,100,000","36,100,000","-42,500,000","17,100,000","-19,100,000","-64,200,000","-1,296,100,000","-588,300,000","-248,900,000","48,500,000","-200,000","43,000,000","29,400,000","45,700,000","-11,100,000","15,800,000","7,800,000","6,200,000","10,400,000","13,300,000","6,600,000","66,500,000","48,100,000","-21,700,000","-8,900,000","113,400,000","71,700,000","-27,900,000","-13,000,000","111,100,000","67,600,000","-14,600,000","3,400,000","109,800,000","74,500,000","-17,500,000","-4,900,000","97,200,000","52,300,000","-12,700,000","-9,700,000","98,300,000","42,300,000","-20,870,000","-17,812,000","75,544,000","23,995,000","7,811,000","-15,339,000","64,943,000","21,052,000","-7,585,000","-8,631,000","25,174,000","12,101,000","-2,942,000","-4,352,000","20,090,000","10,467,000","-1,935,000","-2,910,000","16,033,000","5,769,000","-2,078,000","-2,200,000","-1,442,000","-1,298,000"
TotalExpenses,"4,907,200,000","1,525,000,000","1,256,200,000","1,221,400,000","904,600,000","924,500,000","600,300,000","470,100,000","347,800,000","643,000,000","768,400,000","769,800,000","643,500,000","801,200,000","695,700,000","921,800,000","825,200,000","1,069,300,000","1,207,100,000","964,600,000","835,200,000","792,000,000","753,800,000","568,400,000","588,300,000","490,500,000","592,500,000","606,800,000","608,800,000","682,000,000","945,900,000","992,300,000","891,600,000","924,300,000","788,800,000","411,700,000","111,100,000","444,200,000","427,400,000","291,000,000","362,800,000","593,700,000","619,100,000","465,200,000","397,100,000","606,800,000","522,000,000","329,500,000","304,600,000","578,300,000","434,100,000","250,200,000","230,500,000","455,700,000","459,500,000","358,400,000","380,100,000","551,000,000","462,300,000","288,600,000","256,500,000","454,400,000","365,400,000","277,746,000","233,430,000","389,257,000","426,271,000","196,830,000","188,941,000","349,485,000","236,413,000","109,716,000","78,346,000","152,894,000","120,480,000","58,486,000","43,833,000","138,560,000","99,223,000","-11,406,000","60,890,000","85,992,000","56,266,000","32,975,000","24,003,000","1,289,000","14,506,000"
NetIncomeFromContinuingAndDiscontinuedOperation,"-18,100,000","12,000,000","68,200,000","-49,900,000","-48,400,000","-48,400,000","17,400,000","-5,700,000","-34,500,000","-33,300,000","36,900,000","23,700,000","214,400,000","10,100,000","55,500,000","-9,300,000","-25,500,000","30,100,000","-126,100,000","-34,300,000","-6,000,000","-25,500,000","-70,500,000","-3,100,000","-43,100,000","-99,600,000","-1,408,300,000","-226,900,000","-40,000,000","8,300,000","38,400,000","2,800,000","-4,400,000","19,600,000","8,300,000","-8,300,000","1,600,000","-5,800,000","1,300,000","540,000,000","-21,800,000","40,700,000","-3,700,000","-50,200,000","-35,500,000","36,600,000","66,700,000","-51,000,000","-34,900,000","87,900,000","46,000,000","-32,800,000","-14,300,000","91,300,000","57,200,000","-33,100,000","-20,700,000","82,000,000","8,300,000","-31,700,000","79,400,000","86,500,000","29,400,000","-30,357,000","-32,365,000","61,829,000","10,704,000","-3,205,000","-24,119,000","54,959,000","11,001,000","-9,588,000","-9,800,000","5,422,000","9,370,000","-5,441,000","-6,548,000","17,785,000","7,716,000","-4,297,000","-5,910,000","14,051,000","4,465,000","-3,676,000","-4,162,000","-2,237,000","-1,953,000"
NormalizedIncome,"25,335,897.436","15,800,000","88,973,570.521","-36,395,000","-47,743,000","-41,517,968.75","17,203,533.569","15,600,000","-30,715,573.77","48,000,000","41,000,000","23,800,000","5,278,828.229","11,560,000","56,814,000","-5,700,000","-7,688,000","29,881,000","29,000,000","-30,520,000","-5,600,000","11,608,717.949","-20,280,000","-1,131,250","-20,400,000","10,100,000","-76,539,555.429","387,704,232.804","258,397,570.03","9,278,378.378","89,900,000","3,692,500","-955,000","21,108,571.429","38,655,791.962","-8,495,000","1,600,000","-5,800,000","2,072,413.793","-408,223.201","-18,021,348.315","42,790,497.738","12,550,000","-42,600,000","-35,760,000","86,029,891.304","68,888,630.491","-51,715,000","-35,693,162.393","89,496,375.991","46,000,000","-32,865,000","-14,300,000","91,300,000","57,898,786.828","-25,690,000","-20,440,000","81,900,121.507","7,431,395.349","37,136,964.981","26,750,000","85,702,764.977","29,700,000","-19,419,938.524","-31,915,600","61,826,013.765","10,437,578.219","-3,041,087.143","-24,351,800","54,265,482.792","17,490,784.248","-20,558,400","-10,032,200","13,009,013.965","9,174,646.314","-5,492,000","-6,607,400","17,574,237.012","7,776,607.262","-14,519,200","-5,869,800","14,015,051.169","4,498,758.061","-4,144,000","-4,189,000","-2,378,000","-1,953,000"
InterestExpense,"132,200,000","36,100,000","30,100,000","30,900,000","35,100,000","36,000,000","33,300,000","33,700,000","34,000,000","32,600,000","32,100,000","30,600,000","27,800,000","24,900,000","25,400,000","25,100,000","24,300,000","24,400,000","24,600,000","24,200,000","24,100,000","26,500,000","27,200,000","27,500,000","34,300,000","36,100,000","35,400,000","35,700,000","35,400,000","33,600,000","31,300,000","31,500,000","32,600,000","31,700,000","31,700,000","22,800,000","12,000,000","11,300,000","8,100,000","10,400,000","22,800,000","22,400,000","28,000,000","26,000,000","27,200,000",,"33,100,000",,"22,900,000","22,900,000","21,100,000","17,600,000","17,200,000","18,100,000",,,,,,,,,,,,,,,,,,,,,,,,,,,,,,,,,
NetInterestIncome,"-132,200,000","-36,100,000","-30,100,000","-30,900,000","-35,100,000","-36,000,000","-33,300,000","-33,700,000","-34,000,000","-32,600,000","-32,100,000","-30,600,000","-27,800,000","-24,900,000","-25,400,000","-25,100,000","-24,300,000","-24,400,000","-24,600,000","-24,200,000","-24,100,000","-26,500,000","-27,200,000","-27,500,000","-34,300,000","-36,100,000","-35,400,000","-35,700,000","-35,400,000","-33,600,000","-31,300,000","-31,500,000","-32,600,000","-31,700,000","-31,700,000","-22,800,000","-12,000,000","-11,300,000","-8,100,000","-10,400,000","-22,800,000","-22,400,000","-28,000,000","-26,000,000","-27,200,000","-27,200,000","-33,100,000","-24,100,000","-22,900,000","-22,900,000","-21,100,000","-17,600,000","-17,200,000","-18,100,000",,,,,,,,,,,,,,,,,,,,,,,,,,,,,,,,,
EBIT,"155,600,000","58,300,000","108,800,000","-8,600,000","-2,900,000","-2,400,000","61,600,000","38,300,000","9,600,000","9,200,000","79,300,000","64,200,000","253,100,000","39,000,000","84,900,000","19,900,000","3,000,000","58,500,000","-95,800,000","-3,600,000","24,400,000","7,000,000","-37,000,000","30,700,000","-2,800,000","-57,600,000","-1,368,200,000","-588,000,000","-260,900,000","52,100,000","600,000","43,500,000","28,000,000","45,700,000","-10,600,000","15,400,000","7,800,000","6,300,000","11,000,000","555,200,000","5,000,000","66,600,000","24,500,000","-24,200,000","-8,000,000","113,700,000","71,800,000","-28,800,000","-12,200,000","112,800,000","67,600,000","-14,500,000","3,400,000","109,800,000","74,500,000","-17,500,000","-4,900,000","97,200,000","52,300,000","-12,700,000","-9,700,000","98,300,000","42,300,000","-20,870,000","-17,812,000","75,544,000","23,995,000","7,811,000","-15,339,000","64,943,000","21,052,000","-7,585,000","-8,631,000","25,174,000","12,101,000","-2,942,000","-4,352,000","20,090,000","10,467,000","-18,513,000","-2,910,000","16,033,000","5,769,000","-2,078,000","-2,200,000","-1,442,000","-1,298,000"
EBITDA,"415,400,000"
ReconciledCostOfRevenue,"4,654,300,000","1,439,200,000","1,195,200,000","1,163,900,000","856,000,000","873,000,000","541,200,000","419,500,000","286,700,000","590,500,000","709,900,000","708,900,000","586,500,000","735,400,000","650,600,000","866,700,000","769,900,000","1,010,900,000","1,149,600,000","906,600,000","778,300,000","731,900,000","697,600,000","517,000,000","514,400,000","425,700,000","520,700,000","524,700,000","534,300,000","603,900,000","864,500,000","915,000,000","818,800,000","852,300,000","708,900,000","345,400,000","80,000,000","413,300,000","394,900,000","204,300,000","241,500,000","462,600,000","487,800,000","335,500,000","271,700,000","477,700,000","391,100,000","200,900,000","187,100,000","451,400,000","326,500,000","141,500,000","137,700,000","358,000,000","359,700,000","252,700,000","285,800,000","456,900,000","374,900,000","202,200,000","170,400,000","368,700,000","278,000,000","188,212,000","149,652,000","313,003,000","337,298,000","128,708,000","123,830,000","277,419,000","192,441,000","82,623,000","52,344,000","127,437,000","94,962,000","38,273,000","27,987,000","117,349,000","80,979,000","-25,363,000","45,455,000","67,244,000","45,997,000","24,358,000","16,375,000","-2,477,000","11,976,000"
ReconciledDepreciation,"259,800,000","74,800,000","61,600,000","64,600,000","58,800,000","59,200,000","59,500,000","60,800,000","61,000,000","56,100,000","55,200,000","51,500,000","49,300,000","39,800,000","39,900,000","39,200,000","44,500,000","45,100,000","46,500,000","48,100,000","48,700,000","48,400,000","52,600,000","50,300,000","64,400,000","62,300,000","75,600,000","75,500,000","74,800,000","74,200,000","76,100,000","71,700,000","71,200,000","66,300,000","62,100,000","55,400,000","11,700,000","38,700,000","34,800,000","33,000,000","38,200,000","49,700,000","48,700,000","50,000,000","48,000,000","47,400,000","46,400,000","44,100,000","40,500,000","40,100,000","37,100,000","36,500,000","26,400,000","26,600,000","26,300,000","26,400,000","26,800,000","23,700,000","23,400,000","23,100,000","22,000,000","19,600,000","21,100,000","18,637,000","21,200,000","18,902,000","20,215,000","17,095,000","13,033,000","12,879,000","9,182,000","6,311,000","5,975,000","5,269,000","5,220,000","4,207,000","3,719,000","3,718,000","3,705,000","3,469,000","3,537,000","3,714,000","1,977,000","2,485,000","1,723,000","858,000","541,000"
NetIncomeFromContinuingOperationNetMinorityInterest,"-18,100,000","12,000,000","68,200,000","-49,900,000","-48,400,000","-48,400,000","17,400,000","-5,700,000","-34,500,000","-33,300,000","36,900,000","23,700,000","214,400,000","10,100,000","55,500,000","-9,300,000","-25,500,000","30,100,000","-126,100,000","-34,300,000","-6,000,000","-25,500,000","-70,500,000","-3,100,000","-43,100,000","-99,600,000","-1,408,300,000","-226,900,000","-40,000,000","8,300,000","38,400,000","2,800,000","-4,400,000","19,600,000","8,300,000","-8,300,000","1,600,000","-5,800,000","1,300,000","540,000,000","-21,800,000","40,700,000","-3,700,000","-50,200,000","-35,500,000","36,600,000","66,700,000","-51,000,000","-34,900,000","87,900,000","46,000,000","-32,800,000","-14,300,000","91,300,000","57,200,000","-33,100,000","-20,700,000","82,000,000","8,300,000","-31,700,000","79,400,000","86,500,000","29,400,000","-30,357,000","-32,365,000","61,829,000","10,704,000","-3,205,000","-24,119,000","54,959,000","11,001,000","-9,588,000","-9,800,000","5,422,000","9,370,000","-5,441,000","-6,548,000","17,785,000","7,716,000","-4,297,000","-5,910,000","14,051,000","4,465,000","-3,676,000","-4,162,000","-2,237,000","-1,953,000"
TotalUnusualItemsExcludingGoodwill,"-44,000,000","-3,800,000","-20,800,000","-18,500,000","-900,000","-6,900,000","200,000","-21,300,000","-3,800,000","-81,300,000","-4,100,000","-100,000","209,400,000","-2,000,000","-1,800,000","-3,600,000","-24,400,000","300,000","-155,100,000","-6,300,000","-400,000","-37,300,000","-83,700,000","-2,100,000","-22,700,000","-109,700,000","-1,332,900,000","-614,900,000","-298,700,000","-1,000,000","-51,500,000","-900,000","-5,300,000","-1,600,000","-30,500,000","300,000","0","0","-800,000","542,000,000","-3,800,000","-2,100,000","-25,000,000","-7,600,000","400,000","-49,700,000","-2,200,000","1,100,000","800,000","-1,600,000",,"100,000","0","0","-700,000","-11,400,000","-400,000","100,000","900,000","-88,900,000","81,000,000","800,000","-500,000","-11,012,000","-749,000","3,000","277,000","-179,000","388,000","697,000","-6,524,000","18,284,000","387,000","-7,615,000","196,000","85,000","99,000","211,000","-61,000","17,037,000","-67,000","36,000","-34,000","468,000","27,000","235,000","0"
TotalUnusualItems,"-44,000,000","-3,800,000","-20,800,000","-18,500,000","-900,000","-6,900,000","200,000","-21,300,000","-3,800,000","-81,300,000","-4,100,000","-100,000","209,400,000","-2,000,000","-1,800,000","-3,600,000","-24,400,000","300,000","-155,100,000","-6,300,000","-400,000","-37,300,000","-83,700,000","-2,100,000","-22,700,000","-109,700,000","-1,332,900,000","-614,900,000","-298,700,000","-1,000,000","-51,500,000","-900,000","-5,300,000","-1,600,000","-30,500,000","300,000","0","0","-800,000","542,000,000","-3,800,000","-2,100,000","-25,000,000","-7,600,000","400,000","-49,700,000","-2,200,000","1,100,000","800,000","-1,600,000",,"100,000","0","0","-700,000","-11,400,000","-400,000","100,000","900,000","-88,900,000","81,000,000","800,000","-500,000","-11,012,000","-749,000","3,000","277,000","-179,000","388,000","697,000","-6,524,000","18,284,000","387,000","-7,615,000","196,000","85,000","99,000","211,000","-61,000","17,037,000","-67,000","36,000","-34,000","468,000","27,000","235,000","0"
NormalizedEBITDA,"459,400,000","136,900,000","191,200,000","74,500,000","56,800,000","63,700,000","120,900,000","120,400,000","74,400,000","146,600,000","138,600,000","115,800,000","93,000,000","80,800,000","126,600,000","62,700,000","71,900,000","103,300,000","105,800,000","50,800,000","73,500,000","92,700,000","99,300,000","83,100,000","84,300,000","114,400,000","40,300,000","102,400,000","112,600,000","127,300,000","128,200,000","116,100,000","104,500,000","113,600,000","82,000,000","70,500,000","19,500,000","45,000,000","46,600,000","46,200,000","47,000,000","118,400,000","98,200,000","33,400,000","39,600,000","210,800,000","120,400,000","14,200,000","27,500,000","154,500,000","104,700,000","21,900,000","29,800,000","136,400,000","101,500,000","20,300,000","22,300,000","120,800,000","74,800,000","99,300,000","-68,700,000","117,100,000","63,900,000","8,779,000","4,137,000","94,443,000","43,933,000","25,085,000","-1,862,000","77,125,000","36,758,000","-19,558,000","-3,043,000","38,058,000","17,125,000","1,180,000","-732,000","23,597,000","14,233,000","-32,081,000","694,000","19,711,000","7,780,000","-61,000","-504,000","-819,000","-757,000"
TaxRateForCalcs,"0.013","0","0.001","0.27","0.27","0.003","0.018","0","0.004","0","0","0","0.001","0.27","0.27","0","0.27","0.27","0","0.4","0","0.005","0.4","0.063","0","0","0.001","0","0.001","0.022","0","0.008","0.35","0.057","0.005","0.35","0.35","0.35","0.034","0.003","0.006","0.005","0.35","0","0.35","0.005","0.005","0.35","0.009","0.002","0.002","0.35","0.35","0.001","0.002","0.35","0.35","0.001","0.035","0.226","0.35","0.003","0.4","0.007","0.4","0.005","0.038","0.084","0.4","0.005","0.005","0.4","0.4","0.004","0.003","0.4","0.4","0.001","0.006","0.4","0.4","0.001","0.007","0","0","0.4","0"
TaxEffectOfUnusualItems,"-564,102.564","0","-26,429.479","-4,995,000","-243,000","-17,968.75","3,533.569","0","-15,573.77","0","0","0","278,828.229","-540,000","-486,000","0","-6,588,000","81,000","0","-2,520,000","0","-191,282.051","-33,480,000","-131,250","0","0","-1,139,555.429","-295,767.196","-302,429.97","-21,621.622","0","-7,500","-1,855,000","-91,428.571","-144,208.038","105,000","0","0","-27,586.207","1,591,776.799","-21,348.315","-9,502.262","-8,750,000","0","140,000","-270,108.696","-11,369.509","385,000","6,837.607","-3,624.009","0","35,000","0","0","-1,213.172","-3,990,000","-140,000","121.507","31,395.349","-20,063,035.019","28,350,000","2,764.977","-200,000","-74,938.524","-299,600","13.765","10,578.219","-15,087.143","155,200","3,482.792","-34,215.752","7,313,600","154,800","-27,986.035","646.314","34,000","39,600","237.012","-392.738","6,814,800","-26,800","51.169","-241.939","0","0","94,000","0"