name,ttm,03/31/2022,12/31/2021,09/30/2021,06/30/2021,03/31/2021,12/31/2020,09/30/2020,06/30/2020,03/31/2020,12/31/2019,09/30/2019,06/30/2019,03/31/2019,12/31/2018,09/30/2018,06/30/2018,03/31/2018,12/31/2017,09/30/2017,06/30/2017,03/31/2017,12/31/2016,09/30/2016,06/30/2016,03/31/2016,12/31/2015,09/30/2015,06/30/2015,03/31/2015,12/31/2014,09/30/2014,06/30/2014,03/31/2014,12/31/2013,09/30/2013,06/30/2013,03/31/2013,12/31/2012,09/30/2012,06/30/2012,03/31/2012,12/31/2011,09/30/2011,06/30/2011,03/31/2011,12/31/2010,09/30/2010,06/30/2010,03/31/2010,12/31/2009,09/30/2009,06/30/2009,03/31/2009,12/31/2008,09/30/2008,06/30/2008,03/31/2008,12/31/2007,09/30/2007,06/30/2007,03/31/2007,12/31/2006,09/30/2006,06/30/2006,03/31/2006,12/31/2005,09/30/2005,06/30/2005,03/31/2005,12/31/2004,09/30/2004,06/30/2004,03/31/2004,12/31/2003,09/30/2003,06/30/2003,03/31/2003,12/31/2002,09/30/2002
TotalRevenue,"131,695,000","34,391,000","34,057,000","32,790,000","30,457,000","25,402,000","28,145,000","24,960,000","23,606,000","23,615,000","28,312,000","23,471,000","18,400,000","16,969,000","21,401,000","21,413,000","17,494,000","17,569,000","21,601,000","24,044,000","20,575,000","21,287,000","21,196,000","17,846,000","17,103,000","16,508,000","16,071,000","16,235,000","13,359,000","13,834,000","13,821,000","14,098,000","9,215,000","13,674,000","13,966,000","10,005,000","12,813,000","12,116,000","12,967,000","12,006,000","13,592,000","15,112,000","15,952,000","14,847,000","14,388,000","15,052,000","13,026,000","10,675,000","10,609,000","10,601,000","10,185,000","9,659,000","9,110,000","9,513,000","10,009,000","10,206,000","10,083,000","10,067,000","8,241,000","8,729,000","8,515,000","7,726,000","8,066,000","7,893,000","8,412,000","8,134,000","7,681,000","8,386,000","9,528,000","10,041,000","9,169,000","9,714,000","9,576,000","9,214,000","9,604,000","9,302,000","9,087,000","8,843,000","5,662,000","4,852,000"
	OperatingRevenue,"131,695,000","34,391,000","34,057,000","32,790,000","30,457,000","25,402,000","28,145,000","24,960,000","23,606,000","23,615,000","28,312,000","23,471,000","18,400,000","16,969,000","21,401,000","21,413,000","17,494,000","17,569,000","21,601,000","24,044,000","20,575,000","21,287,000","21,196,000","17,846,000","17,103,000","16,508,000","16,071,000","16,235,000","13,359,000","13,834,000","13,821,000","14,098,000","9,215,000","13,674,000","13,966,000","10,005,000","12,813,000","12,116,000","9,488,000","12,006,000","13,592,000","15,112,000","15,952,000","14,847,000","14,388,000","15,052,000","13,026,000","10,675,000","10,609,000","10,601,000","10,185,000","9,659,000","9,110,000","9,513,000","10,009,000","10,206,000","10,083,000","10,067,000","8,241,000","8,729,000","8,515,000","7,726,000","8,066,000","7,893,000","8,412,000","8,134,000","7,681,000","8,386,000","9,528,000","10,041,000","9,169,000","9,714,000","9,576,000","9,214,000","9,604,000","9,302,000","9,087,000","8,843,000","5,662,000","4,852,000"
CostOfRevenue,"20,850,000","6,404,000","5,923,000","4,830,000","3,693,000","2,381,000","2,490,000","2,503,000","3,005,000","2,751,000","2,823,000","2,767,000","2,493,000","2,023,000","1,985,000","2,006,000","1,988,000","1,972,000","1,923,000","1,726,000","1,608,000","1,696,000","1,633,000","1,422,000","1,403,000","1,628,000","1,408,000","1,281,000","1,550,000","1,185,000","1,263,000","1,255,000","1,370,000","1,112,000","1,364,000","1,131,000","1,093,000","1,575,000","1,025,000","1,046,000","1,011,000","870,000","924,000","811,000","876,000","948,000","1,134,000","1,001,000","863,000","714,000","906,000","849,000","1,152,000","1,210,000","1,125,000","1,105,000","1,268,000","1,170,000","925,000","1,001,000","918,000","1,007,000","1,013,000","992,000","1,135,000","895,000","805,000","1,003,000","1,116,000","1,293,000","1,018,000","1,199,000","1,451,000","1,510,000","1,407,000","1,415,000","1,601,000","1,638,000","1,230,000","322,000"
GrossProfit,"110,845,000","27,987,000","28,134,000","27,960,000","26,764,000","23,021,000","25,655,000","22,457,000","20,601,000","20,864,000","25,489,000","20,704,000","15,907,000","14,946,000","19,416,000","19,407,000","15,506,000","15,597,000","19,678,000","22,318,000","18,967,000","19,591,000","19,563,000","16,424,000","15,700,000","14,880,000","14,663,000","14,954,000","11,809,000","12,649,000","12,558,000","12,843,000","7,845,000","12,562,000","12,602,000","8,874,000","11,720,000","10,541,000","11,942,000","10,960,000","12,581,000","14,242,000","15,028,000","14,036,000","13,512,000","14,104,000","11,892,000","9,674,000","9,746,000","9,887,000","9,279,000","8,810,000","7,958,000","8,303,000","8,884,000","9,101,000","8,815,000","8,897,000","7,316,000","7,728,000","7,597,000","6,719,000","7,053,000","6,901,000","7,277,000","7,239,000","6,876,000","7,383,000","8,412,000","8,748,000","8,151,000","8,515,000","8,125,000","7,704,000","8,197,000","7,887,000","7,486,000","7,205,000","4,432,000","4,530,000"
OperatingExpense,"105,539,000","27,519,000","26,578,000","26,266,000","25,176,000","24,351,000","23,248,000","22,455,000","22,110,000","22,527,000","22,031,000","20,971,000","18,090,000","17,878,000","17,244,000","17,255,000","18,167,000","18,505,000","16,531,000","16,108,000","16,797,000","15,245,000","13,434,000","12,636,000","13,053,000","13,058,000","12,435,000","11,463,000","11,779,000","12,086,000","12,195,000","11,613,000","10,109,000","10,429,000","9,840,000","10,001,000","9,905,000","9,232,000","9,524,000","8,812,000","9,378,000","9,644,000","10,103,000","9,314,000","9,474,000","9,228,000","8,125,000","7,386,000","7,851,000","7,963,000","7,779,000","7,214,000","7,204,000","7,183,000","8,372,000","8,317,000","8,757,000","8,504,000","8,340,000","7,732,000","7,643,000","7,543,000","7,475,000","7,303,000","8,094,000","8,461,000","7,850,000","8,245,000","9,414,000","8,296,000","8,044,000","7,930,000","7,658,000","7,364,000","11,786,000","7,669,000","7,270,000","7,184,000","6,298,000","3,155,000"
	SellingGeneralAndAdministration,"27,534,000","6,559,000","7,266,000","6,657,000","7,052,000","6,182,000","6,358,000","6,277,000","6,556,000","6,832,000","7,035,000","6,341,000","5,490,000","5,338,000","5,020,000","5,133,000","6,232,000","6,130,000","6,250,000","5,768,000","5,979,000","5,063,000","5,358,000","4,981,000","4,933,000","4,835,000","5,173,000","4,567,000","4,214,000","4,398,000","4,544,000","4,834,000","4,058,000","4,433,000","4,903,000","4,382,000","4,284,000","4,193,000","4,829,000","4,175,000","3,953,000","4,158,000","4,373,000","4,156,000","4,069,000","3,978,000","3,459,000","3,257,000","3,346,000","3,354,000","3,350,000","3,153,000","3,208,000","3,108,000","3,333,000","3,527,000","3,502,000","3,363,000","3,195,000","2,986,000","2,992,000","2,801,000","2,824,000","2,991,000","3,080,000","3,255,000","2,983,000","3,018,000","3,171,000","3,147,000","3,160,000","3,323,000","3,213,000","3,132,000","3,491,000","2,891,000","2,934,000","2,851,000","2,319,000","1,747,000"
		GeneralAndAdministrativeExpense,"15,052,000","3,636,000","3,762,000","3,495,000","4,159,000","2,880,000","3,223,000","3,566,000","3,663,000","3,664,000","3,481,000","3,509,000","2,534,000","2,317,000","2,161,000","2,406,000","2,833,000","2,954,000","3,100,000","2,711,000","2,552,000","2,125,000","2,281,000","2,218,000","2,078,000","1,990,000","2,363,000","2,183,000","1,666,000","1,972,000","1,930,000","2,223,000","1,861,000","2,040,000","2,082,000","2,006,000","1,744,000","1,838,000","2,226,000","1,940,000","1,849,000","1,869,000","2,086,000","2,057,000","1,742,000","1,754,000","1,399,000","1,593,000","1,570,000","1,546,000","1,532,000","1,525,000","1,558,000","1,472,000",,,,,,,,,,,,,,,,,,,,,,,,,,"1,013,000"
			OtherGandA,"15,052,000","3,636,000","3,762,000","3,495,000","4,159,000","2,880,000","3,223,000","3,566,000","3,663,000","3,664,000","3,481,000","3,509,000","2,534,000","2,317,000","2,161,000","2,406,000","2,833,000","2,954,000","3,100,000","2,711,000","2,552,000","2,125,000","2,281,000","2,218,000","2,078,000","1,990,000","2,363,000","2,183,000","1,666,000","1,972,000","1,930,000","2,223,000","1,861,000","2,040,000","2,082,000","2,006,000","1,744,000","1,838,000","2,226,000","1,940,000","1,849,000","1,869,000","2,086,000","2,057,000","1,742,000","1,754,000","1,399,000","1,593,000","1,570,000","1,546,000","1,532,000","1,525,000","1,558,000","1,472,000",,,,,,,,,,,,,,,,,,,,,,,,,,"1,013,000"
		SellingAndMarketingExpense,"12,482,000","2,923,000","3,504,000","3,162,000","2,893,000","3,302,000","3,135,000","2,711,000","2,893,000","3,168,000","3,554,000","2,832,000","2,956,000","3,021,000","2,859,000","2,727,000","3,399,000","3,176,000","3,150,000","3,057,000","3,427,000","2,938,000","3,077,000","2,763,000","2,855,000","2,845,000","2,810,000","2,384,000","2,548,000","2,426,000","2,614,000","2,611,000","2,197,000","2,393,000","2,821,000","2,376,000","2,540,000","2,355,000","2,603,000","2,235,000","2,104,000","2,289,000","2,287,000","2,099,000","2,327,000","2,224,000","2,060,000","1,664,000","1,776,000","1,808,000","1,818,000","1,628,000","1,650,000","1,636,000",,,,,,,,,,,,,,,,,,,,,,,,,,"734,000"
	ResearchAndDevelopment,"75,121,000","20,210,000","18,694,000","18,760,000","17,457,000","17,593,000","16,315,000","15,603,000","14,979,000","15,113,000","14,250,000","13,873,000","12,390,000","12,330,000","11,999,000","11,897,000","11,843,000","12,016,000","9,972,000","10,031,000","10,509,000","9,873,000","7,767,000","7,346,000","7,811,000","7,914,000","6,938,000","6,571,000","7,241,000","7,363,000","7,328,000","6,453,000","6,051,000","5,996,000","4,937,000","5,619,000","5,621,000","5,039,000","4,695,000","4,637,000","5,425,000","5,486,000","5,730,000","5,158,000","5,405,000","5,250,000","4,666,000","4,129,000","4,505,000","4,609,000","4,429,000","4,061,000","3,996,000","4,075,000","5,039,000","4,778,000","5,235,000","5,120,000","5,121,000","4,705,000","4,610,000","4,700,000","4,610,000","4,270,000","4,873,000","5,016,000","4,676,000","5,036,000","5,515,000","4,926,000","4,661,000","4,384,000","4,222,000","4,009,000","4,791,000","4,490,000","4,052,000","4,049,000","3,790,000","1,408,000"
	DepreciationAmortizationDepletionIncomeStatement,"2,884,000","750,000","618,000","849,000","667,000","576,000","575,000","575,000","575,000","582,000","746,000","757,000","210,000","210,000","225,000","225,000","92,000","359,000","309,000","309,000","309,000","309,000","309,000","309,000","309,000","309,000","324,000","325,000","324,000","325,000","323,000","326,000",,,,,,,,,,,,,,,,,,,"0","0","0","0","0","12,000","20,000","21,000","24,000","41,000","41,000","42,000","41,000","42,000","141,000","190,000","191,000","191,000","218,000","223,000","223,000","223,000","223,000","223,000","271,000","288,000","284,000","284,000",,
		DepreciationAndAmortizationInIncomeStatement,"2,884,000","750,000","618,000","849,000","667,000","576,000","575,000","575,000","575,000","582,000","746,000","757,000","210,000","210,000","225,000","225,000","92,000","359,000","309,000","309,000","309,000","309,000","309,000","309,000","309,000","309,000","324,000","325,000","324,000","325,000","323,000","326,000",,,,,,,,,,,,,,,,,,,"0","0","0","0","0","12,000","20,000","21,000","24,000","41,000","41,000","42,000","41,000","42,000","141,000","190,000","191,000","191,000","218,000","223,000","223,000","223,000","223,000","223,000","271,000","288,000","284,000","284,000",,
			Amortization,"2,884,000","750,000","618,000","849,000","667,000","576,000","575,000","575,000","575,000","582,000","746,000","757,000","210,000","210,000","225,000","225,000","92,000","359,000","309,000","309,000","309,000","309,000","309,000","309,000","309,000","309,000","324,000","325,000","324,000","325,000","323,000","326,000",,,,,,,,,,,,,,,,,,,"0","0","0","0","0","12,000","20,000","21,000","24,000","41,000","41,000","42,000","41,000","42,000","141,000","190,000","191,000","191,000","218,000","223,000","223,000","223,000","223,000","223,000","271,000","288,000","284,000","284,000",,
				AmortizationOfIntangiblesIncomeStatement,"2,884,000","750,000","618,000","849,000","667,000","576,000","575,000","575,000","575,000","582,000","746,000","757,000","210,000","210,000","225,000","225,000","92,000","359,000","309,000","309,000","309,000","309,000","309,000","309,000","309,000","309,000","324,000","325,000","324,000","325,000","323,000","326,000",,,,,,,,,,,,,,,,,,,"0","0","0","0","0","12,000","20,000","21,000","24,000","41,000","41,000","42,000","41,000","42,000","141,000","190,000","191,000","191,000","218,000","223,000","223,000","223,000","223,000","223,000","271,000","288,000","284,000","284,000",,
	OtherOperatingExpenses,,,,,,,,,,,,,,,,,,,,,,,,,,,,,,,,,,,,,,,,,,,,,,,,,,,,,,,,,,,,,,,,,,,"0",,"510,000",,,,,,,,,,,
OperatingIncome,"5,306,000","468,000","1,556,000","1,694,000","1,588,000","-1,330,000","2,407,000","2,000","-1,509,000","-1,663,000","3,458,000","-267,000","-2,183,000","-2,932,000","2,172,000","2,152,000","-2,661,000","-2,908,000","3,147,000","6,210,000","2,170,000","4,346,000","6,129,000","3,788,000","2,647,000","1,822,000","2,228,000","3,491,000","30,000","563,000","363,000","1,230,000","-2,264,000","2,133,000","2,762,000","-1,127,000","1,815,000","1,309,000","2,418,000","2,148,000","3,203,000","4,598,000","4,925,000","4,722,000","4,038,000","4,876,000","3,767,000","2,288,000","1,895,000","1,924,000","1,500,000","1,596,000","754,000","1,120,000","512,000","784,000","58,000","393,000","-1,024,000","-4,000","-46,000","-824,000","-422,000","-402,000","-817,000","-1,222,000","-974,000","-862,000","-1,002,000","452,000","107,000","585,000","467,000","340,000","-3,589,000","218,000","216,000","21,000","-1,866,000","1,375,000"
NetNonOperatingInterestIncomeExpense,"1,699,000","282,000","1,108,000","-47,000","370,000","450,000","587,000","660,000","750,000","831,000","1,367,000","603,000","896,000","800,000","1,191,000","831,000","777,000","927,000","907,000","821,000","755,000","571,000","619,000","615,000","561,000","441,000","1,091,000","401,000","269,000","-27,000","760,000","66,000","417,000","460,000","327,000","617,000","707,000","729,000","587,000","731,000","974,000","948,000","2,857,000","730,000","717,000","545,000","2,133,000","493,000","541,000","557,000","547,000","551,000","474,000","476,000",,,,,,,,,,,,,,,,,,,,,,,,,,
	InterestIncomeNonOperating,"2,119,000","282,000",,,"370,000","450,000","1,031,000","660,000","750,000","831,000","1,921,000","603,000","896,000","800,000","1,964,000","831,000","777,000","927,000","2,086,000","821,000","755,000","571,000","1,683,000","615,000","561,000","441,000","2,202,000","401,000","269,000","-27,000","1,881,000","66,000","417,000","460,000","1,831,000","617,000","707,000","729,000","727,000",,,,"2,857,000","730,000",,,,,,,,,,,,,,,,,,,,,,,,,,,,,,,,,,,,
	TotalOtherFinanceCost,,,"149,000","47,000",,,"-595,000","-1,020,000",,"-831,000","-992,000","-603,000","-896,000","-800,000","-883,000","-831,000","-777,000","-927,000","-879,000","-821,000","-755,000","-571,000","-422,000","-615,000","-561,000","-441,000","-426,000","-401,000","-269,000","27,000","-32,000","-66,000","-417,000","-460,000","-661,000","-617,000","-707,000","-729,000","-727,000","-731,000","-974,000","-948,000",,"-784,000","-717,000","-545,000",,"-493,000","-541,000","-557,000","-547,000","-551,000","-474,000","-476,000",,,,,,,,,,,,,,,,,,,,,,,,,,
OtherIncomeExpense,,"-1,131,000","1,984,000",,"-10,000","-410,000","7,000","360,000","90,000",,,,,,"-870,000",,,,,,,,,,,,,,,,"-728,000","-404,000",,,,,,,,,,,"-1,998,000","50,000",,,,,,,"1,811,000",,"1,901,000",,"-424,000","358,000","24,000","7,332,000",,,,"824,000","108,000","-12,000","-30,000","541,000","667,000","332,000","-1,724,000","335,000","300,000","145,000","162,000","189,000","-8,410,000","-1,412,000","-389,000","-1,339,000",,
	GainOnSaleOfSecurity,,"-1,131,000","1,984,000",,"-10,000","-410,000","7,000","360,000","90,000",,,,,,"-870,000",,,,,,,,,,,,,,,,,,,,,,,,,,,,,"50,000",,,,,,,,,,,,,,,,,,,,,,,,,,,,,,,,,,,,
	SpecialIncomeCharges,,,,,,,,,,,,,,,,,,,,,,,,,,,,,,,,,,,,,,,,,,,"-2,038,000","0",,,"-1,664,000","0","0",,"1,811,000","0","1,901,000","0","-424,000","358,000","24,000","7,332,000",,,,"824,000","108,000","-12,000","-30,000","541,000","667,000","332,000","-1,724,000","335,000","300,000","145,000","162,000","189,000","-8,410,000","-1,412,000","-389,000","-1,339,000",,
		RestructuringAndMergernAcquisition,,,,,,,,,,,,,,,,,,,,,,,,,,,,,,,,,,,,,,,,,,,,,,,,,,,"0","0","0","0","584,000",,,"3,537,000",,,,,,,,,"-100,000","1,650,000","1,657,000",,,,,,"5,838,000","1,402,000",,"1,380,000",,
		OtherSpecialCharges,,,,,,,,,,,,,,,,,,,,,,,,,,,,,,,,,,,,,,,,,,,,,,,,,,,"-1,811,000",,"-1,901,000",,"-160,000",,,"-10,869,000",,,,,,,,,"-567,000","-1,982,000","67,000",,,,,,"2,572,000","10,000",,"-41,000",,
		GainOnSaleOfPPE,,,,,,,,,,,,,,,,,,,,,,,,,,,,,,,,,,,,,,,,,,,,"0",,,,,,,,,,,,,,,,,,,,,,,,,,,,,,,,,,,,
	OtherNonOperatingIncomeExpenses,,,,,,,,,,,,,,,,,,,,,,,,,,,,,,,"0","-404,000",,,,,,,,,,,,,,,,,,,,,,,,,,,,,,,,,,,,,,,,,,,,,,,,
PretaxIncome,"6,601,000","-381,000","3,391,000","1,647,000","1,944,000","-1,294,000","3,002,000","1,022,000","-671,000","-832,000","4,450,000","336,000","-1,287,000","-2,132,000","2,185,000","2,983,000","-1,884,000","-1,981,000","4,026,000","7,031,000","2,925,000","4,917,000","6,551,000","4,403,000","3,208,000","2,263,000","2,654,000","3,892,000","299,000","536,000","395,000","892,000","-1,847,000","2,593,000","3,423,000","-510,000","2,522,000","2,038,000","3,145,000","2,879,000","4,177,000","5,546,000","5,788,000","5,506,000","4,755,000","5,421,000","4,271,000","2,781,000","2,436,000","2,481,000","3,858,000","2,147,000","3,129,000","1,596,000","1,442,000","1,787,000","604,000","8,533,000","-8,000","1,166,000","580,000","0","306,000","376,000","-187,000","-681,000","-307,000","-530,000","-2,216,000","787,000","407,000","730,000","629,000","529,000","-9,371,000","-1,034,000","32,000","-1,318,000","-24,361,000","1,400,000"
TaxProvision,"4,271,000","1,315,000","-487,000","1,814,000","1,629,000","2,336,000","2,367,000","1,761,000","419,000","353,000","1,388,000","-439,000","225,000","165,000","-118,000","440,000","206,000","201,000","863,000","1,181,000","-983,000","810,000","1,350,000","1,015,000","497,000","463,000","350,000","583,000","131,000","50,000","2,329,000","236,000","-321,000","608,000","295,000","-187,000","347,000","333,000","390,000","285,000","698,000","689,000","935,000","571,000","632,000","770,000","64,000","-208,000","313,000","422,000","948,000","394,000","814,000","228,000","482,000","384,000","-87,000","3,022,000","243,000","54,000","150,000","0","-273,000","35,000","30,000","120,000",,,,"160,000","220,000","170,000","135,000","120,000","200,000","100,000",,,"53,000","419,000"
NetIncomeCommonStockholders,"2,330,000","-1,696,000","3,878,000","-167,000","315,000","-3,630,000","635,000","-739,000","-1,090,000","-1,185,000","3,062,000","775,000","-1,512,000","-2,297,000","2,303,000","2,543,000","-2,090,000","-2,182,000","3,163,000","5,850,000","3,908,000","4,107,000","5,201,000","3,388,000","2,711,000","1,800,000","2,304,000","3,309,000","168,000","486,000","-1,934,000","656,000","-1,526,000","1,985,000","3,128,000","-323,000","2,175,000","1,705,000","2,755,000","2,594,000","3,479,000","4,857,000","4,853,000","4,935,000","4,123,000","4,651,000","4,207,000","2,989,000","2,123,000","2,059,000","2,910,000","1,753,000","2,315,000","1,368,000","960,000","1,403,000","691,000","5,511,000","-251,000","1,112,000","430,000","0","579,000","341,000","-217,000","-801,000","-147,000","-530,000","-2,216,000","627,000","187,000","560,000","494,000","409,000","-9,571,000","-1,134,000","32,000","-1,318,000","-24,414,000","981,000"
	NetIncome,"2,330,000","-1,696,000","3,878,000","-167,000","315,000","-3,630,000","635,000","-739,000","-1,090,000","-1,185,000","3,062,000","775,000","-1,512,000","-2,297,000","2,303,000","2,543,000","-2,090,000","-2,182,000","3,163,000","5,850,000","3,908,000","4,107,000","5,201,000","3,388,000","2,711,000","1,800,000","2,304,000","3,309,000","168,000","486,000","-1,934,000","656,000","-1,526,000","1,985,000","3,128,000","-323,000","2,175,000","1,705,000","2,755,000","2,594,000","3,479,000","4,857,000","4,853,000","4,935,000","4,123,000","4,651,000","4,207,000","2,989,000","2,123,000","2,059,000","2,910,000","1,753,000","2,315,000","1,368,000","960,000","1,403,000","691,000","5,511,000","-251,000","1,112,000","430,000","0","579,000","341,000","-217,000","-801,000","-147,000","-530,000","-2,216,000","627,000","187,000","560,000","494,000","409,000","-9,571,000","-1,134,000","32,000","-1,318,000","-24,414,000","981,000"
		NetIncomeIncludingNoncontrollingInterests,"2,330,000","-1,696,000","3,878,000","-167,000","315,000","-3,630,000","635,000","-739,000","-1,090,000","-1,185,000","3,062,000","775,000","-1,512,000","-2,297,000","2,303,000","2,543,000","-2,090,000","-2,182,000","3,163,000","5,850,000","3,908,000","4,107,000","5,201,000","3,388,000","2,711,000","1,800,000","2,304,000","3,309,000","168,000","486,000","-1,934,000","656,000","-1,526,000","1,985,000","3,128,000","-323,000","2,175,000","1,705,000","2,755,000","2,594,000","3,479,000","4,857,000","4,853,000","4,935,000","4,123,000","4,651,000","4,207,000","2,989,000","2,123,000","2,059,000","2,910,000","1,753,000","2,315,000","1,368,000","960,000","1,403,000","691,000","5,511,000","-251,000","1,112,000","430,000","0","579,000","341,000","-217,000","-801,000","-147,000","-530,000","-2,216,000","627,000","187,000","560,000","494,000","409,000","-9,571,000","-1,134,000","32,000","-1,318,000","-24,414,000","981,000"
			NetIncomeContinuousOperations,"2,330,000","-1,696,000","3,878,000","-167,000","315,000","-3,630,000","635,000","-739,000","-1,090,000","-1,185,000","3,062,000","775,000","-1,512,000","-2,297,000","2,303,000","2,543,000","-2,090,000","-2,182,000","3,163,000","5,850,000","3,908,000","4,107,000","5,201,000","3,388,000","2,711,000","1,800,000","2,304,000","3,309,000","168,000","486,000","-1,934,000","656,000","-1,526,000","1,985,000","3,128,000","-323,000","2,175,000","1,705,000","2,755,000","2,594,000","3,479,000","4,857,000","4,853,000","4,935,000","4,123,000","4,651,000","4,207,000","2,989,000","2,123,000","2,059,000","2,910,000","1,753,000","2,315,000","1,368,000","960,000","1,403,000","691,000","5,511,000","-251,000","1,112,000","430,000","0","579,000","341,000","-217,000","-801,000","-147,000","-530,000","-2,216,000","627,000","187,000","560,000","494,000","409,000","-9,571,000","-1,134,000","32,000","-1,318,000","-24,414,000","981,000"
DilutedNIAvailtoComStockholders,"2,330,000","-1,696,000","3,878,000","-167,000","315,000","-3,630,000","635,000","-739,000","-1,090,000","-1,185,000","3,062,000","775,000","-1,512,000","-2,297,000","2,303,000","2,543,000","-2,090,000","-2,182,000","3,163,000","5,850,000","3,908,000","4,107,000","5,201,000","3,388,000","2,711,000","1,800,000","2,304,000","3,309,000","168,000","486,000","-1,934,000","656,000","-1,526,000","1,985,000","3,128,000","-323,000","2,175,000","1,705,000","2,755,000","2,594,000","3,479,000","4,857,000","4,853,000","4,935,000","4,123,000","4,651,000","4,207,000","2,989,000","2,123,000","2,059,000","2,910,000","1,753,000","2,315,000","1,368,000","960,000","1,403,000","691,000","5,511,000","-251,000","1,112,000","430,000","0","579,000","341,000","-217,000","-801,000","-147,000","-530,000","-2,216,000","627,000","187,000","560,000","494,000","409,000","-9,571,000","-1,134,000","32,000","-1,318,000","-24,414,000","981,000"
BasicEPS,,"-0.07","0.17","-0.01","0.01","-0.16","0.03","-0.03","-0.05","-0.05","0.14","0.04","-0.07","-0.1","0.11","0.12","-0.09","-0.1","0.14","0.27","0.18","0.19","0.24","0.16","0.13","0.09","0.11","0.16","0.01","0.02","-0.1","0.03","-0.07","0.09","0.14","-0.01","0.1","0.08","0.12","0.12","0.15","0.21",,"0.21","0.18","0.2",,"0.14","0.1","0.1",,"0.09","0.12","0.07",,"0.07","0.03","0.27",,"0.06","0.02","0",,"0.02","-0.01","-0.04",,"-0.03","-0.12","0.03",,"0.03","0.027","0.022",,"-0.063","0.002","-0.073",,"0.054"
DilutedEPS,,"-0.07","0.17","-0.01","0.01","-0.16","0.03","-0.03","-0.05","-0.05","0.14","0.03","-0.07","-0.1","0.1","0.11","-0.09","-0.1","0.14","0.26","0.17","0.19","0.24","0.15","0.13","0.09","0.11","0.16","0.01","0.02","-0.1","0.03","-0.07","0.09","0.14","-0.01","0.1","0.08","0.12","0.11","0.15","0.2",,"0.2","0.17","0.19",,"0.13","0.1","0.09",,"0.09","0.12","0.07",,"0.07","0.03","0.27",,"0.05","0.02","0",,"0.02","-0.01","-0.04",,"-0.03","-0.12","0.03",,"0.03","0.026","0.021",,"-0.063","0.002","-0.073",,"0.054"
BasicAverageShares,,"23,103,000","22,977,000","22,925,000","22,823,000","22,546,000","22,249,000","22,163,000","22,017,000","22,421,000","21,920,000","21,953,000","21,936,000","21,917,000","21,863,000","21,997,000","22,129,000","22,148,000","22,017,000","21,946,000","21,712,000","21,398,000","21,239,000","21,025,000","20,604,000","20,520,000","20,491,000","20,448,000","20,564,000","20,418,000","20,209,000","20,355,000","20,778,000","21,159,000","21,685,000","22,072,000","22,087,000","22,197,000","22,300,000","22,526,000","22,873,000","23,507,000",,"23,390,000","23,107,000","22,692,000",,"21,244,000","21,061,000","20,654,000",,"19,689,000","19,515,000","19,557,000",,"20,157,000","20,140,000","20,095,000",,"19,647,000","19,473,000","19,420,000",,"19,239,000","19,142,000","19,061,000",,"18,875,000","18,742,000","18,675,000",,"18,453,000","18,380,000","18,326,000",,"18,108,000","18,079,000","18,054,795",,"18,040,738"
DilutedAverageShares,,"23,103,000","23,359,000","22,925,000","23,140,000","22,546,000","22,911,000","22,163,000","22,017,000","22,421,000","22,373,000","22,404,000","21,936,000","21,917,000","22,197,000","22,428,000","22,129,000","22,148,000","22,801,000","22,683,000","22,563,000","22,187,000","22,068,000","21,883,000","21,371,000","20,926,000","21,203,000","20,811,000","20,984,000","20,958,000","20,209,000","20,667,000","20,778,000","21,590,000","22,063,000","22,072,000","22,546,000","22,670,000","22,737,000","23,019,000","23,449,000","24,239,000",,"24,253,000","24,165,000","23,888,000",,"22,356,000","22,069,000","21,911,000",,"20,492,000","20,014,000","19,754,000",,"20,799,000","20,804,000","20,724,000",,"20,287,000","19,776,000","19,420,000",,"19,324,000","19,142,000","19,061,000",,"18,875,000","18,742,000","19,227,000",,"18,793,000","18,909,000","19,257,000",,"18,108,000","18,149,000","18,054,795",,"18,040,738"
TotalOperatingIncomeAsReported,"5,306,000","468,000","1,556,000","1,694,000","1,588,000","-1,330,000","2,407,000","2,000","-1,509,000","-1,663,000","3,458,000","-267,000","-2,183,000","-2,932,000","2,172,000","2,152,000","-2,661,000","-2,908,000","3,147,000","6,210,000","2,170,000","4,346,000","6,129,000","3,788,000","2,647,000","1,822,000","2,228,000","3,491,000","30,000","563,000","363,000","1,230,000","-2,264,000","2,133,000","2,762,000","-1,127,000","1,815,000","1,309,000","2,418,000","2,148,000","3,203,000","4,598,000","4,925,000","4,722,000","4,038,000","4,876,000","3,767,000","2,288,000","1,895,000","1,924,000","1,500,000","1,596,000","754,000","1,120,000","-72,000","784,000","58,000","-3,144,000","-1,024,000","-4,000","-46,000","-824,000","-422,000","-402,000","-817,000","-1,222,000","-874,000","-2,512,000","-2,659,000","452,000","107,000","585,000","467,000","340,000","-9,427,000","-1,184,000","216,000","-1,359,000","-24,079,000","1,375,000"
TotalExpenses,"126,389,000","33,923,000","32,501,000","31,096,000","28,869,000","26,732,000","25,738,000","24,958,000","25,115,000","25,278,000","24,854,000","23,738,000","20,583,000","19,901,000","19,229,000","19,261,000","20,155,000","20,477,000","18,454,000","17,834,000","18,405,000","16,941,000","15,067,000","14,058,000","14,456,000","14,686,000","13,843,000","12,744,000","13,329,000","13,271,000","13,458,000","12,868,000","11,479,000","11,541,000","11,204,000","11,132,000","10,998,000","10,807,000","10,549,000","9,858,000","10,389,000","10,514,000","11,027,000","10,125,000","10,350,000","10,176,000","9,259,000","8,387,000","8,714,000","8,677,000","8,685,000","8,063,000","8,356,000","8,393,000","9,497,000","9,422,000","10,025,000","9,674,000","9,265,000","8,733,000","8,561,000","8,550,000","8,488,000","8,295,000","9,229,000","9,356,000","8,655,000","9,248,000","10,530,000","9,589,000","9,062,000","9,129,000","9,109,000","8,874,000","13,193,000","9,084,000","8,871,000","8,822,000","7,528,000","3,477,000"
NetIncomeFromContinuingAndDiscontinuedOperation,"2,330,000","-1,696,000","3,878,000","-167,000","315,000","-3,630,000","635,000","-739,000","-1,090,000","-1,185,000","3,062,000","775,000","-1,512,000","-2,297,000","2,303,000","2,543,000","-2,090,000","-2,182,000","3,163,000","5,850,000","3,908,000","4,107,000","5,201,000","3,388,000","2,711,000","1,800,000","2,304,000","3,309,000","168,000","486,000","-1,934,000","656,000","-1,526,000","1,985,000","3,128,000","-323,000","2,175,000","1,705,000","2,755,000","2,594,000","3,479,000","4,857,000","4,853,000","4,935,000","4,123,000","4,651,000","4,207,000","2,989,000","2,123,000","2,059,000","2,910,000","1,753,000","2,315,000","1,368,000","960,000","1,403,000","691,000","5,511,000","-251,000","1,112,000","430,000","0","579,000","341,000","-217,000","-801,000","-147,000","-530,000","-2,216,000","627,000","187,000","560,000","494,000","409,000","-9,571,000","-1,134,000","32,000","-1,318,000","-24,414,000","981,000"
NormalizedIncome,"2,572,400","-1,017,400","3,878,000","-167,000","322,300","-3,330,700","629,890","-1,001,800","-1,155,700","-1,185,000","3,062,000","775,000","-1,512,000","-2,297,000","2,303,000","2,543,000","-2,090,000","-2,182,000","3,163,000","5,850,000","3,908,000","4,107,000","5,201,000","3,388,000","2,711,000","1,800,000","2,304,000","3,309,000","168,000","486,000","-1,934,000","656,000","-1,526,000","1,985,000","3,128,000","-323,000","2,175,000","1,705,000","2,755,000","2,594,000","3,479,000","4,857,000","6,528,240.843","4,890,185.252","4,123,000","4,651,000","5,811,589.792","2,989,000","2,123,000","2,059,000","1,544,004.666","1,753,000","908,539.469","1,368,000","1,242,274.619","1,121,928.931","675,400","775,660.495","-251,000","1,112,000","430,000","-824,000","514,200","351,882.979","-199,000","-1,125,600","-814,000","-862,000","-492,000","360,106.734","7,000","448,767.123","366,769.475","262,873.346","-4,525,000","-286,800","265,400","21,000","-24,414,000","981,000"
InterestIncome,"2,119,000","282,000",,,"370,000","450,000","1,031,000","660,000","750,000","831,000","1,921,000","603,000","896,000","800,000","1,964,000","831,000","777,000","927,000","2,086,000","821,000","755,000","571,000","1,683,000","615,000","561,000","441,000","2,202,000","401,000","269,000","-27,000","1,881,000","66,000","417,000","460,000","1,831,000","617,000","707,000","729,000","727,000",,,,"2,857,000","730,000",,,,,,,,,,,,,,,,,,,,,,,,,,,,,,,,,,,,
NetInterestIncome,"1,699,000","282,000","1,108,000","-47,000","370,000","450,000","587,000","660,000","750,000","831,000","1,367,000","603,000","896,000","800,000","1,191,000","831,000","777,000","927,000","907,000","821,000","755,000","571,000","619,000","615,000","561,000","441,000","1,091,000","401,000","269,000","-27,000","760,000","66,000","417,000","460,000","327,000","617,000","707,000","729,000","587,000","731,000","974,000","948,000","2,857,000","730,000","717,000","545,000","2,133,000","493,000","541,000","557,000","547,000","551,000","474,000","476,000",,,,,,,,,,,,,,,,,,,,,,,,,,
EBIT,"7,906,000","468,000","4,156,000","1,694,000","1,588,000","-1,330,000","6,135,000","2,000","-1,509,000","-1,663,000","7,303,000","-267,000","-2,183,000","-2,932,000","5,493,000","2,152,000","-2,661,000","-2,908,000","7,352,000","6,210,000","2,170,000","4,346,000","9,232,000","3,788,000","2,647,000","1,822,000","4,408,000","3,491,000","30,000","563,000","2,055,000","1,230,000","-2,264,000","2,133,000","6,980,000","-1,127,000","1,815,000","1,309,000","7,065,000","2,148,000","3,203,000","4,598,000","4,925,000","4,722,000","4,038,000","4,876,000","3,767,000","2,288,000","1,895,000","1,924,000","1,500,000","1,596,000","754,000","1,120,000","512,000","784,000","58,000","393,000","-1,024,000","-4,000","-46,000","-824,000","-422,000","-402,000","-817,000","-1,222,000","-974,000","-862,000","-1,002,000","452,000","107,000","585,000","467,000","340,000","-3,589,000","218,000","216,000","21,000","-1,866,000","1,375,000"
EBITDA,"15,371,000"
ReconciledCostOfRevenue,"16,269,000","5,207,000","4,275,000","3,979,000","2,808,000","1,490,000","1,585,000","1,657,000","2,122,000","1,871,000","1,986,000","1,854,000","1,678,000","1,242,000","905,000","1,204,000","1,190,000","1,396,000","1,356,000","1,202,000","1,128,000","1,253,000","1,232,000","1,035,000","1,090,000","1,330,000","1,134,000","1,012,000","1,290,000","930,000","1,039,000","1,045,000","1,370,000","1,112,000","1,364,000","1,131,000","1,093,000","1,575,000","1,025,000","1,046,000","1,011,000","870,000","924,000","811,000","876,000","948,000","1,134,000","1,001,000","863,000","714,000","786,000","729,000","1,032,000","1,082,000","974,000","939,000","1,106,000","976,000","717,000","785,000","706,000","761,000","715,000","682,000","753,000","463,000","734,000","525,000","196,000","746,000","467,000","538,000","775,000","875,000","573,000","347,000","689,000","742,000","1,230,000","322,000"
ReconciledDepreciation,"7,465,000","1,947,000","2,266,000","1,700,000","1,552,000","1,467,000","1,480,000","1,421,000","1,458,000","1,462,000","1,583,000","1,670,000","1,025,000","991,000","1,305,000","1,027,000","890,000","935,000","876,000","833,000","789,000","752,000","710,000","696,000","622,000","607,000","598,000","594,000","584,000","580,000","547,000","536,000","156,000","162,000","175,000","175,000","166,000","154,000","138,000","128,000","130,000","129,000","129,000","124,000","128,000","125,000","135,000","135,000","136,000","122,000","120,000","120,000","120,000","128,000","151,000","178,000","182,000","215,000","232,000","257,000","253,000","288,000","339,000","352,000","523,000","622,000","262,000","669,000","1,138,000","770,000","774,000","884,000","899,000","858,000","1,105,000","1,356,000","1,196,000","1,180,000","1,889,000",
NetIncomeFromContinuingOperationNetMinorityInterest,"2,330,000","-1,696,000","3,878,000","-167,000","315,000","-3,630,000","635,000","-739,000","-1,090,000","-1,185,000","3,062,000","775,000","-1,512,000","-2,297,000","2,303,000","2,543,000","-2,090,000","-2,182,000","3,163,000","5,850,000","3,908,000","4,107,000","5,201,000","3,388,000","2,711,000","1,800,000","2,304,000","3,309,000","168,000","486,000","-1,934,000","656,000","-1,526,000","1,985,000","3,128,000","-323,000","2,175,000","1,705,000","2,755,000","2,594,000","3,479,000","4,857,000","4,853,000","4,935,000","4,123,000","4,651,000","4,207,000","2,989,000","2,123,000","2,059,000","2,910,000","1,753,000","2,315,000","1,368,000","960,000","1,403,000","691,000","5,511,000","-251,000","1,112,000","430,000","0","579,000","341,000","-217,000","-801,000","-147,000","-530,000","-2,216,000","627,000","187,000","560,000","494,000","409,000","-9,571,000","-1,134,000","32,000","-1,318,000","-24,414,000","981,000"
TotalUnusualItemsExcludingGoodwill,"-404,000","-1,131,000","1,984,000",,"-10,000","-410,000","7,000","360,000","90,000",,,,,,"-870,000",,,,,,,,,,,,,,,,,,,,,,,,,,,,"-1,998,000","50,000",,,"-1,629,000","0","0",,"1,811,000","0","1,901,000","0","-424,000","358,000","24,000","7,332,000",,,,"824,000","108,000","-12,000","-30,000","541,000","667,000","332,000","-1,724,000","335,000","300,000","145,000","162,000","189,000","-8,410,000","-1,412,000","-389,000","-1,339,000",,
TotalUnusualItems,"-404,000","-1,131,000","1,984,000",,"-10,000","-410,000","7,000","360,000","90,000",,,,,,"-870,000",,,,,,,,,,,,,,,,,,,,,,,,,,,,"-1,998,000","50,000",,,"-1,629,000","0","0",,"1,811,000","0","1,901,000","0","-424,000","358,000","24,000","7,332,000",,,,"824,000","108,000","-12,000","-30,000","541,000","667,000","332,000","-1,724,000","335,000","300,000","145,000","162,000","189,000","-8,410,000","-1,412,000","-389,000","-1,339,000",,
NormalizedEBITDA,"15,775,000","3,546,000","6,422,000","3,394,000","3,150,000","547,000","7,608,000","1,063,000","-141,000","-201,000","8,886,000","1,403,000","-1,158,000","-1,941,000","6,798,000","3,179,000","-1,771,000","-1,973,000","8,228,000","7,043,000","2,959,000","5,098,000","9,942,000","4,484,000","3,269,000","2,429,000","5,006,000","4,085,000","614,000","1,143,000","2,602,000","1,766,000","-2,108,000","2,295,000","7,155,000","-952,000","1,981,000","1,463,000","7,203,000","2,276,000","3,333,000","4,727,000","7,052,000","4,796,000","4,166,000","5,001,000","5,531,000","2,423,000","2,031,000","2,046,000","-191,000","1,716,000","-1,027,000","1,248,000","1,087,000","604,000","216,000","-6,724,000","-792,000","253,000","207,000","-1,360,000","-191,000","-38,000","-264,000","-1,141,000","-1,379,000","-525,000","1,860,000","887,000","581,000","1,324,000","1,204,000","1,009,000","5,926,000","2,986,000","1,801,000","2,540,000","23,000","1,375,000"
TaxRateForCalcs,"0.4","0.4","0.27","0.27","0.27","0.27","0.27","0.27","0.27","0.27","0.312","0.27","0.27","0.27","0.27","0.148","0.27","0.27","0.214","0.168","0.4","0.165","0.206","0.231","0.155","0.205","0.132","0.15","0.4","0.093","0.35","0.265","0.174","0.234","0.086","0.367","0.138","0.163","0.124","0.099","0.167","0.124","0.162","0.104","0.133","0.142","0.015","0.35","0.128","0.17","0.246","0.184","0.26","0.143","0.334","0.215","0.35","0.354","0.35","0.046","0.259","0","0.4","0.093","0.4","0.4","0","0","0","0.203","0.4","0.233","0.215","0.227","0.4","0.4","0.4","0","0.4","0.299"
TaxEffectOfUnusualItems,"-161,600","-452,400","0","0","-2,700","-110,700","1,890","97,200","24,300","0","0","0","0","0","0","0","0","0","0","0","0","0","0","0","0","0","0","0","0","0","0","0","0","0","0","0","0","0","0","0","0","0","-322,759.157","5,185.252","0","0","-24,410.208","0","0","0","445,004.666","0","494,539.469","0","-141,725.381","76,928.931","8,400","2,596,660.495","0","0","0","0","43,200","-1,117.021","-12,000","216,400","0","0","0","68,106.734","120,000","33,767.123","34,769.475","42,873.346","-3,364,000","-564,800","-155,600","0","0","0"