name,ttm,03/31/2022,12/31/2021,09/30/2021,06/30/2021,03/31/2021,12/31/2020,09/30/2020,06/30/2020,03/31/2020,12/31/2019,09/30/2019,06/30/2019,03/31/2019,12/31/2018,09/30/2018,06/30/2018,03/31/2018,12/31/2017,09/30/2017,06/30/2017,03/31/2017,12/31/2016,09/30/2016,06/30/2016,03/31/2016,12/31/2015,09/30/2015,06/30/2015,03/31/2015,12/31/2014,09/30/2014,06/30/2014,03/31/2014,12/31/2013,09/30/2013,06/30/2013,03/31/2013,12/31/2012,09/30/2012,06/30/2012,03/31/2012,12/31/2011,09/30/2011,06/30/2011,03/31/2011,12/31/2010,09/30/2010,06/30/2010,03/31/2010,12/31/2009,09/30/2009,06/30/2009,03/31/2009,12/31/2008,09/30/2008,06/30/2008,03/31/2008,12/31/2007,09/30/2007,06/30/2007,03/31/2007,12/31/2006,09/30/2006,06/30/2006,03/31/2006,12/31/2005,09/30/2005,06/30/2005,03/31/2005,12/31/2004,09/30/2004,06/30/2004,03/31/2004,12/31/2003,09/30/2003,06/30/2003,03/31/2003,12/31/2002,09/30/2002,06/30/2002,03/31/2002,12/31/2001,09/30/2001,06/30/2001,03/31/2001,12/31/2000,09/30/2000,06/30/2000,03/31/2000,12/31/1999,09/30/1999,06/30/1999,03/31/1999,12/31/1998,09/30/1998,06/30/1998,03/31/1998,11/30/1997,08/31/1997,05/31/1997,02/28/1997,11/30/1996,08/31/1996
TotalRevenue,"1,144,078,000","257,727,000","284,638,000","323,369,000","278,344,000","182,947,000","193,393,000","210,771,000","151,733,000","218,175,000","268,084,000","310,732,000","317,684,000","218,320,000","244,979,000","291,490,000","295,441,000","209,394,000","237,571,000","295,088,000","276,799,000","197,898,000","208,195,000","267,577,000","241,751,000","207,118,000","210,951,000","241,526,000","232,156,000","175,245,000","185,402,000","215,168,000","197,664,000","147,283,000","180,695,000","223,162,000","183,578,000","136,872,000","178,306,000","210,413,000","173,621,000","129,169,000","165,890,000","192,321,000","165,301,000","115,281,000","155,006,000","183,801,000","149,848,000","107,421,000","140,701,000","165,976,000","143,343,000","114,158,000","154,494,000","191,211,000","167,120,000","128,855,000","165,193,000","176,409,000","157,709,000","116,183,000","143,708,000","150,996,000","140,540,000","109,418,000","121,665,000","142,071,000","122,415,000","91,248,000","106,886,000","127,510,000","107,175,000","87,235,000","95,158,000","105,893,000","103,497,000","81,556,000","84,310,000","105,030,000","100,469,000","75,330,000","209,660,000","53,211,000","45,207,000","33,350,000","44,551,000","50,113,000","41,165,000","31,645,000","43,000,000","48,000,000","38,400,000","30,400,000","41,100,000","46,700,000","40,600,000","32,500,000","44,400,000","43,300,000","110,500,000","90,700,000","109,400,000","119,400,000"
	OperatingRevenue,"1,111,587,000","249,498,000","276,722,000","314,724,000","270,643,000","178,540,000","189,461,000","207,194,000","149,310,000","211,227,000","258,233,000","300,977,000","306,396,000","209,171,000","232,524,000","281,258,000","284,880,000","199,851,000","228,271,000","286,521,000","268,570,000","189,946,000","201,216,000","262,031,000","236,023,000","202,172,000","204,811,000","236,833,000","228,710,000","171,668,000","181,077,000","211,538,000","194,178,000","144,211,000","178,206,000","220,071,000","181,320,000","134,859,000","169,101,000","210,413,000","173,621,000","129,169,000","165,890,000","192,321,000","165,301,000","115,281,000","155,006,000","183,801,000","149,848,000","107,421,000","140,701,000","165,976,000","84,421,000","114,158,000","154,494,000","191,211,000","167,120,000","128,855,000","165,193,000","176,409,000","157,709,000","116,183,000","143,708,000","150,996,000","140,540,000","109,418,000","121,665,000","142,071,000","122,415,000","91,248,000","106,886,000","127,510,000","107,175,000","87,235,000","95,158,000","105,893,000","103,497,000","81,556,000","84,310,000","105,030,000","100,469,000","75,330,000","56,588,000","53,211,000","45,207,000","31,994,000","44,551,000","50,113,000","41,165,000","31,645,000","43,000,000","48,000,000","38,400,000","30,400,000","41,100,000","46,700,000","40,600,000","32,500,000","44,400,000","43,300,000","110,500,000","90,700,000","109,400,000","119,400,000"
CostOfRevenue,"489,184,000","121,804,000","125,492,000","123,270,000","118,618,000","102,320,000","116,527,000","117,620,000","92,285,000","136,481,000","149,183,000","164,444,000","160,121,000","119,839,000","140,154,000","138,316,000","136,568,000","119,228,000","131,810,000","167,763,000","158,035,000","109,475,000","113,523,000","152,018,000","133,814,000","126,361,000","122,465,000","134,463,000","133,122,000","98,713,000","103,594,000","115,653,000","103,766,000","84,012,000","101,654,000","127,252,000","100,556,000","77,315,000","101,056,000","119,995,000","95,500,000","71,738,000","91,717,000","105,293,000","91,692,000","63,800,000","87,949,000","103,690,000","81,197,000","59,596,000","78,351,000","91,229,000","76,125,000","62,827,000","82,798,000","101,725,000","86,197,000","69,191,000","87,020,000","87,662,000","82,604,000","62,782,000","75,136,000","73,821,000","73,542,000","58,721,000","59,246,000","73,750,000","63,508,000","49,844,000","52,946,000","66,158,000","55,100,000","50,001,000","46,270,000","49,403,000","54,284,000","48,079,000","42,281,000","51,072,000","55,233,000","44,147,000","168,762,000","728,000","661,000","520,000",,,"-2,430,000","-2,777,000","-4,200,000","-1,100,000","-600,000","200,000","1,200,000","4,500,000","5,800,000","28,200,000","41,100,000","39,600,000","64,400,000","56,900,000","60,100,000",
GrossProfit,"654,894,000","135,923,000","159,146,000","200,099,000","159,726,000","80,627,000","76,866,000","93,151,000","59,448,000","81,694,000","118,901,000","146,288,000","157,563,000","98,481,000","104,825,000","153,174,000","158,873,000","90,166,000","105,761,000","127,325,000","118,764,000","88,423,000","94,672,000","115,559,000","107,937,000","80,757,000","88,486,000","107,063,000","99,034,000","76,532,000","81,808,000","99,515,000","93,898,000","63,271,000","79,041,000","95,910,000","83,022,000","59,557,000","77,250,000","90,418,000","78,121,000","57,431,000","74,173,000","87,028,000","73,609,000","51,481,000","67,057,000","80,111,000","68,651,000","47,825,000","62,350,000","74,747,000","67,218,000","51,331,000","71,696,000","89,486,000","80,923,000","59,664,000","78,173,000","88,747,000","75,105,000","53,401,000","68,572,000","77,175,000","66,998,000","50,697,000","62,419,000","68,321,000","58,907,000","41,404,000","53,940,000","61,352,000","52,075,000","37,234,000","48,888,000","56,490,000","49,213,000","33,477,000","42,029,000","53,958,000","45,236,000","31,183,000","40,898,000","52,483,000","44,546,000","32,830,000",,,"43,595,000","34,422,000","47,200,000","49,100,000","39,000,000","30,200,000","39,900,000","42,200,000","34,800,000","4,300,000","3,300,000","3,700,000","46,100,000","33,800,000","49,300,000",
OperatingExpense,"170,322,000","36,555,000","52,072,000","40,993,000","40,702,000","36,629,000","50,834,000","37,795,000","50,362,000","35,364,000","50,270,000","43,876,000","50,385,000","43,130,000","48,495,000","42,006,000","49,939,000","43,917,000","49,175,000","49,459,000","41,258,000","35,916,000","42,211,000","37,343,000","42,995,000","37,884,000","41,291,000","33,260,000","36,117,000","35,128,000","35,551,000","32,529,000","33,745,000","28,585,000","31,884,000","29,361,000","32,700,000","29,091,000","32,016,000","25,165,000","26,531,000","26,366,000","35,511,000","24,628,000","28,487,000","25,802,000","28,616,000","25,234,000","25,044,000","23,988,000","28,267,000","26,622,000","29,108,000","23,576,000","37,599,000","27,617,000","36,345,000","25,612,000","30,082,000","26,388,000","27,742,000","26,015,000","28,686,000","22,623,000","24,884,000","20,624,000","26,172,000","20,534,000","21,490,000","19,105,000","22,464,000","18,863,000","19,939,000","18,335,000","20,576,000","16,718,000","20,546,000","16,245,000","15,854,000","17,373,000","17,789,000","15,139,000","17,885,000","17,074,000","18,190,000","15,379,000","20,243,000","17,312,000","19,554,000","17,688,000","24,000,000","18,900,000","16,100,000","14,500,000","17,500,000","15,500,000","15,100,000","14,400,000","15,000,000","13,600,000","16,700,000","21,300,000","24,900,000",
	SellingGeneralAndAdministration,"145,680,000","30,324,000","45,776,000","35,110,000","34,470,000","30,267,000","44,312,000","31,413,000","36,115,000","28,835,000","44,031,000","38,308,000","46,980,000","39,514,000","44,702,000","38,191,000","46,270,000","40,864,000","45,959,000","46,364,000","38,208,000","32,846,000","39,213,000","34,357,000","40,039,000","35,119,000","38,542,000","30,152,000","33,122,000","32,438,000","33,089,000","30,236,000","31,413,000","26,463,000","29,489,000","26,982,000","30,180,000","26,916,000","29,779,000","23,170,000","24,554,000","24,349,000","33,463,000","22,555,000","26,539,000","23,847,000","26,744,000","23,156,000","22,824,000","21,816,000","26,183,000","24,517,000","27,076,000","21,461,000","35,580,000","25,579,000","34,275,000","23,555,000","27,855,000","24,230,000","25,605,000","23,900,000","26,316,000","20,279,000","22,242,000","18,275,000","23,890,000","18,346,000","19,234,000","16,780,000","20,042,000","16,374,000","17,437,000","15,801,000","17,823,000","14,135,000","17,416,000","13,486,000","12,820,000","14,681,000","14,991,000","12,412,000","14,385,000","14,014,000","15,188,000","12,489,000","17,005,000","14,482,000","14,071,000","12,228,000","17,100,000","15,200,000","12,600,000","11,000,000","13,900,000","13,200,000","12,400,000","11,400,000","13,000,000","10,500,000","9,000,000","13,700,000","17,400,000",
		GeneralAndAdministrativeExpense,,,,,,,,,,,,,,,,,,,,,,,,,,,,,,,,,,,,,,,,,,,,,,,,,,,,"24,517,000",,,,,,,,,,,,,,,,,,,,,,,,,,,,,,,,,,,,,,,,,,,,,,,,,,,,
			OtherGandA,,,,,,,,,,,,,,,,,,,,,,,,,,,,,,,,,,,,,,,,,,,,,,,,,,,,"24,517,000",,,,,,,,,,,,,,,,,,,,,,,,,,,,,,,,,,,,,,,,,,,,,,,,,,,,
		SellingAndMarketingExpense,,,,,,,,,,,,,,,,,,,,,,,,,,,,,,,,,,,,,,,,,,,,,,,,,,,,"90,465,000",,,,,,,,,,,,,,,,,,,,,,,,,,,,,,,,,,,,,,,,,,,,,,,,,,,,
	DepreciationAmortizationDepletionIncomeStatement,"24,642,000","6,231,000","6,296,000","5,883,000","6,232,000","6,362,000","6,522,000","6,382,000","6,398,000","6,529,000","6,239,000","5,568,000","3,405,000","3,616,000","3,793,000","3,815,000","3,669,000","3,053,000","3,216,000","3,095,000","3,050,000","3,070,000","2,998,000","2,986,000","2,956,000","2,765,000","2,749,000","3,108,000","2,995,000","2,690,000","2,462,000","2,293,000","2,332,000","2,122,000","2,395,000","2,379,000","2,520,000","2,175,000","2,237,000","1,995,000","1,977,000","2,017,000","2,048,000","2,073,000","1,948,000","1,955,000","1,872,000","2,078,000","2,220,000","2,172,000","2,084,000","2,105,000","2,032,000","2,115,000","2,019,000","2,038,000","2,070,000","2,057,000","2,227,000","2,158,000","2,137,000","2,115,000","2,370,000","2,344,000","2,642,000","2,349,000","2,282,000","2,188,000","2,256,000","2,325,000","2,422,000","2,489,000","2,502,000","2,534,000","2,753,000","2,583,000","3,130,000","2,759,000","3,034,000","2,692,000","2,798,000","2,727,000","3,500,000","3,060,000","3,002,000","2,890,000","3,238,000","2,830,000","5,483,000","5,460,000","6,900,000","3,700,000","3,500,000","3,500,000","3,600,000","2,300,000","2,700,000","3,000,000","2,000,000","3,100,000","7,700,000","7,600,000","7,500,000",
		DepreciationAndAmortizationInIncomeStatement,"24,642,000","6,231,000","6,296,000","5,883,000","6,232,000","6,362,000","6,522,000","6,382,000","6,398,000","6,529,000","6,239,000","5,568,000","3,405,000","3,616,000","3,793,000","3,815,000","3,669,000","3,053,000","3,216,000","3,095,000","3,050,000","3,070,000","2,998,000","2,986,000","2,956,000","2,765,000","2,749,000","3,108,000","2,995,000","2,690,000","2,462,000","2,293,000","2,332,000","2,122,000","2,395,000","2,379,000","2,520,000","2,175,000","2,237,000","1,995,000","1,977,000","2,017,000","2,048,000","2,073,000","1,948,000","1,955,000","1,872,000","2,078,000","2,220,000","2,172,000","2,084,000","2,105,000","2,032,000","2,115,000","2,019,000","2,038,000","2,070,000","2,057,000","2,227,000","2,158,000","2,137,000","2,115,000","2,370,000","2,344,000","2,642,000","2,349,000","2,282,000","2,188,000","2,256,000","2,325,000","2,422,000","2,489,000","2,502,000","2,534,000","2,753,000","2,583,000","3,130,000","2,759,000","3,034,000","2,692,000","2,798,000","2,727,000","3,500,000","3,060,000","3,002,000","2,890,000","3,238,000","2,830,000","5,483,000","5,460,000","6,900,000","3,700,000","3,500,000","3,500,000","3,600,000","2,300,000","2,700,000","3,000,000","2,000,000","3,100,000","7,700,000","7,600,000","7,500,000",
	OtherOperatingExpenses,,,,,,,,,"7,849,000",,,,,,,,,,,,,,,,,,,,,,,,,,,,,,,,,,,,,,,,,,,,,,,,,,,,,,,,,,,,,,,,,,,,,,,,,,,,,,,,,,,,,,,,,,,,,,,
OperatingIncome,"484,572,000","99,368,000","107,074,000","159,106,000","119,024,000","43,998,000","26,032,000","55,356,000","9,086,000","46,330,000","68,631,000","102,412,000","107,178,000","55,351,000","56,330,000","111,168,000","108,934,000","46,249,000","56,586,000","77,866,000","77,506,000","52,507,000","52,461,000","78,216,000","64,942,000","42,873,000","47,195,000","73,803,000","62,917,000","41,404,000","46,257,000","66,986,000","60,153,000","34,686,000","47,157,000","66,549,000","50,322,000","30,466,000","45,234,000","65,253,000","51,590,000","31,065,000","38,662,000","62,400,000","45,122,000","25,679,000","38,441,000","54,877,000","43,607,000","23,837,000","34,083,000","48,125,000","38,110,000","27,755,000","34,097,000","61,869,000","44,578,000","34,052,000","48,091,000","62,359,000","47,363,000","27,386,000","39,886,000","54,552,000","42,114,000","30,073,000","36,247,000","47,787,000","37,417,000","22,299,000","31,476,000","42,489,000","32,136,000","18,899,000","28,312,000","39,772,000","28,667,000","17,232,000","26,175,000","36,585,000","27,447,000","16,044,000","23,013,000","35,409,000","26,356,000","17,451,000","24,308,000","32,801,000","24,041,000","16,734,000","23,200,000","30,200,000","22,900,000","15,700,000","22,400,000","26,700,000","19,700,000","-10,100,000","-11,700,000","-9,900,000","29,400,000","12,500,000","24,400,000","119,400,000"
NetNonOperatingInterestIncomeExpense,"-41,393,000","-10,190,000","-10,310,000","-10,436,000","-10,457,000","-10,496,000","-10,464,000","-10,947,000","-10,837,000","-9,092,000","-9,693,000","-10,211,000","-8,309,000","-8,598,000","-8,954,000","-9,740,000","-10,062,000","-9,700,000","-9,512,000","-9,824,000","-9,842,000","-9,941,000","-9,947,000","-10,314,000","-10,397,000","-10,253,000","-10,178,000","-10,462,000","-10,780,000","-9,833,000","-9,554,000","-10,140,000","-10,363,000","-9,668,000","-9,635,000","-10,081,000","-10,148,000","-10,126,000","-9,982,000","-9,741,000","-3,146,000","-2,780,000","-2,851,000","-2,722,000","-3,046,000","-3,014,000","-2,262,000","-193,000","-1,778,000","456,000","-123,000","2,035,000","-1,265,000","-1,540,000",,,,,,,,,,,,,,,,,,,,,,,,,,,,,,,,,,,,,,,,,,,,,,,,,,
	InterestIncomeNonOperating,"4,980,000","1,280,000","1,264,000","1,202,000","1,234,000","1,281,000","1,411,000","1,744,000","2,245,000","2,288,000","2,379,000","2,220,000","2,784,000","2,613,000","2,234,000","1,966,000","1,643,000","1,609,000","1,643,000","1,575,000","1,438,000","1,264,000","1,033,000","836,000","827,000","839,000","598,000","359,000","277,000","346,000","556,000","355,000","347,000","503,000","568,000","676,000","659,000","644,000","384,000","425,000","394,000","337,000","369,000","506,000","221,000","210,000","1,258,000","1,671,000","0","1,077,000","560,000","2,961,000","3,173,000",,,,,,,,,,,,,,,,,,,,,,,,,,,,,,,,,,,,,,,,,,,,,,,,,,,
	InterestExpenseNonOperating,"46,373,000","11,470,000","11,574,000","11,638,000","11,691,000","11,777,000","11,875,000","12,691,000","13,082,000","11,380,000","12,072,000","12,431,000","11,093,000","11,211,000","11,188,000","11,706,000","11,705,000","11,309,000","11,155,000","11,399,000","11,280,000","11,205,000","10,980,000","11,150,000","11,224,000","11,092,000","10,776,000","10,821,000","11,057,000","10,179,000","10,110,000","10,495,000","10,710,000","10,171,000","10,203,000","10,757,000","10,807,000","10,770,000","10,366,000","10,166,000","3,540,000","3,117,000","3,220,000","3,228,000","3,267,000","3,224,000","3,520,000","1,864,000","1,778,000","621,000","683,000","926,000","1,265,000","1,540,000",,,,,,,,,,,,,,,,,,,,,,,,,,,,,,,,,,,,,,,,,,,,,,,,,,
OtherIncomeExpense,"-7,662,000","-1,443,000","-12,425,000","2,919,000","3,287,000","-4,792,000","-14,177,000","-20,315,000","-1,127,000","-6,839,000","-5,566,000","-6,277,000","-4,715,000","-10,274,000","-7,046,000","1,015,000","1,152,000","-6,088,000","-355,000","472,000","-283,000","-1,183,000","1,278,000","2,298,000","1,065,000","-2,242,000","787,000","-1,073,000","742,000","-537,000","-665,000","-888,000","444,000","24,000","808,000","1,124,000","-87,000","569,000","76,000","156,000","-505,000","1,948,000","1,243,000","-2,712,000","38,000","-742,000","336,000","342,000","195,000","353,000","334,000","336,000","3,398,000","-614,000","476,000","436,000","201,000","301,000","393,000","462,000","181,000","194,000","315,000","349,000","-212,000","258,000","219,000","464,000","208,000","332,000","281,000","-597,000","91,000","186,000",,,,,"-1,473,000","-438,000",,,"122,557,000","-11,653,000","-1,371,000","-802,000","-19,646,000","109,000","955,000","-1,725,000","-1,400,000",,"5,400,000","6,300,000","3,500,000","3,300,000","7,400,000","28,700,000","35,100,000","32,800,000",,"-1,300,000",,
	EarningsFromEquityInterest,"-9,635,000","244,000","-14,384,000","3,326,000","1,179,000","-5,997,000","-8,117,000","-1,731,000","-3,486,000","-1,955,000","-25,000","-6,400,000","-980,000","-2,171,000","35,000","43,000","567,000","-5,968,000","-1,333,000","-274,000","-859,000","-2,080,000","778,000","1,150,000","744,000","-2,180,000","206,000","329,000","-431,000","-1,005,000","-80,000","-513,000","-30,000","-35,000","294,000","421,000","60,000","-141,000","224,000","171,000","-128,000","-55,000","7,000","-39,000","0","301,000","336,000","342,000","195,000","353,000","334,000","336,000","225,000","218,000","476,000","436,000","201,000","301,000","393,000","462,000","181,000","194,000","315,000","349,000","130,000","258,000","182,000","267,000","155,000","199,000","271,000","175,000","91,000","186,000",,,,,"367,000","-438,000",,,"-1,862,000","-11,653,000","-763,000","-2,158,000",,,,,,,,,,,,,,,,,,
	SpecialIncomeCharges,"-240,000","29,000","-269,000","0","0","0","-9,235,000","-20,248,000","-1,226,000","-607,000","-7,184,000","8,000","-4,641,000","-10,301,000","-4,289,000","0","82,000",,"0","-32,000",,,"1,000","402,000",,,,,,,,,,,"0","0",,,"-2,137,000","-15,000","-377,000","2,003,000","1,236,000","-2,673,000","38,000","-1,043,000",,,,"1,077,000",,"2,961,000","3,173,000","-832,000",,,,,,,,,"0",,"-342,000",,"37,000","197,000","53,000","133,000","10,000","-772,000",,,,,,,,,,,"124,419,000",,"-608,000","1,356,000","-19,646,000","109,000","955,000","-1,725,000","-1,400,000",,"5,400,000","6,300,000","3,500,000","3,300,000","7,400,000","28,700,000","35,100,000","32,800,000",,"-1,300,000",,
		ImpairmentOfCapitalAssets,,,"282,000","0","0",,"14,751,000","0","0","0","-12,000","-33,000","0","10,401,000","4,289,000",,,,,,,,,,,,,,,,,,,,,,,,,,,,,,,,,,,,,,,,,,,,,,,,,,,,,,,,,,,,,,,,,,,,,,,,,,,,,,,,,,,,,,,,,
		OtherSpecialCharges,,,,,,,"0","15,958,000",,"607,000","7,188,000",,,,,,,,,,,,,,,,,,,,,,,,,,,,"2,137,000","15,000",,,,,,,,,,,,,,,,,,,,,,,,,,,,,,,,,,,,,,,,,,,,,,,,,,,,,,,,,,,,,,,,
		GainOnSaleOfBusiness,,,"-269,000",,,,"0","0","0",,"-8,000","-25,000","-4,641,000",,,,,,,,,,,,,,,,,,,,,,,,,,,,,,,,,,,,,,,,,,,,,,,,,,,,,,,,,,,,,,,,,,,,,,,,,,,,,,,,,,,,,,,,,,,
		GainOnSaleOfPPE,"42,000","29,000",,,,,"5,516,000","-4,290,000","-1,226,000","0","0","0","0","100,000","0","0","82,000",,"0","-32,000",,,"1,000","402,000",,,,,,,,,,,,,,,,,,,,,,,,,,,,,,,,,,,,,,,,,,,,,,,,,,,,,,,,,,,,,,,,,,,,,,,,,,,,,,,,
	OtherNonOperatingIncomeExpenses,"2,213,000","-1,716,000","2,228,000","-407,000","2,108,000","1,205,000","3,175,000","1,664,000","3,585,000","-4,277,000","1,643,000","115,000","906,000","2,198,000","-2,792,000","972,000","503,000","-120,000","978,000","778,000","576,000","897,000","499,000","746,000","321,000","-62,000","581,000","-1,402,000","1,173,000","468,000","-585,000","-375,000","474,000","59,000","514,000","703,000","-147,000","710,000","-148,000",,,,,,,,,,,,,,,,,,,,,,,,,,,,,,,,,,,,,,,,,,,,,,,,,,,,,,,,,,,,,,,,,
PretaxIncome,"435,517,000","87,735,000","84,339,000","151,589,000","111,854,000","28,710,000","1,391,000","24,094,000","-2,878,000","30,399,000","53,372,000","85,924,000","94,154,000","36,479,000","40,330,000","102,443,000","100,024,000","30,461,000","46,719,000","68,514,000","67,381,000","41,383,000","43,792,000","70,200,000","55,610,000","30,378,000","37,804,000","62,268,000","52,879,000","31,034,000","36,038,000","55,958,000","50,234,000","25,042,000","38,330,000","57,592,000","40,087,000","20,909,000","35,328,000","55,668,000","47,939,000","30,233,000","37,054,000","56,966,000","42,114,000","21,923,000","36,515,000","55,026,000","42,024,000","24,646,000","34,294,000","50,496,000","40,243,000","25,601,000","27,897,000","57,746,000","42,227,000","29,448,000","43,291,000","59,363,000","46,048,000","25,184,000","38,336,000","52,263,000","37,684,000","26,995,000","32,535,000","45,157,000","34,157,000","18,893,000","29,206,000","38,971,000","29,498,000","168,499,000","30,804,000","38,554,000","27,487,000","15,562,000","22,861,000","33,723,000","25,178,000","14,056,000","-9,807,000","20,854,000","22,238,000","12,131,000","4,143,000","31,921,000","19,079,000","14,439,000","22,600,000","30,300,000","24,200,000","17,300,000","20,900,000","25,200,000","22,300,000","13,900,000","20,800,000","20,600,000","22,100,000","6,000,000","18,100,000",
TaxProvision,"101,506,000","20,344,000","20,256,000","34,934,000","25,972,000","6,373,000","-6,474,000","9,594,000","-437,000","-25,064,000","11,203,000","9,685,000","19,765,000","6,398,000","8,859,000","22,484,000","20,185,000","5,375,000","53,160,000","20,919,000","22,386,000","12,639,000","11,971,000","22,635,000","16,788,000","10,780,000","8,601,000","20,849,000","17,066,000","9,440,000","10,729,000","16,542,000","14,955,000","7,711,000","10,998,000","16,080,000","11,853,000","5,386,000","10,877,000","11,291,000","16,077,000","10,236,000","12,268,000","14,664,000","14,536,000","6,193,000","12,372,000","14,532,000","15,013,000","8,853,000","10,663,000","17,688,000","14,740,000","9,293,000","9,186,000","21,831,000","15,219,000","10,871,000","15,344,000","20,969,000","17,403,000","8,869,000","13,707,000","5,906,000","13,548,000","9,330,000","10,983,000","12,691,000","12,609,000","6,894,000","8,874,000","14,055,000","10,995,000","6,255,000","10,084,000","14,209,000","10,376,000","5,875,000","7,765,000","11,856,000","9,872,000","5,482,000","9,340,000","8,346,000","8,673,000","4,731,000","1,616,000","12,449,000","7,441,000","5,631,000","8,500,000","12,000,000","9,700,000","7,000,000","8,700,000","10,500,000","9,300,000","5,800,000","8,500,000","8,500,000","9,600,000","2,600,000","7,500,000",
NetIncomeCommonStockholders,"332,672,000","67,067,000","63,868,000","116,235,000","85,558,000","22,227,000","7,820,000","14,422,000","-2,427,000","55,146,000","41,921,000","75,776,000","73,921,000","29,902,000","31,304,000","79,512,000","79,377,000","24,931,000","-6,374,000","47,261,000","44,676,000","28,538,000","31,595,000","47,223,000","38,550,000","19,467,000","29,009,000","41,141,000","35,570,000","21,430,000","25,077,000","39,022,000","35,076,000","18,806,000","27,067,000","41,108,000","27,959,000","15,360,000","23,179,000","44,377,000","31,862,000","19,997,000","24,786,000","42,302,000","27,578,000","15,730,000","24,143,000","40,494,000","27,011,000","15,793,000","23,631,000","32,808,000","25,503,000","16,308,000","18,711,000","35,915,000","27,008,000","18,577,000","27,947,000","38,394,000","28,645,000","16,315,000","24,629,000","46,357,000","24,136,000","17,665,000","21,552,000","32,466,000","21,548,000","11,999,000","20,332,000","24,916,000","18,503,000","10,594,000","20,720,000","24,345,000","17,111,000","9,687,000","15,096,000","21,867,000","15,306,000","8,574,000","-19,147,000","12,508,000","13,565,000","7,400,000","2,527,000","19,472,000","11,638,000","8,808,000","14,100,000","18,300,000","14,500,000","10,300,000","12,200,000","21,900,000","13,000,000","8,100,000","12,300,000","12,100,000","11,400,000","3,400,000","10,600,000","15,400,000"
	NetIncome,"334,011,000","67,391,000","64,083,000","116,655,000","85,882,000","22,337,000","7,865,000","14,500,000","-2,441,000","55,463,000","42,169,000","76,239,000","74,389,000","30,081,000","31,471,000","79,959,000","79,839,000","25,086,000","-6,441,000","47,595,000","44,995,000","28,744,000","31,821,000","47,565,000","38,822,000","19,598,000","29,203,000","41,419,000","35,813,000","21,594,000","25,285,000","39,365,000","35,400,000","18,972,000","27,332,000","41,512,000","28,234,000","15,523,000","24,451,000","44,377,000","31,862,000","19,997,000","24,786,000","42,302,000","27,578,000","15,730,000","24,143,000","40,494,000","27,011,000","15,793,000","23,631,000","32,808,000","25,503,000","16,308,000","18,711,000","35,915,000","27,008,000","18,577,000","27,947,000","38,394,000","28,645,000","16,315,000","24,629,000","46,357,000","24,136,000","17,665,000","21,552,000","32,466,000","21,548,000","11,999,000","20,332,000","24,916,000","18,503,000","10,594,000","20,720,000","24,345,000","17,111,000","9,687,000","15,096,000","21,867,000","15,306,000","8,574,000","-19,147,000","12,508,000","13,565,000","7,400,000","2,527,000","19,472,000","11,638,000","8,808,000","14,100,000","18,300,000","14,500,000","10,300,000","12,200,000","21,900,000","13,000,000","8,100,000","12,300,000","12,100,000","11,400,000","3,400,000","10,600,000","15,400,000"
		NetIncomeIncludingNoncontrollingInterests,"334,011,000","67,391,000","64,083,000","116,655,000","85,882,000","22,337,000","7,865,000","14,500,000","-2,441,000","55,463,000","42,169,000","76,239,000","74,389,000","30,081,000","31,471,000","79,959,000","79,839,000","25,086,000","-6,441,000","47,595,000","44,995,000","28,744,000","31,821,000","47,565,000","38,822,000","19,598,000","29,203,000","41,419,000","35,813,000","21,594,000","25,285,000","39,365,000","35,400,000","18,972,000","27,332,000","41,512,000","28,234,000","15,523,000","24,451,000","44,377,000","31,862,000","19,997,000","24,786,000","42,302,000","27,578,000","15,730,000","24,143,000","40,494,000","27,011,000","15,793,000","23,631,000","32,808,000","25,503,000","16,308,000","18,711,000","35,915,000","27,008,000","18,577,000","27,947,000","38,394,000","28,645,000","16,315,000","24,629,000","46,357,000","24,136,000","17,665,000","21,552,000","32,466,000","21,548,000","11,999,000","20,332,000","24,916,000","18,503,000","10,594,000","20,720,000","24,345,000","17,111,000","9,687,000","14,991,000","21,972,000","15,306,000","8,574,000","-19,147,000","12,508,000","13,565,000","7,400,000","2,527,000","19,472,000","11,638,000","8,808,000","14,100,000","18,300,000","14,500,000","10,300,000","12,200,000","21,900,000","13,000,000","8,100,000","12,300,000","12,100,000","11,400,000","3,400,000","10,600,000","15,400,000"
			NetIncomeContinuousOperations,"334,011,000","67,391,000","64,083,000","116,655,000","85,882,000","22,337,000","7,865,000","14,500,000","-2,441,000","55,463,000","42,169,000","76,239,000","74,389,000","30,081,000","31,471,000","79,959,000","79,839,000","25,086,000","-6,441,000","47,595,000","44,995,000","28,744,000","31,821,000","47,565,000","38,822,000","19,598,000","29,203,000","41,419,000","35,813,000","21,594,000","25,309,000","39,416,000","35,279,000","17,331,000","27,332,000","41,512,000","28,234,000","15,523,000","24,451,000","44,377,000","31,862,000","19,997,000","24,786,000","42,302,000","27,578,000","15,730,000","24,143,000","40,494,000","27,011,000","15,793,000","23,631,000","32,808,000","25,503,000","16,308,000","18,711,000","35,915,000","27,008,000","18,577,000","27,947,000","38,394,000","28,645,000","16,315,000","24,629,000","46,357,000","24,136,000","17,665,000","21,552,000","32,466,000","21,548,000","11,999,000","20,332,000","24,916,000","18,503,000","10,594,000","20,720,000","24,345,000","17,111,000","9,687,000","15,096,000","21,867,000","15,306,000","8,574,000","-19,147,000","12,508,000","13,565,000","7,400,000","2,527,000","19,472,000","11,638,000","8,808,000","14,100,000","18,300,000","14,500,000","10,300,000","12,200,000","14,700,000","13,000,000","8,100,000","12,300,000","12,100,000","12,500,000","3,400,000","10,600,000","15,400,000"
			NetIncomeDiscontinuousOperations,,,,,,,,,,,,,,,,,,,,,,,,,,,,"0","0","0","-24,000","-51,000","121,000","1,641,000",,,,,,,,,,,,,,,,,,,,,,,,,,,,,,,,,,,,,,,,,,,,,,,,,,,,,,,,,,,,,,,,,,,,,,
			NetIncomeFromTaxLossCarryforward,,,,,,,,,,,,,,,,,,,,,,,,,,,,,,,,,,,,,,,,,,,,,,,,,,,,,,,,,,,,,,,,,,,,,,,,,,,,,,,,,,,,,,,,,,,,,,,"0","7,200,000",,,,,,,,
		MinorityInterests,,,,,,,,,,,,,,,,,,,,,,,,,,,,,,,,,,,,,,,,,,,,,,,,,,,,,,,,,,,,,,,,,,,,,,,,,,,,,,,,"-105,000",,,,,,,,,,,,,,,,,,,,,,,,
	PreferredStockDividends,,,,,,,,,,,,"463,000","468,000","179,000","167,000","447,000","462,000","155,000","-67,000","334,000","319,000","206,000","226,000","342,000","272,000","131,000","194,000","278,000","243,000","164,000","208,000","343,000","324,000","166,000","265,000","404,000","275,000","163,000",,,,,,,,,,,,,,,,,,,,,,,,,,,,,,,,,,,,,,,,,,,,,,,,,,,,,,,,,,,,,,,,,,
	OtherunderPreferredStockDividend,"1,339,000","324,000","215,000","420,000","324,000","110,000","45,000","78,000","-14,000","317,000","248,000","463,000","468,000","179,000","167,000","447,000","462,000","155,000","-67,000","334,000","319,000","206,000","226,000","342,000","272,000","131,000","194,000","278,000","243,000","164,000","208,000","343,000","324,000","166,000","265,000","404,000","275,000","163,000",,,,,,,,,,,,,,,,,,,,,,,,,,,,,,,,,,,,,,,,,,,,,,,,,,,,,,,,,,,,,,,,,,
AverageDilutionEarnings,,,"0","0","0","0",,,"0","1,000","2,000","2,000","2,000","0","-1,000","3,000","3,000","1,000","-1,000","1,000","2,000","0","0","1,000","1,000","0","1,000","1,000","2,000","0","1,000","3,000","2,000","1,000","2,000","2,000","1,000","1,000",,,,,,,,,,,,,,,,,,,,,,,,,,,,,,,,,,,,,,,,,,,,,,,,,,,,,,,,,,,,,,,,,,
DilutedNIAvailtoComStockholders,"332,672,000","67,067,000","63,868,000","116,235,000","85,558,000","22,227,000","7,820,000","14,422,000","-2,427,000","55,147,000","41,923,000","75,778,000","73,923,000","29,902,000","31,303,000","79,515,000","79,380,000","24,932,000","-6,375,000","47,262,000","44,678,000","28,538,000","31,595,000","47,224,000","38,551,000","19,467,000","29,010,000","41,142,000","35,572,000","21,430,000","25,078,000","39,025,000","35,078,000","18,807,000","27,069,000","41,110,000","27,960,000","15,361,000","23,162,000","44,377,000","31,862,000","19,997,000","24,786,000","42,302,000","27,578,000","15,730,000","24,143,000","40,494,000","27,011,000","15,793,000","23,631,000","32,808,000","25,503,000","16,308,000","18,711,000","35,915,000","27,008,000","18,577,000","27,947,000","38,394,000","28,645,000","16,315,000","24,629,000","46,357,000","24,136,000","17,665,000","21,552,000","32,466,000","21,548,000","11,999,000","20,332,000","24,916,000","18,503,000","10,594,000","20,720,000","24,345,000","17,111,000","9,687,000","15,096,000","21,867,000","15,306,000","8,574,000","-19,147,000","12,508,000","13,565,000","7,400,000","2,527,000","19,472,000","11,638,000","8,808,000","14,100,000","18,300,000","14,500,000","10,300,000","12,200,000","21,900,000","13,000,000","8,100,000","12,300,000","12,100,000","11,400,000","3,400,000","10,600,000","15,400,000"
BasicEPS,,"1.21","1.15","2.1","1.54","0.4","0.14","0.26","-0.04","1","0.76","1.37","1.34","0.54","0.56","1.42","1.41","0.44","-0.11","0.84","0.8","0.51","0.57","0.85","0.69","0.35","0.52","0.72","0.62","0.38","0.44","0.67","0.61","0.33","0.47","0.71","0.48","0.27","0.42","0.77","0.55","0.34",,"0.71","0.46","0.26",,"0.68","0.45","0.27",,"0.55","0.42","0.27",,"0.58","0.43","0.3",,"0.6","0.44","0.25",,"0.71","0.37","0.27",,"0.5","0.335","0.185",,"0.38","0.275","0.155",,"0.34","0.24","0.13",,"0.275","0.19","0.105",,"0.145","0.155","0.08",,"0.185","0.11","0.08",,"0.17","0.13","0.09",,"0.185","0.11","0.07","0.105","0.1",,"0.025","0.085","0.12"
DilutedEPS,,"1.2","1.14","2.08","1.53","0.4","0.14","0.26","-0.04","0.99","0.75","1.36","1.33","0.54","0.56","1.41","1.4","0.44","-0.11","0.84","0.79","0.51","0.56","0.84","0.68","0.35","0.51","0.72","0.62","0.37","0.43","0.67","0.6","0.32","0.46","0.7","0.48","0.26","0.42","0.76","0.55","0.34",,"0.71","0.46","0.26",,"0.68","0.45","0.26",,"0.55","0.42","0.27",,"0.57","0.43","0.3",,"0.59","0.43","0.24",,"0.69","0.36","0.26",,"0.48","0.325","0.18",,"0.365","0.265","0.15",,"0.33","0.235","0.13",,"0.27","0.19","0.1",,"0.145","0.15","0.08",,"0.185","0.11","0.08",,"0.165","0.13","0.09",,"0.185","0.11","0.065","0.105","0.1",,"0.025","0.085","0.12"
BasicAverageShares,,"55,695,041","55,724,348","55,427,000","55,389,000","55,263,000","56,178,571","55,106,000","61,025,000","55,343,000","55,485,526","55,366,000","55,323,000","55,347,000","56,198,214","56,025,000","56,364,000","56,464,000","58,554,545","56,660,714","56,243,750","55,941,000","55,826,316","55,958,824","56,263,768","56,025,000","56,159,615","57,526,389","57,762,903","56,826,316","57,465,909","58,753,731","58,032,787","57,490,909","58,153,191","58,467,606","58,820,833","57,492,593","58,216,667","57,632,468","58,204,000","58,814,706",,"59,580,282","59,918,000","60,500,000",,"59,550,000","59,592,000","59,514,000",,"59,733,000","60,467,000","60,532,000",,"62,316,000","62,181,000","61,751,000",,"63,556,000","65,475,000","65,782,000",,"65,668,000","65,356,000","64,781,000",,"64,756,000","64,452,000","64,140,000",,"65,614,000","66,790,000","68,546,000",,"71,270,000","71,452,000","73,544,000",,"78,070,000","79,624,000","82,552,000",,"85,706,000","88,698,000","91,596,000",,"105,536,000","106,184,000","106,780,000",,"107,647,059","111,538,462","114,444,444",,"118,378,378","118,181,818","115,714,286","117,142,857","121,000,000",,"136,000,000","124,705,882","128,333,333"
DilutedAverageShares,,"56,159,167","56,213,158","55,905,000","55,800,000","55,661,000","56,178,571","55,410,000","61,025,000","55,677,000","56,225,333","55,626,000","55,560,000","55,657,000","56,198,214","56,430,000","56,832,000","57,111,000","58,554,545","56,660,714","56,955,696","56,286,000","56,823,214","56,625,000","57,091,176","56,307,000","57,260,784","57,526,389","57,762,903","58,362,162","58,802,326","58,753,731","59,000,000","59,287,500","59,417,391","59,302,857","58,820,833","59,703,846","58,377,000","58,390,789","58,204,000","58,814,706",,"59,807,000","59,918,000","60,500,000",,"59,658,000","59,676,000","59,600,000",,"59,818,000","60,598,000","60,851,000",,"62,887,000","62,863,000","62,596,000",,"64,602,000","66,599,000","67,048,000",,"67,152,000","67,105,000","66,728,000",,"66,963,000","66,676,000","66,642,000",,"68,518,000","69,588,000","71,278,000",,"73,490,000","73,116,000","75,026,000",,"79,510,000","81,326,000","84,024,000",,"87,166,000","89,556,000","92,564,000",,"106,238,000","107,068,000","108,524,000",,"110,909,091","111,538,462","114,444,444",,"118,378,378","118,181,818","124,615,385","117,142,857","121,000,000",,"136,000,000","124,705,882","128,333,333"
TotalOperatingIncomeAsReported,"484,332,000","99,397,000","106,805,000","159,106,000","119,024,000","43,998,000","16,797,000","51,066,000","7,860,000","46,330,000","68,635,000","102,420,000","102,537,000","45,050,000","52,041,000","111,168,000","109,016,000","46,249,000","56,586,000","77,834,000","77,506,000","52,507,000","52,462,000","78,618,000","64,942,000","42,873,000","47,195,000","73,803,000","62,917,000","41,404,000","46,257,000","66,986,000","60,153,000","34,686,000","47,157,000","66,549,000","50,322,000","30,466,000","45,234,000","65,253,000","51,590,000","31,065,000","38,662,000","62,400,000","45,122,000","25,679,000","38,441,000","54,877,000","43,607,000","23,837,000","34,083,000","48,125,000","38,110,000","27,755,000","34,097,000","61,869,000","44,578,000","34,052,000","48,091,000","62,359,000","47,363,000","27,386,000","39,886,000","54,552,000","42,114,000","30,073,000","36,247,000","47,787,000","37,417,000","22,299,000","31,476,000","42,489,000","32,136,000","18,899,000","28,312,000","39,772,000","28,667,000","17,232,000","24,559,000","36,585,000","27,447,000","16,044,000","-5,640,000","35,409,000","26,356,000","17,451,000","24,308,000","32,801,000","24,041,000","16,734,000","23,200,000","30,200,000","22,900,000","15,700,000","22,400,000","26,700,000","19,700,000","-10,100,000","-11,700,000","-9,900,000","29,400,000","12,500,000","24,400,000",
TotalExpenses,"659,506,000","158,359,000","177,564,000","164,263,000","159,320,000","138,949,000","167,361,000","155,415,000","142,647,000","171,845,000","199,453,000","208,320,000","210,506,000","162,969,000","188,649,000","180,322,000","186,507,000","163,145,000","180,985,000","217,222,000","199,293,000","145,391,000","155,734,000","189,361,000","176,809,000","164,245,000","163,756,000","167,723,000","169,239,000","133,841,000","139,145,000","148,182,000","137,511,000","112,597,000","133,538,000","156,613,000","133,256,000","106,406,000","133,072,000","145,160,000","122,031,000","98,104,000","127,228,000","129,921,000","120,179,000","89,602,000","116,565,000","128,924,000","106,241,000","83,584,000","106,618,000","117,851,000","105,233,000","86,403,000","120,397,000","129,342,000","122,542,000","94,803,000","117,102,000","114,050,000","110,346,000","88,797,000","103,822,000","96,444,000","98,426,000","79,345,000","85,418,000","94,284,000","84,998,000","68,949,000","75,410,000","85,021,000","75,039,000","68,336,000","66,846,000","66,121,000","74,830,000","64,324,000","58,135,000","68,445,000","73,022,000","59,286,000","186,647,000","17,802,000","18,851,000","15,899,000","20,243,000","17,312,000","17,124,000","14,911,000","19,800,000","17,800,000","15,500,000","14,700,000","18,700,000","20,000,000","20,900,000","42,600,000","56,100,000","53,200,000","81,100,000","78,200,000","85,000,000",
NetIncomeFromContinuingAndDiscontinuedOperation,"334,011,000","67,391,000","64,083,000","116,655,000","85,882,000","22,337,000","7,865,000","14,500,000","-2,441,000","55,463,000","42,169,000","76,239,000","74,389,000","30,081,000","31,471,000","79,959,000","79,839,000","25,086,000","-6,441,000","47,595,000","44,995,000","28,744,000","31,821,000","47,565,000","38,822,000","19,598,000","29,203,000","41,419,000","35,813,000","21,594,000","25,285,000","39,365,000","35,400,000","18,972,000","27,332,000","41,512,000","28,234,000","15,523,000","24,451,000","44,377,000","31,862,000","19,997,000","24,786,000","42,302,000","27,578,000","15,730,000","24,143,000","40,494,000","27,011,000","15,793,000","23,631,000","32,808,000","25,503,000","16,308,000","18,711,000","35,915,000","27,008,000","18,577,000","27,947,000","38,394,000","28,645,000","16,315,000","24,629,000","46,357,000","24,136,000","17,665,000","21,552,000","32,466,000","21,548,000","11,999,000","20,332,000","24,916,000","18,503,000","10,594,000","20,720,000","24,345,000","17,111,000","9,687,000","15,096,000","21,867,000","15,306,000","8,574,000","-19,147,000","12,508,000","13,565,000","7,400,000","2,527,000","19,472,000","11,638,000","8,808,000","14,100,000","18,300,000","14,500,000","10,300,000","12,200,000","14,700,000","13,000,000","8,100,000","12,300,000","12,100,000","12,500,000","3,400,000","10,600,000","15,400,000"
NormalizedIncome,"334,195,063.171","67,368,728","64,287,393.306","116,655,000","85,882,000","22,337,000","14,606,550","26,770,288","-1,359,668","55,906,110","47,845,049.164","76,231,904","78,055,390","38,579,325","34,817,866.328","79,959,000","79,773,564","25,086,000","-6,441,000","47,617,240","44,995,000","28,744,000","31,820,273.36","47,292,444","38,822,000","19,598,000","29,203,000","41,419,000","35,813,000","21,594,000","25,309,000","39,416,000","35,279,000","17,331,000","27,332,000","41,512,000","28,234,000","15,523,000","25,930,047.413","44,388,957.588","32,112,567.888","18,672,156.584","23,959,220.273","44,286,925.148","27,553,116.018","16,478,364.275","24,143,000","40,494,000","27,011,000","15,793,000","23,631,000","32,808,000","23,492,190.195","16,837,989.297","18,711,000","35,915,000","27,008,000","18,577,000","27,947,000","38,394,000","28,645,000","16,315,000","24,629,000","46,357,000","24,355,045.537","17,665,000","21,527,490.272","32,324,365.215","21,514,564.862","11,914,531.308","20,325,038.417","25,409,576.044","18,503,000","10,594,000","20,720,000","24,345,000","17,111,000","9,687,000","15,096,000","21,867,000","15,306,000","8,574,000","-93,798,400","12,508,000","13,935,875.079","6,572,829.94","14,509,969.346","19,405,509.351","11,055,459.51","9,860,275.088","14,973,451.327","18,300,000","11,260,000","6,520,000","10,100,000","12,720,000","8,560,000","-9,120,000","-8,760,000","-7,580,000","12,500,000","4,180,000","10,600,000","15,400,000"
InterestIncome,"4,980,000","1,280,000","1,264,000","1,202,000","1,234,000","1,281,000","1,411,000","1,744,000","2,245,000","2,288,000","2,379,000","2,220,000","2,784,000","2,613,000","2,234,000","1,966,000","1,643,000","1,609,000","1,643,000","1,575,000","1,438,000","1,264,000","1,033,000","836,000","827,000","839,000","598,000","359,000","277,000","346,000","556,000","355,000","347,000","503,000","568,000","676,000","659,000","644,000","384,000","425,000","394,000","337,000","369,000","506,000","221,000","210,000","1,258,000","1,671,000","0","1,077,000","560,000","2,961,000","3,173,000",,,,,,,,,,,,,,,,,,,,,,,,,,,,,,,,,,,,,,,,,,,,,,,,,,,
InterestExpense,"46,373,000","11,470,000","11,574,000","11,638,000","11,691,000","11,777,000","11,875,000","12,691,000","13,082,000","11,380,000","12,072,000","12,431,000","11,093,000","11,211,000","11,188,000","11,706,000","11,705,000","11,309,000","11,155,000","11,399,000","11,280,000","11,205,000","10,980,000","11,150,000","11,224,000","11,092,000","10,776,000","10,821,000","11,057,000","10,179,000","10,110,000","10,495,000","10,710,000","10,171,000","10,203,000","10,757,000","10,807,000","10,770,000","10,366,000","10,166,000","3,540,000","3,117,000","3,220,000","3,228,000","3,267,000","3,224,000","3,520,000","1,864,000","1,778,000","621,000","683,000","926,000","1,265,000","1,540,000",,,,,,,,,,,,,,,,,,,,,,,,,,,,,,,,,,,,,,,,,,,,,,,,,,
NetInterestIncome,"-41,393,000","-10,190,000","-10,310,000","-10,436,000","-10,457,000","-10,496,000","-10,464,000","-10,947,000","-10,837,000","-9,092,000","-9,693,000","-10,211,000","-8,309,000","-8,598,000","-8,954,000","-9,740,000","-10,062,000","-9,700,000","-9,512,000","-9,824,000","-9,842,000","-9,941,000","-9,947,000","-10,314,000","-10,397,000","-10,253,000","-10,178,000","-10,462,000","-10,780,000","-9,833,000","-9,554,000","-10,140,000","-10,363,000","-9,668,000","-9,635,000","-10,081,000","-10,148,000","-10,126,000","-9,982,000","-9,741,000","-3,146,000","-2,780,000","-2,851,000","-2,722,000","-3,046,000","-3,014,000","-2,262,000","-193,000","-1,778,000","456,000","-123,000","2,035,000","-1,265,000","-1,540,000",,,,,,,,,,,,,,,,,,,,,,,,,,,,,,,,,,,,,,,,,,,,,,,,,,
EBIT,"481,890,000","99,205,000","95,913,000","163,227,000","123,545,000","40,487,000","13,266,000","36,785,000","10,204,000","41,779,000","65,444,000","98,355,000","105,247,000","47,690,000","51,518,000","114,149,000","111,729,000","41,770,000","57,874,000","79,913,000","78,661,000","52,588,000","54,772,000","81,350,000","66,834,000","41,470,000","48,580,000","73,089,000","63,936,000","41,213,000","46,148,000","66,453,000","60,944,000","35,213,000","48,533,000","68,349,000","50,894,000","31,679,000","45,694,000","65,834,000","51,479,000","33,350,000","40,274,000","60,194,000","45,381,000","25,147,000","40,035,000","56,890,000","43,802,000","25,267,000","34,977,000","51,422,000","41,508,000","27,141,000","35,511,000","61,869,000","44,578,000","34,052,000","48,091,000","62,359,000","47,363,000","27,386,000","39,886,000","54,552,000","42,114,000","30,073,000","36,247,000","47,787,000","37,417,000","22,299,000","31,476,000","42,489,000","32,136,000","18,899,000","28,312,000","39,772,000","28,667,000","17,232,000","26,175,000","36,585,000","27,447,000","16,044,000","23,013,000","35,409,000","26,356,000","17,451,000","24,308,000","32,801,000","24,041,000","16,734,000","23,200,000","30,200,000","22,900,000","15,700,000","22,400,000","26,700,000","19,700,000","-10,100,000","-11,700,000","-9,900,000","29,400,000","12,500,000","24,400,000","119,400,000"
EBITDA,"547,554,000"
ReconciledCostOfRevenue,"448,162,000","110,866,000","114,647,000","113,542,000","109,107,000","93,461,000","105,929,000","109,426,000","84,834,000","128,789,000","143,789,000","158,202,000","153,677,000","112,633,000","132,667,000","131,390,000","129,370,000","112,003,000","131,810,000","167,763,000","158,035,000","109,475,000","113,523,000","152,018,000","133,814,000","126,361,000","122,465,000","134,463,000","133,122,000","98,713,000","103,594,000","115,653,000","103,610,000","84,012,000","101,654,000","127,252,000","100,556,000","77,315,000","101,056,000","119,995,000","95,500,000","71,738,000","91,717,000","105,293,000","91,692,000","63,800,000","87,949,000","103,690,000","81,197,000","59,596,000","78,351,000","91,229,000","76,125,000","62,827,000","82,798,000","101,725,000","86,197,000","69,191,000","87,020,000","87,662,000","82,604,000","62,782,000","75,136,000","73,821,000","73,542,000","58,721,000","59,246,000","73,750,000","63,508,000","49,844,000","52,946,000","66,158,000","55,100,000","50,001,000","46,270,000","49,403,000","54,284,000","48,079,000","42,281,000","51,072,000","55,233,000","44,147,000","168,762,000","728,000","661,000","520,000",,,"-2,430,000","-2,777,000","-4,200,000","-1,100,000","-600,000","200,000","1,200,000","3,600,000","5,800,000","28,200,000","41,100,000","39,600,000","64,400,000","56,800,000","60,100,000",
ReconciledDepreciation,"65,664,000","17,169,000","17,141,000","15,611,000","15,743,000","15,221,000","17,120,000","14,576,000","13,849,000","14,221,000","11,633,000","11,810,000","9,849,000","10,822,000","11,280,000","10,741,000","10,867,000","10,278,000","3,216,000","3,095,000","3,050,000","3,070,000","2,998,000","2,986,000","2,956,000","2,765,000","2,749,000","3,108,000","2,995,000","2,690,000","2,462,000","2,293,000","2,488,000","2,122,000","2,395,000","2,379,000","2,520,000","2,175,000","2,237,000","1,995,000","1,977,000","2,017,000","2,048,000","2,073,000","1,948,000","1,955,000","1,872,000","2,078,000","2,220,000","2,172,000","2,084,000","2,105,000","2,032,000","2,115,000","2,019,000","2,038,000","2,070,000","2,057,000","2,227,000","2,158,000","2,137,000","2,115,000","2,370,000","2,344,000","2,642,000","2,349,000","2,282,000","2,188,000","2,256,000","2,325,000","2,422,000","2,489,000","2,502,000","2,534,000","2,753,000","2,583,000","3,130,000","2,759,000","3,034,000","2,692,000","2,798,000","2,727,000","3,500,000","3,060,000","3,002,000","2,890,000","3,338,000","-2,177,000","5,483,000","5,460,000","6,900,000","3,700,000","3,500,000","3,500,000","3,600,000","3,200,000","2,700,000","3,000,000","2,000,000","3,100,000","7,700,000","7,700,000","7,500,000",
NetIncomeFromContinuingOperationNetMinorityInterest,"334,011,000","67,391,000","64,083,000","116,655,000","85,882,000","22,337,000","7,865,000","14,500,000","-2,441,000","55,463,000","42,169,000","76,239,000","74,389,000","30,081,000","31,471,000","79,959,000","79,839,000","25,086,000","-6,441,000","47,595,000","44,995,000","28,744,000","31,821,000","47,565,000","38,822,000","19,598,000","29,203,000","41,419,000","35,813,000","21,594,000","25,309,000","39,416,000","35,279,000","17,331,000","27,332,000","41,512,000","28,234,000","15,523,000","24,451,000","44,377,000","31,862,000","19,997,000","24,786,000","42,302,000","27,578,000","15,730,000","24,143,000","40,494,000","27,011,000","15,793,000","23,631,000","32,808,000","25,503,000","16,308,000","18,711,000","35,915,000","27,008,000","18,577,000","27,947,000","38,394,000","28,645,000","16,315,000","24,629,000","46,357,000","24,136,000","17,665,000","21,552,000","32,466,000","21,548,000","11,999,000","20,332,000","24,916,000","18,503,000","10,594,000","20,720,000","24,345,000","17,111,000","9,687,000","15,096,000","21,867,000","15,306,000","8,574,000","-19,147,000","12,508,000","13,565,000","7,400,000","2,527,000","19,472,000","11,638,000","8,808,000","14,100,000","18,300,000","14,500,000","10,300,000","12,200,000","14,700,000","13,000,000","8,100,000","12,300,000","12,100,000","12,500,000","3,400,000","10,600,000","15,400,000"
TotalUnusualItemsExcludingGoodwill,"-240,000","29,000","-269,000","0","0","0","-9,235,000","-20,248,000","-1,226,000","-607,000","-7,184,000","8,000","-4,641,000","-10,301,000","-4,289,000","0","82,000",,"0","-32,000",,,"1,000","402,000",,,,,,,,,,,"0","0",,,"-2,137,000","-15,000","-377,000","2,003,000","1,236,000","-2,673,000","38,000","-1,043,000",,,,"1,077,000",,"2,961,000","3,173,000","-832,000",,,,,,,,,"0",,"-342,000",,"37,000","197,000","53,000","133,000","10,000","-772,000",,,,,,,,,,,"124,419,000",,"-608,000","1,356,000","-19,646,000","109,000","955,000","-1,725,000","-1,400,000",,"5,400,000","6,300,000","3,500,000","3,300,000","7,400,000","28,700,000","35,100,000","32,800,000",,"-1,300,000",,
TotalUnusualItems,"-240,000","29,000","-269,000","0","0","0","-9,235,000","-20,248,000","-1,226,000","-607,000","-7,184,000","8,000","-4,641,000","-10,301,000","-4,289,000","0","82,000",,"0","-32,000",,,"1,000","402,000",,,,,,,,,,,"0","0",,,"-2,137,000","-15,000","-377,000","2,003,000","1,236,000","-2,673,000","38,000","-1,043,000",,,,"1,077,000",,"2,961,000","3,173,000","-832,000",,,,,,,,,"0",,"-342,000",,"37,000","197,000","53,000","133,000","10,000","-772,000",,,,,,,,,,,"124,419,000",,"-608,000","1,356,000","-19,646,000","109,000","955,000","-1,725,000","-1,400,000",,"5,400,000","6,300,000","3,500,000","3,300,000","7,400,000","28,700,000","35,100,000","32,800,000",,"-1,300,000",,
NormalizedEBITDA,"547,794,000","116,345,000","113,323,000","178,838,000","139,288,000","55,708,000","39,621,000","71,609,000","25,279,000","56,607,000","84,261,000","110,157,000","119,737,000","68,813,000","67,087,000","124,890,000","122,514,000","52,048,000","61,090,000","83,040,000","81,711,000","55,658,000","57,769,000","83,934,000","69,790,000","44,235,000","51,329,000","76,197,000","66,931,000","43,903,000","48,610,000","68,746,000","63,432,000","37,335,000","50,928,000","70,728,000","53,414,000","33,854,000","50,068,000","67,844,000","53,833,000","33,364,000","41,086,000","64,940,000","47,291,000","28,145,000","41,907,000","58,968,000","46,022,000","27,439,000","37,061,000","53,527,000","40,367,000","30,088,000","37,530,000","63,907,000","46,648,000","36,109,000","50,318,000","64,517,000","49,500,000","29,501,000","42,256,000","56,896,000","45,098,000","32,422,000","38,492,000","49,778,000","39,620,000","24,491,000","33,888,000","45,750,000","34,638,000","21,433,000","31,065,000","42,355,000","31,797,000","19,991,000","29,209,000","39,277,000","30,245,000","18,771,000","-97,906,000","38,469,000","29,966,000","18,985,000","47,292,000","35,522,000","28,569,000","23,919,000","31,500,000","33,900,000","21,000,000","12,900,000","22,500,000","26,600,000","15,000,000","-35,800,000","-44,800,000","-39,600,000","37,100,000","21,500,000","31,900,000","119,400,000"
TaxRateForCalcs,"0.233","0.232","0.24","0.231","0.232","0.222","0.27","0.394","0.118","0.27","0.21","0.113","0.21","0.175","0.22","0.219","0.202","0.176","0.4","0.305","0.332","0.305","0.273","0.322","0.302","0.355","0.228","0.335","0.323","0.304","0.298","0.296","0.298","0.308","0.287","0.279","0.296","0.258","0.308","0.203","0.335","0.339","0.331","0.257","0.345","0.282","0.339","0.264","0.357","0.359","0.311","0.35","0.366","0.363","0.329","0.378","0.36","0.369","0.354","0.353","0.378","0.352","0.358","0.113","0.36","0.346","0.338","0.281","0.369","0.365","0.304","0.361","0.373","0.037","0.327","0.369","0.377","0.378","0.34","0.352","0.392","0.39","0.4","0.4","0.39","0.39","0.39","0.39","0.39","0.39","0.376","0.396","0.4","0.4","0.4","0.4","0.4","0.4","0.4","0.4","0.4","0.4","0.4","0.4"
TaxEffectOfUnusualItems,"-55,936.829","6,728","-64,606.694","0","0","0","-2,493,450","-7,977,712","-144,668","-163,890","-1,507,950.836","904","-974,610","-1,802,675","-942,133.672","0","16,564","0","0","-9,760","0","0","273.36","129,444","0","0","0","0","0","0","0","0","0","0","0","0","0","0","-657,952.587","-3,042.412","-126,432.112","678,156.584","409,220.273","-688,074.852","13,116.018","-294,635.725","0","0","0","0","0","0","1,162,190.195","-302,010.703","0","0","0","0","0","0","0","0","0","0","-122,954.463","0","12,490.272","55,365.215","19,564.862","48,531.308","3,038.417","-278,423.956","0","0","0","0","0","0","0","0","0","0","49,767,600","0","-237,124.921","528,829.94","-7,663,030.654","42,509.351","372,459.51","-672,724.912","-526,548.673","0","2,160,000","2,520,000","1,400,000","1,320,000","2,960,000","11,480,000","14,040,000","13,120,000","0","-520,000","0","0"