name,ttm,03/31/2022,12/31/2021,09/30/2021,06/30/2021,03/31/2021,12/31/2020,09/30/2020,06/30/2020,03/31/2020,12/31/2019,09/30/2019,06/30/2019,03/31/2019,12/31/2018,09/30/2018,06/30/2018,03/31/2018,12/31/2017,09/30/2017,06/30/2017,03/31/2017,12/31/2016,09/30/2016,06/30/2016,03/31/2016,12/31/2015,09/30/2015,06/30/2015,03/31/2015,12/31/2014,09/30/2014,06/30/2014,03/31/2014,12/31/2013,09/30/2013,06/30/2013,03/31/2013,12/31/2012,09/30/2012,06/30/2012,03/31/2012,12/31/2011,09/30/2011,06/30/2011,03/31/2011,12/31/2010,09/30/2010,06/30/2010,03/31/2010,12/31/2009,09/30/2009,06/30/2009,03/31/2009,12/31/2008,09/30/2008,06/30/2008,03/31/2008,12/31/2007,09/30/2007,06/30/2007,03/31/2007,12/31/2006,09/30/2006,06/30/2006,03/31/2006,12/31/2005,09/30/2005,06/30/2005,03/31/2005,12/31/2004,09/30/2004,06/30/2004,03/31/2004,12/31/2003,09/30/2003,06/30/2003,03/31/2003,12/31/2002,09/30/2002,06/30/2002,03/31/2002,12/31/2001,09/30/2001,06/30/2001,03/31/2001,12/31/2000,09/30/2000,06/30/2000,03/31/2000,12/31/1999,09/30/1999,06/30/1999,03/31/1999,12/31/1998,09/30/1998,06/30/1998,03/31/1998,12/31/1997,09/30/1997,06/30/1997,03/31/1997,12/31/1996,09/30/1996,06/30/1996,03/31/1996,12/31/1995,09/30/1995,06/30/1995,03/31/1995,12/31/1994,09/30/1994,06/30/1994,03/31/1994,12/31/1993,09/30/1993,06/30/1993,03/31/1993,12/31/1992,09/30/1992,06/30/1992,03/31/1992,11/30/1991,08/31/1991,05/31/1991,02/28/1991,11/30/1990,08/31/1990,05/31/1990,02/28/1990,11/30/1989,08/31/1989,05/31/1989,02/28/1989,11/30/1988,08/31/1988,05/31/1988,02/29/1988,11/30/1987,08/31/1987,05/31/1987,02/28/1987,11/30/1986,08/31/1986,05/31/1986,02/28/1986,11/30/1985,08/31/1985
TotalRevenue,"4,166,527,000","1,169,109,000","1,119,481,000","951,479,000","926,458,000","808,148,000","796,190,000","779,344,000","710,000,000","858,563,000","871,005,000","891,668,000","868,678,000","780,839,000","858,204,000","843,181,000","849,140,000","749,778,000","747,403,000","755,846,000","752,788,000","688,941,000","692,113,000","729,520,000","697,510,000","636,083,000","713,044,000","893,366,000","936,228,000","732,499,000","845,024,000","851,465,000","858,480,000","846,667,000","879,430,000","907,535,000","860,528,000","862,163,000","558,962,000","533,806,000","523,118,000","572,022,000","545,886,000","556,053,000","447,235,000","434,962,000","417,058,000","487,651,000","471,639,000","354,896,000","346,969,000","305,608,000","215,337,000","206,306,000","249,788,000","273,157,000","265,259,000","242,509,000","257,678,000","245,507,000","238,708,000","205,024,000","231,849,000","213,903,000","199,562,000","184,495,000","193,714,000","178,580,000","173,910,000","164,966,000","176,181,000","162,650,000","161,631,000","142,757,000","145,544,000","151,085,000","172,035,000","142,305,000","153,344,000","83,365,000","60,105,000","53,319,000","75,824,000","61,659,000","62,300,000","51,818,000","58,197,000","60,290,000","62,242,000","52,737,000","52,600,000","54,600,000","51,100,000","44,600,000","52,500,000","50,900,000","53,600,000","40,400,000","45,900,000","50,100,000","47,400,000","40,400,000","54,100,000","50,700,000","49,600,000","45,700,000","52,900,000","54,400,000","54,900,000","47,200,000","52,900,000","53,300,000","49,700,000","51,300,000","52,800,000","52,000,000","51,800,000","43,500,000","50,600,000","46,300,000","41,700,000","37,700,000","40,000,000","38,000,000","37,000,000","35,800,000","32,000,000","40,600,000","34,500,000","29,800,000","33,500,000","35,100,000","33,000,000","24,400,000","25,500,000","24,700,000","21,100,000","19,400,000","19,800,000","17,100,000","17,100,000","13,200,000","12,400,000","10,600,000","10,600,000","8,000,000","8,100,000","8,000,000"
	OperatingRevenue,"4,166,527,000","1,169,109,000","1,119,481,000","951,479,000","926,458,000","808,148,000","796,190,000","779,344,000","710,000,000","858,563,000","871,005,000","891,668,000","868,678,000","780,839,000","858,204,000","843,181,000","849,140,000","749,778,000","747,403,000","755,846,000","752,788,000","688,941,000","692,113,000","729,520,000","697,510,000","636,083,000","713,044,000","893,366,000","936,228,000","732,499,000","845,024,000","851,465,000","858,480,000","846,667,000","879,430,000","907,535,000","860,528,000","862,163,000","558,962,000","533,806,000","523,118,000","572,022,000","545,886,000","556,053,000","447,235,000","434,962,000","417,058,000","487,651,000","471,639,000","354,896,000","346,969,000","305,608,000","215,337,000","206,306,000","249,788,000","273,157,000","265,259,000","242,509,000","257,678,000","245,507,000","238,708,000","205,024,000","231,849,000","213,903,000","199,562,000","184,495,000","193,714,000","178,580,000","173,910,000","164,966,000","176,181,000","162,650,000","161,631,000","142,757,000","145,544,000","151,085,000","172,035,000","142,305,000","153,344,000","83,365,000","60,105,000","53,319,000","75,824,000","61,659,000","62,300,000","51,818,000","58,197,000","60,290,000","62,242,000","52,737,000","52,600,000","54,600,000","51,100,000","44,600,000","52,500,000","50,900,000","53,600,000","40,400,000","45,900,000","50,100,000","47,400,000","40,400,000","54,100,000","50,700,000","49,600,000","45,700,000","52,900,000","54,400,000","54,900,000","47,200,000","52,900,000","53,300,000","49,700,000","51,300,000","52,800,000","52,000,000","51,800,000","43,500,000","50,600,000","46,300,000","41,700,000","37,700,000","40,000,000","38,000,000","37,000,000","35,800,000","32,000,000","40,600,000","34,500,000","29,800,000","33,500,000","35,100,000","33,000,000","24,400,000","25,500,000","24,700,000","21,100,000","19,400,000","19,800,000","17,100,000","17,100,000","13,200,000","12,400,000","10,600,000","10,600,000","8,000,000","8,100,000","8,000,000"
CostOfRevenue,"2,892,690,000","843,389,000","792,183,000","639,232,000","617,886,000","560,536,000","548,775,000","511,629,000","470,681,000","606,666,000","615,768,000","612,754,000","594,933,000","564,364,000","594,857,000","580,685,000","583,584,000","546,425,000","526,690,000","519,595,000","519,803,000","496,585,000","496,661,000","491,915,000","480,002,000","464,279,000","522,965,000","634,646,000","652,688,000","546,507,000","610,720,000","598,407,000","606,950,000","625,719,000","645,164,000","647,119,000","614,326,000","636,024,000","399,743,000","372,940,000","367,623,000","400,315,000","373,142,000","386,518,000","307,754,000","312,577,000","290,770,000","335,273,000","324,280,000","260,417,000","252,816,000","210,900,000","146,254,000","143,513,000","172,179,000","187,063,000","178,384,000","170,194,000","178,547,000","169,007,000","165,282,000","151,604,000","165,907,000","151,606,000","135,964,000","131,358,000","138,592,000","129,009,000","124,434,000","120,547,000","124,701,000","116,835,000","115,842,000","107,460,000","106,108,000","108,687,000","131,797,000","106,614,000","109,407,000","63,015,000","42,048,000","38,942,000","51,112,000","45,412,000","43,110,000","38,451,000","42,273,000","42,298,000","42,709,000","39,023,000","38,600,000","39,800,000","37,200,000","33,700,000","38,800,000","37,700,000","38,900,000","31,100,000","36,300,000","37,600,000","34,600,000","31,400,000","40,600,000","39,500,000","38,800,000","34,700,000","41,700,000","40,900,000","39,300,000","34,700,000","40,300,000","37,400,000","33,400,000","35,900,000","36,900,000","35,500,000","33,600,000","28,400,000","33,000,000","30,200,000","27,500,000","25,000,000","27,000,000","25,000,000","24,300,000","23,800,000","21,300,000","28,100,000","24,400,000",,,,,,,,,,,,,,,,,,,
GrossProfit,"1,273,837,000","325,720,000","327,298,000","312,247,000","308,572,000","247,612,000","247,415,000","267,715,000","239,319,000","251,897,000","255,237,000","278,914,000","273,745,000","216,475,000","263,347,000","262,496,000","265,556,000","203,353,000","220,713,000","236,251,000","232,985,000","192,356,000","195,452,000","237,605,000","217,508,000","171,804,000","190,079,000","258,720,000","283,540,000","185,992,000","234,304,000","253,058,000","251,530,000","220,948,000","234,266,000","260,416,000","246,202,000","226,139,000","159,219,000","160,866,000","155,495,000","171,707,000","172,744,000","169,535,000","139,481,000","122,385,000","126,288,000","152,378,000","147,359,000","94,479,000","94,153,000","94,708,000","69,083,000","62,793,000","77,609,000","86,094,000","86,875,000","72,315,000","79,131,000","76,500,000","73,426,000","53,420,000","65,942,000","62,297,000","63,598,000","53,137,000","55,122,000","49,571,000","49,476,000","44,419,000","51,480,000","45,815,000","45,789,000","35,297,000","39,436,000","42,398,000","40,238,000","35,691,000","43,937,000","20,350,000","18,057,000","14,377,000","24,712,000","16,247,000","19,190,000","13,367,000","15,924,000","17,992,000","19,533,000","13,714,000","14,000,000","14,800,000","13,900,000","10,900,000","13,700,000","13,200,000","14,700,000","9,300,000","9,600,000","12,500,000","12,800,000","9,000,000","13,500,000","11,200,000","10,800,000","11,000,000","11,200,000","13,500,000","15,600,000","12,500,000","12,600,000","15,900,000","16,300,000","15,400,000","15,900,000","16,500,000","18,200,000","15,100,000","17,600,000","16,100,000","14,200,000","12,700,000","13,000,000","13,000,000","12,700,000","12,000,000","10,700,000","12,500,000","10,100,000",,,,,,,,,,,,,,,,,,,
OperatingExpense,"889,712,000","238,627,000","245,100,000","207,414,000","198,571,000","196,757,000","185,674,000","183,836,000","179,099,000","206,401,000","202,930,000","198,547,000","200,697,000","192,741,000","221,862,000","196,751,000","201,203,000","192,362,000","192,778,000","188,588,000","186,241,000","186,923,000","173,509,000","186,790,000","183,004,000","175,891,000","164,530,000","164,750,000","190,790,000","178,690,000","176,767,000","172,392,000","184,415,000","191,042,000","175,389,000","186,808,000","192,959,000","191,311,000","122,988,000","104,127,000","107,962,000","110,006,000","113,497,000","102,743,000","87,597,000","82,643,000","83,290,000","79,006,000","75,436,000","68,158,000","74,158,000","65,065,000","50,019,000","52,080,000","50,744,000","54,834,000","57,028,000","52,315,000","54,030,000","50,621,000","49,799,000","42,767,000","46,182,000","40,523,000","45,749,000","38,144,000","40,796,000","37,260,000","35,069,000","34,204,000","36,555,000","34,576,000","36,425,000","31,197,000","33,053,000","35,934,000","40,225,000","36,632,000","31,493,000","19,695,000","14,890,000","12,785,000","15,775,000","13,108,000","14,121,000","12,569,000","13,053,000","13,626,000","13,439,000","12,776,000","12,500,000","12,100,000","10,900,000","11,600,000","11,000,000","11,900,000","11,600,000","10,400,000","11,300,000","11,300,000","11,200,000","10,700,000","12,200,000","11,200,000","11,900,000","11,900,000","12,100,000","13,000,000","13,100,000","11,600,000","12,600,000","12,100,000","12,200,000","12,500,000","12,800,000","14,100,000","13,800,000","11,900,000","12,900,000","11,700,000","10,700,000","10,300,000","9,800,000","8,900,000","9,300,000","9,100,000","7,600,000","8,500,000","7,600,000",,,,,,,,,,,,,,,,,,,
	SellingGeneralAndAdministration,"567,494,000","151,173,000","159,051,000","133,164,000","124,106,000","121,641,000","111,354,000","106,544,000","103,839,000","129,307,000","123,021,000","122,301,000","123,920,000","114,812,000","141,445,000","121,219,000","125,995,000","115,088,000","118,881,000","113,252,000","112,294,000","112,221,000","99,514,000","110,954,000","107,063,000","104,484,000","92,918,000","93,113,000","120,418,000","107,715,000","103,527,000","99,701,000","115,731,000","118,962,000","104,931,000","114,464,000","122,612,000","128,470,000","68,219,000","62,827,000","69,299,000","73,175,000","77,834,000","68,139,000","60,661,000","57,183,000","58,488,000","56,114,000","53,331,000","45,484,000","52,211,000","46,416,000","37,778,000","37,369,000","47,046,000","40,738,000","43,496,000","39,170,000","41,537,000","38,092,000","38,196,000","31,355,000","34,552,000","26,880,000","35,252,000","28,355,000","41,563,000","27,464,000","25,308,000","24,361,000","37,678,000","26,227,000","27,550,000","23,204,000","34,765,000","26,402,000","31,003,000","27,251,000","25,729,000","15,295,000","12,241,000","10,090,000","13,004,000","10,314,000","11,362,000","9,780,000","10,571,000","10,803,000","10,679,000","10,185,000","9,700,000","9,700,000","8,600,000","9,100,000","8,600,000","9,600,000","9,200,000","7,900,000","8,800,000","8,900,000","8,600,000","8,200,000","9,100,000","8,800,000","9,300,000","9,200,000","9,900,000","10,300,000","10,500,000","9,000,000","10,000,000","9,400,000","9,600,000","9,900,000","10,200,000","11,500,000","11,200,000","9,400,000","10,500,000","9,200,000","8,600,000","8,300,000","7,900,000","7,200,000","7,400,000","7,000,000","5,800,000","6,300,000","5,800,000",,,,,,,,,,,,,,,,,,,
		GeneralAndAdministrativeExpense,,,,,,,,,,,,,,,,,,,,,,,,,,,,,,,,,,,,"2,914,000",,,,,,,,,"2,407,000",,,"2,495,000","2,602,000",,,,,,,,,,,,,,,,,,,,,,,,,,,,,,,,,,,,,,,,,,,,,,,,,,,,,,,,,,,,,,,,,,,,,,,,,,,,,,,,,,,,,,,,,,,,,,,,,,,
	DepreciationAmortizationDepletionIncomeStatement,"310,270,000","84,298,000","82,929,000","71,451,000","71,592,000","72,163,000","71,418,000","74,470,000","72,494,000","74,533,000","77,397,000","73,756,000","74,217,000","75,355,000","77,939,000","73,082,000","72,760,000","74,844,000","71,490,000","72,989,000","71,531,000","72,412,000","71,347,000","73,360,000","73,393,000","68,902,000","69,005,000","69,060,000","67,773,000","68,356,000","70,603,000","70,049,000","66,075,000","69,356,000","67,545,000","69,430,000","67,468,000","60,006,000","44,852,000","41,300,000","38,663,000","36,831,000","35,663,000","34,604,000","26,936,000","25,460,000","24,802,000","22,892,000","22,105,000","22,674,000","21,947,000","18,649,000","12,241,000","12,061,000","11,776,000","11,414,000","10,806,000","10,475,000","9,789,000","9,814,000","9,049,000","8,938,000","9,043,000","11,063,000","7,954,000","7,279,000","7,116,000","7,163,000","7,145,000","7,209,000","6,630,000","5,803,000","6,256,000","5,405,000","6,549,000","6,787,000","6,439,000","6,648,000","5,764,000","4,400,000","2,649,000","2,695,000","2,771,000","2,794,000","2,759,000","2,789,000","2,482,000","2,823,000","2,760,000","2,591,000","2,800,000","2,400,000","2,300,000","2,500,000","2,400,000","2,300,000","2,400,000","2,500,000","2,500,000","2,400,000","2,600,000","2,500,000","3,100,000","2,400,000","2,600,000","2,700,000","2,200,000","2,700,000","2,600,000","2,600,000","2,600,000","2,700,000","2,600,000","2,600,000","2,600,000","2,600,000","2,600,000","2,500,000","2,400,000","2,500,000","2,100,000","2,000,000","1,900,000","1,700,000","1,900,000","2,100,000","1,800,000","2,200,000","1,800,000",,,,,,,,,,,,,,,,,,,
		DepreciationAndAmortizationInIncomeStatement,"310,270,000","84,298,000","82,929,000","71,451,000","71,592,000","72,163,000","71,418,000","74,470,000","72,494,000","74,533,000","77,397,000","73,756,000","74,217,000","75,355,000","77,939,000","73,082,000","72,760,000","74,844,000","71,490,000","72,989,000","71,531,000","72,412,000","71,347,000","73,360,000","73,393,000","68,902,000","69,005,000","69,060,000","67,773,000","68,356,000","70,603,000","70,049,000","66,075,000","69,356,000","67,545,000","69,430,000","67,468,000","60,006,000","44,852,000","41,300,000","38,663,000","36,831,000","35,663,000","34,604,000","26,936,000","25,460,000","24,802,000","22,892,000","22,105,000","22,674,000","21,947,000","18,649,000","12,241,000","12,061,000","11,776,000","11,414,000","10,806,000","10,475,000","9,789,000","9,814,000","9,049,000","8,938,000","9,043,000","11,063,000","7,954,000","7,279,000","7,116,000","7,163,000","7,145,000","7,209,000","6,630,000","5,803,000","6,256,000","5,405,000","6,549,000","6,787,000","6,439,000","6,648,000","5,764,000","4,400,000","2,649,000","2,695,000","2,771,000","2,794,000","2,759,000","2,789,000","2,482,000","2,823,000","2,760,000","2,591,000","2,800,000","2,400,000","2,300,000","2,500,000","2,400,000","2,300,000","2,400,000","2,500,000","2,500,000","2,400,000","2,600,000","2,500,000","3,100,000","2,400,000","2,600,000","2,700,000","2,200,000","2,700,000","2,600,000","2,600,000","2,600,000","2,700,000","2,600,000","2,600,000","2,600,000","2,600,000","2,600,000","2,500,000","2,400,000","2,500,000","2,100,000","2,000,000","1,900,000","1,700,000","1,900,000","2,100,000","1,800,000","2,200,000","1,800,000",,,,,,,,,,,,,,,,,,,
			DepreciationIncomeStatement,"270,871,000","72,058,000","71,110,000","63,875,000","63,828,000","64,574,000","63,196,000","64,913,000","63,656,000","65,366,000","68,802,000","65,335,000","65,523,000",,"69,525,000","64,938,000","64,191,000",,,,,,"61,561,000","62,603,000","63,456,000","59,341,000","58,516,000","59,150,000","58,978,000","57,355,000",,,,,,,,,,"41,300,000",,,,,,,,,,,,,,,,,,,,,,,,,,,,,,,,,,,,,,,,,,,,,,,,,,,,,,,,,,,,,,,,,,,,,,,,,,,,,,,,,,,,,,,,,,,,,,,,,,,,,,,,,,,,
			Amortization,"39,399,000","12,240,000","11,819,000","7,576,000","7,764,000","7,589,000","8,222,000","9,557,000","8,838,000","9,167,000","8,595,000","8,421,000","8,694,000",,"8,414,000","8,144,000","8,569,000",,,,,,"9,786,000","10,757,000","9,937,000","9,561,000","10,489,000","9,910,000","8,795,000","11,001,000",,,,,,,,,,"2,488,000",,,,,,,,,,,,,,,,,,,,,,,,,,,,,,,,,,,,,,,,,,,,,,,,,,,,,,,,,,,,,,,,,,,,,,,,,,,,,,,,,,,,,,,,,,,,,,,,,,,,,,,,,,,,
				AmortizationOfIntangiblesIncomeStatement,"39,399,000","12,240,000","11,819,000","7,576,000","7,764,000","7,589,000","8,222,000","9,557,000","8,838,000","9,167,000","8,595,000","8,421,000","8,694,000",,"8,414,000","8,144,000","8,569,000",,,,,,"9,786,000","10,757,000","9,937,000","9,561,000","10,489,000","9,910,000","8,795,000","11,001,000",,,,,,,,,,"2,488,000",,,,,,,,,,,,,,,,,,,,,,,,,,,,,,,,,,,,,,,,,,,,,,,,,,,,,,,,,,,,,,,,,,,,,,,,,,,,,,,,,,,,,,,,,,,,,,,,,,,,,,,,,,,,
	OtherOperatingExpenses,"11,948,000","3,156,000","3,120,000","2,799,000","2,873,000","2,953,000","2,902,000","2,822,000","2,766,000","2,561,000","2,512,000","2,490,000","2,560,000","2,574,000","2,478,000","2,450,000","2,448,000","2,430,000","2,407,000","2,347,000","2,416,000","2,290,000","2,648,000","2,476,000","2,548,000","2,505,000","2,607,000","2,577,000","2,599,000","2,619,000","2,637,000","2,642,000","2,609,000","2,724,000","2,913,000","2,914,000","2,879,000","2,835,000","2,508,000",,,,,,,,,,,,,,,"2,650,000",,"2,682,000","2,726,000","2,670,000","2,704,000","2,715,000","2,554,000","2,474,000","2,587,000","2,580,000","2,543,000","2,510,000",,"2,633,000","2,616,000","2,634,000",,"2,546,000","2,619,000","2,588,000",,"2,745,000","2,783,000","2,733,000",,,,,,,,,,,,,,,,,,,,,,,,,,,,,,,,,,,,,,,,,,,,,,,,,,,,,,,,,,,,,,,,,,,,,,
OperatingIncome,"384,125,000","87,093,000","82,198,000","104,833,000","110,001,000","50,855,000","61,741,000","83,879,000","60,220,000","45,496,000","52,307,000","80,367,000","73,048,000","23,734,000","41,485,000","65,745,000","64,353,000","10,991,000","27,935,000","47,663,000","46,744,000","5,433,000","21,943,000","50,815,000","34,504,000","-4,087,000","25,549,000","93,970,000","92,750,000","7,302,000","57,537,000","80,666,000","67,115,000","29,906,000","58,877,000","73,608,000","53,243,000","34,828,000","36,231,000","56,739,000","47,533,000","61,701,000","59,247,000","66,792,000","51,884,000","39,742,000","42,998,000","73,372,000","71,923,000","26,321,000","19,995,000","29,643,000","19,064,000","10,713,000","26,865,000","31,260,000","29,847,000","20,000,000","25,101,000","25,879,000","23,627,000","10,653,000","19,760,000","21,774,000","17,849,000","14,993,000","14,326,000","12,311,000","14,407,000","10,215,000","14,925,000","11,239,000","9,364,000","4,100,000","6,383,000","6,464,000","13,000","-941,000","12,444,000","655,000","3,167,000","1,592,000","8,937,000","3,139,000","5,069,000","798,000","2,871,000","4,366,000","6,094,000","938,000","1,500,000","2,700,000","3,000,000","-700,000","2,700,000","1,300,000","3,100,000","-1,100,000","-1,700,000","1,200,000","1,600,000","-1,700,000","1,300,000","0","-1,100,000","-900,000","-900,000","500,000","2,500,000","900,000","0","3,800,000","4,100,000","2,900,000","3,100,000","2,400,000","4,400,000","3,200,000","4,700,000","4,400,000","3,500,000","2,400,000","3,200,000","4,100,000","3,400,000","2,900,000","3,100,000","4,000,000","2,500,000","-96,300,000","33,500,000","35,100,000","33,000,000","-65,500,000","25,500,000","24,700,000","21,100,000","-45,600,000","19,800,000","17,100,000","17,100,000","-28,600,000","12,400,000","10,600,000","10,600,000","-21,600,000","8,100,000","8,000,000"
NetNonOperatingInterestIncomeExpense,"-84,756,000","-25,017,000","-23,704,000","-17,984,000","-18,051,000","-17,918,000","-18,272,000","-17,407,000","-18,654,000","-18,787,000","-18,989,000","-19,702,000","-20,215,000","-19,764,000","-20,139,000","-19,916,000","-20,769,000","-20,270,000","-20,065,000","-20,675,000","-22,492,000","-22,576,000","-21,333,000","-21,565,000","-21,647,000","-18,980,000","-18,849,000","-19,017,000","-19,249,000","-19,438,000","-19,238,000","-19,494,000","-19,382,000","-19,554,000","-19,592,000","-19,326,000","-19,585,000","-19,873,000","-13,451,000","-11,596,000","-10,968,000","-11,272,000","-11,342,000","-10,927,000","-10,642,000","-6,478,000","-6,164,000","-7,198,000","-7,646,000","-6,928,000","-6,454,000","-6,556,000","-1,609,000","-1,380,000",,,,,,,,,,,,,,,,,,,,,,,,,,,,,,,,,,,,,,,,,,,,,,,,,,,,,,,,,,,,,,,,,,,,,,,,,,,,,,,,,,,,,,,,,,,,,,
	InterestIncomeNonOperating,"2,232,000","493,000","506,000","653,000","580,000","479,000","560,000","1,236,000","668,000","998,000","1,246,000","1,152,000","903,000","926,000","872,000","736,000","587,000","764,000","799,000","573,000","311,000","215,000","213,000","196,000","225,000","150,000","161,000","126,000","188,000","151,000","229,000","174,000","211,000","205,000","145,000","96,000","155,000","111,000","223,000","221,000","215,000","186,000","501,000","153,000","302,000","244,000","310,000","297,000","165,000","102,000",,,,"390,000",,,,,,,,,,,,,,,,,,,,,,,,,,,,,,,,,,,,,,,,,,,,,,,,,,,,,,,,,,,,,,,,,,,,,,,,,,,,,,,,,,,,,,,,,,,,,,
	InterestExpenseNonOperating,"86,988,000","25,510,000","24,210,000","18,637,000","18,631,000","18,397,000","18,832,000","18,643,000","19,322,000","19,785,000","20,235,000","20,854,000","21,118,000","20,690,000","21,011,000","20,652,000","21,356,000","21,034,000","20,864,000","21,248,000","22,803,000","22,791,000","21,546,000","21,761,000","21,872,000","19,130,000","19,010,000","19,143,000","19,437,000","19,589,000","19,467,000","19,668,000","19,593,000","19,759,000","19,737,000","19,422,000","19,740,000","19,984,000","13,674,000","11,817,000","11,183,000","11,458,000","11,843,000","11,080,000","10,944,000","6,722,000","6,474,000","7,495,000","7,811,000","7,030,000",,"6,556,000","1,609,000","1,770,000",,,,,,,,,,,,,,,,,,,,,,,,,,,,,,,,,,,,,,,,,,,,,,,,,,,,,,,,,,,,,,,,,,,,,,,,,,,,,,,,,,,,,,,,,,,,,,
	TotalOtherFinanceCost,,,,,,,,,,,"18,989,000",,,,"20,139,000","19,916,000",,,"20,065,000",,,,"21,333,000",,,,"18,849,000",,"19,249,000","19,438,000","19,238,000","19,494,000","19,382,000","19,554,000","19,592,000","19,326,000",,"19,873,000","13,451,000",,,"11,272,000",,,"10,642,000",,,"7,198,000",,"6,928,000",,"6,556,000","1,609,000",,,,,,,,,,,,,,,,,,,,,,,,,,,,,,,,,,,,,,,,,,,,,,,,,,,,,,,,,,,,,,,,,,,,,,,,,,,,,,,,,,,,,,,,,,,,,,,
OtherIncomeExpense,"1,417,000","704,000","1,994,000","199,000","-1,480,000","-1,228,000","307,000","2,150,000","-684,000","-5,439,000","1,580,000","-6,546,000","-564,000","2,983,000","-4,080,000","-3,465,000","846,000","-299,000","-4,218,000","-2,355,000","24,844,000","-1,549,000","7,385,000","-17,780,000","-189,000","-350,000","-990,000","-139,000","-32,652,000","409,000","244,000","-122,801,000","-655,000","4,178,000","-325,000","-150,000","1,655,000","525,000","-337,000","-26,476,000","-75,000","-299,000","471,000","164,000","2,868,000","2,899,000","310,000","-2,963,000","2,708,000","-2,256,000","8,032,000","-7,386,000","-2,623,000","33,000","6,886,000","-7,037,000","-2,667,000","-2,774,000","-2,631,000","-2,654,000","-2,559,000","-2,468,000","-2,950,000","-2,680,000","-2,675,000","-10,830,000","8,067,000","-2,716,000","-2,725,000","-2,015,000","7,597,000","-2,631,000","-16,353,000","2,699,000","-1,312,000","6,003,000","-2,354,000","-2,592,000","-684,000","-4,238,000","0","0","0","0","0","0","0","0",,"0",,,,"200,000","0","100,000",,,"0",,"-100,000","800,000","100,000","100,000","0","100,000","-4,200,000","-200,000","100,000","-100,000","-100,000","-1,200,000","100,000","0","-300,000","0","-100,000","0","100,000","0","0",,"-100,000","0","0","100,000","-6,800,000","-13,100,000","100,000",,,,,,,,,,,,,,,,,,,
	EarningsFromEquityInterest,,,,,,,,,,,,,,,,,,,,,,,,,,,,,,,,,,,,,,,,,,,,,,,,,,,,,,,,,,,,,,,"50,000","11,000",,,,,,,,,,,,,,,,,,,,,,,,,,,,,,,,,,,,,,,,,,,,,,,,,,,,,,,,,,,,,,,,,,,,,,,,,,,,,,,,,,,,
	SecuritiesAmortization,,,,,,,,,,,,,,,,,,,"2,407,000","2,347,000","2,416,000","2,290,000","2,648,000","2,476,000","2,548,000","2,505,000","2,607,000",,"2,599,000","2,619,000","2,637,000",,"2,609,000",,"2,913,000","2,914,000",,,,,,,,,,,,,,,,,,,,,,,,,,,,,,,,,,,,,,,,,,,,,,,,,,,,,,,,,,,,,,,,,,,,,,,,,,,,,,,,,,,,,,,,,,,,,,,,,,,,,,,,,,,,,,,,
	SpecialIncomeCharges,,,"0","0","0","0","0","-118,000","-184,000","-3,074,000","675,000","-6,119,000",,,"-19,000","-2,469,000",,,"-913,000","-1,923,000","25,677,000","-1,549,000","453,000","-17,582,000","0","-350,000","0","0","-31,992,000","409,000","0","-123,414,000","-655,000","1,454,000","0","0","1,655,000","525,000","465,000","-26,476,000","-75,000","-299,000","471,000","164,000","2,868,000","2,899,000","310,000","-2,963,000","2,708,000","-2,256,000","8,032,000","-7,386,000","-2,623,000","33,000","6,886,000","-7,037,000","-2,667,000","-2,774,000","-2,631,000","-2,654,000","-2,559,000","-2,468,000","-3,000,000","-2,691,000","-2,675,000","-10,830,000","8,067,000","-2,716,000","-2,725,000","-2,015,000","7,597,000","-2,631,000","-16,353,000","2,699,000","-1,312,000","6,003,000","-2,354,000","-2,592,000","-684,000","-4,238,000",,,,,,,,,,,,,,,,,,,"0",,,"800,000",,,,,,,,,,,,,,,,,,,,,,,,"100,000","-6,800,000","-13,100,000",,,,,,,,,,,,,,,,,,,,
		RestructuringAndMergernAcquisition,,,,,,,,,,,,,,,,,,,,,,,,,,,,,,,,,,,,,,,,,,,,,,,,,,,,,,,,,,,,,,,,,,,,,,,,,,,"0",,,"-124,000","813,000","4,238,000",,,,,,,,,,,,,,,,,,,,,,,,,,,,,,,,,,,,,,,,,,,,,,,,,,,,,,,,,,,,,,,,,,,,
		ImpairmentOfCapitalAssets,,,,,,,,,,,,,,,,,,,"0","0",,,"0","34,013,000","0",,"0","0","31,992,000",,"0","123,414,000",,,,,,,,,,,,,,,,,,,,,,,,,,,,,,,,,,,,,,,,,,,,,,,,,,,,,,,,,,,,,,,,,,,,,,,,,,,,,,,,,,,,,,,,,,,,,,,,,,,,,,,,,,,,,,,,,,,,
		OtherSpecialCharges,"6,138,000",,,,,,,,,,"12,000","6,119,000",,,"19,000","2,469,000",,,"0","1,846,000","6,045,000","1,549,000","-6,932,000","198,000","189,000",,"990,000","139,000","660,000","-409,000","-244,000",,,,"325,000","150,000",,,,,,,,,,,,,,,,,,,,,,,,,,,,,,,,,,,,,,,"1,312,000",,,"2,716,000","0","0",,,,,,,,,,,,,,,,,,,,,,,,,,,,,,,,,,,,,,,,,,,,,,,,,,,,,,,,,,,,,,,,,,,,
		GainOnSaleOfBusiness,,,"0","0","0","0","0","-118,000","-184,000","-3,074,000","687,000",,,,"0","0",,,"-913,000","-77,000","31,722,000",,"453,000","16,431,000",,,,,,,,,,,,,,,,,,,,,,,,,,,,,,,,,,,,,,,,,,,,,,,,,,,,,,,,,,,,,,,,,,,,,,,,,,,,,,,,,,,,,,,,,,,,,,,,,,,,,,,,,,,,,,,,,,,,,,,,,,,,
	OtherNonOperatingIncomeExpenses,"1,417,000","704,000","1,994,000","199,000","-1,480,000","-1,228,000","307,000","2,268,000","-500,000","-2,365,000","905,000","-427,000","-564,000","2,983,000","-4,061,000","-996,000","846,000","-299,000","-3,305,000","-432,000","-833,000","-1,549,000","6,932,000","-198,000","-189,000","-350,000","-990,000","-139,000","-660,000","409,000","244,000","613,000","-655,000","4,178,000","-325,000","-150,000","1,655,000","525,000","-337,000",,,,,,,,,,,,,,,,,,,,,,,,,,,,,,,,,,,,,,,,,,,,,,,,,,,,,,,,,,,,,,,,,,,,,,,,,,,,,,,,,,,,,,,,,,,,,,,,,,,,,,,,,,,,,
PretaxIncome,"300,786,000","62,780,000","60,488,000","87,048,000","90,470,000","31,709,000","43,776,000","68,622,000","40,882,000","21,270,000","34,898,000","54,119,000","52,269,000","6,953,000","17,266,000","42,364,000","44,430,000","-9,578,000","3,652,000","24,633,000","49,096,000","-18,692,000","7,995,000","11,470,000","12,668,000","-23,417,000","5,710,000","74,814,000","40,849,000","-11,727,000","38,543,000","-61,629,000","47,078,000","14,530,000","38,960,000","54,132,000","35,313,000","15,480,000","22,443,000","18,667,000","36,490,000","50,130,000","48,376,000","56,029,000","44,110,000","36,163,000","37,144,000","63,211,000","66,985,000","17,137,000","21,573,000","15,701,000","14,832,000","9,366,000","25,059,000","25,016,000","27,391,000","16,511,000","21,918,000","22,918,000","19,927,000","7,475,000","16,203,000","18,409,000","14,841,000","3,500,000","9,547,000","6,344,000","8,352,000","4,873,000","8,849,000","5,578,000","-9,813,000","4,029,000","-9,377,000","9,164,000","-5,537,000","-6,148,000","6,418,000","-6,566,000","924,000","-522,000","6,089,000","586,000","2,607,000","-1,330,000","702,000","1,971,000","3,779,000","-1,350,000","-300,000",,"800,000","-2,700,000","100,000","-1,000,000","900,000","-3,500,000","-3,900,000","-1,000,000","-800,000","-3,200,000","-900,000","-2,300,000","-3,500,000","-2,900,000","-7,300,000","-2,000,000","400,000","-1,200,000","-2,000,000","1,900,000","2,400,000","1,100,000","1,000,000","600,000","2,500,000","1,500,000","2,800,000","2,600,000","1,800,000","800,000","1,400,000","2,200,000","1,500,000","1,100,000","-5,300,000","-10,500,000","1,100,000",,,,,,,,,,,,,,,,,,,
TaxProvision,"73,961,000","17,466,000","11,495,000","21,605,000","23,395,000","9,973,000","4,444,000","13,712,000","11,859,000","9,698,000","10,747,000","17,750,000","16,025,000","5,977,000","835,000","11,275,000","13,683,000","3,053,000","-80,542,000","12,575,000","23,216,000","2,701,000","20,708,000","21,725,000","8,702,000","-2,546,000","5,142,000","34,586,000","30,454,000","-4,638,000","11,166,000","31,708,000","18,406,000","5,570,000","12,159,000","18,771,000","12,411,000","4,978,000","-39,431,000","6,308,000","13,064,000","18,115,000","10,143,000","18,896,000","14,954,000","13,433,000","13,815,000","24,384,000","11,468,000","7,089,000","8,678,000","6,928,000","6,208,000","4,411,000","7,110,000","10,388,000","11,404,000","7,589,000","5,349,000","9,978,000","8,739,000","3,974,000","4,760,000","-2,585,000","3,469,000","695,000","1,595,000","887,000","981,000","32,000","1,380,000","1,137,000","2,314,000","1,212,000","1,326,000","1,746,000","1,262,000","988,000","1,616,000","2,010,000","441,000","-280,000","2,310,000","182,000","218,000","-298,000","-2,310,000","64,000","140,000","90,000","100,000",,"100,000","100,000","100,000","100,000","100,000","100,000","6,100,000","-200,000","100,000","-1,200,000","0","-600,000","-900,000","-1,300,000","-2,000,000","-800,000","200,000","-600,000","-800,000","800,000","1,100,000","500,000","500,000","300,000","1,100,000","700,000","1,000,000","900,000","600,000","300,000","400,000","700,000","400,000","0","-400,000","-1,200,000","500,000",,,,,,,,,,,,,,,,,,,
NetIncomeCommonStockholders,"226,825,000","45,314,000","48,993,000","65,443,000","67,075,000","21,736,000","39,332,000","54,910,000","29,023,000","11,572,000","24,151,000","36,369,000","36,244,000","976,000","16,431,000","31,089,000","30,747,000","-12,631,000","84,194,000","12,058,000","25,880,000","-21,393,000","-12,713,000","-10,255,000","3,966,000","-20,871,000","568,000","40,228,000","10,395,000","-7,089,000","27,377,000","-93,337,000","28,672,000","8,960,000","26,801,000","35,361,000","22,902,000","10,502,000","61,874,000","12,359,000","23,426,000","32,015,000","38,233,000","37,133,000","29,156,000","22,730,000","23,329,000","38,827,000","57,929,000","10,430,000","13,922,000","9,185,000","8,624,000","4,955,000","17,949,000","14,628,000","15,987,000","8,922,000","16,569,000","12,871,000","11,119,000","3,432,000","11,424,000","20,936,000","11,303,000","2,736,000","7,883,000","5,387,000","7,301,000","4,771,000","7,399,000","4,329,000","-22,888,000","1,962,000","-11,618,000","6,590,000","-7,613,000","-7,932,000","-44,852,000","15,353,000","483,000","-242,000","3,779,000","404,000","2,389,000","-1,032,000","3,012,000","1,907,000","3,639,000","-1,440,000","-400,000","300,000","700,000","-2,800,000","0","-1,100,000","800,000","-3,600,000","-10,000,000","-800,000","-900,000","-2,000,000","-900,000","-1,700,000","-2,600,000","-1,600,000","-5,700,000","-1,200,000","200,000","-600,000","-1,200,000","-100,000","1,300,000","600,000","500,000","300,000","1,400,000","800,000","1,800,000","1,700,000","1,200,000","500,000","1,000,000","1,500,000","1,100,000","1,100,000","-4,900,000","-9,300,000","600,000",,,,,,,,,,,,,,,,,,,
	NetIncome,"226,825,000","45,314,000","48,993,000","65,443,000","67,075,000","21,736,000","39,332,000","54,910,000","29,023,000","11,572,000","24,151,000","36,369,000","36,244,000","976,000","16,431,000","31,089,000","30,747,000","-12,631,000","84,194,000","12,058,000","25,880,000","-21,393,000","-12,713,000","-10,255,000","3,966,000","-20,871,000","568,000","40,228,000","10,395,000","-7,089,000","27,377,000","-93,337,000","28,672,000","8,960,000","26,801,000","35,361,000","22,902,000","10,502,000","61,874,000","12,359,000","23,426,000","32,015,000","38,233,000","37,133,000","29,156,000","22,730,000","23,329,000","38,827,000","57,929,000","10,430,000","13,922,000","9,185,000","8,624,000","4,955,000","17,949,000","14,628,000","15,987,000","8,922,000","16,569,000","12,940,000","11,188,000","3,501,000","11,493,000","21,005,000","11,372,000","2,805,000","7,952,000","5,457,000","7,371,000","4,841,000","7,469,000","4,441,000","-12,127,000","2,817,000","-10,777,000","7,418,000","-6,799,000","-7,128,000","-43,985,000","15,553,000","483,000","-242,000","3,779,000","404,000","2,389,000","-1,032,000","3,012,000","1,907,000","3,639,000","-1,440,000","-400,000","300,000","700,000","-2,800,000","0","-1,100,000","800,000","-3,600,000","-10,000,000","-800,000","-900,000","-2,000,000","-900,000","-1,700,000","-2,600,000","-1,600,000","-5,300,000","-1,200,000","200,000","-600,000","-1,200,000","-100,000","1,300,000","600,000","500,000","300,000","1,400,000","800,000","1,800,000","1,700,000","1,200,000","500,000","1,000,000","1,500,000","1,100,000","1,100,000","-4,900,000","-9,300,000","600,000",,,,,,,,,,,,,,,,,,,
		NetIncomeIncludingNoncontrollingInterests,"226,825,000","45,314,000","48,993,000","65,443,000","67,075,000","21,736,000","39,332,000","54,910,000","29,023,000","11,572,000","24,151,000","36,369,000","36,244,000","976,000","16,431,000","31,089,000","30,747,000","-12,631,000","84,194,000","12,058,000","25,880,000","-21,393,000","-12,713,000","-10,255,000","3,966,000","-20,871,000","568,000","40,228,000","10,395,000","-7,089,000","27,377,000","-93,337,000","28,672,000","8,960,000","26,801,000","35,361,000","22,902,000","10,502,000","61,874,000","12,359,000","23,426,000","32,015,000","38,233,000","37,133,000","29,156,000","22,730,000","23,329,000","38,827,000","57,929,000","10,430,000","13,922,000","9,185,000","8,624,000","4,955,000","17,949,000","14,628,000","15,987,000","8,922,000","16,569,000","12,940,000","11,188,000","3,501,000","11,493,000","21,005,000","11,372,000","2,805,000","7,952,000","5,457,000","7,371,000","4,841,000","7,469,000","4,441,000","-12,127,000","2,817,000","-10,777,000","7,418,000","-6,799,000","-7,128,000","-43,985,000","15,553,000","483,000","-242,000","3,779,000","404,000","2,389,000","-1,032,000","3,012,000","1,907,000","3,639,000","-1,440,000","-400,000","300,000","700,000","-2,800,000","0","-1,100,000","800,000","-3,600,000","-10,000,000","-800,000","-900,000","-2,000,000","-900,000","-1,700,000","-2,600,000","-1,600,000","-5,300,000","-1,200,000","200,000","-600,000","-1,200,000","-100,000","1,300,000","600,000","500,000","300,000","1,400,000","800,000","1,800,000","1,700,000","1,200,000","500,000","1,000,000","1,500,000","1,100,000","1,100,000","-4,900,000","-9,300,000","600,000","-2,700,000","1,600,000","1,300,000","400,000","-2,300,000","1,900,000","1,600,000","1,400,000","1,100,000","1,000,000","800,000","800,000","400,000","500,000","400,000","400,000","300,000","300,000","300,000"
			NetIncomeContinuousOperations,"226,825,000","45,314,000","48,993,000","65,443,000","67,075,000","21,736,000","39,332,000","54,910,000","29,023,000","11,572,000","24,151,000","36,369,000","36,244,000","976,000","16,431,000","31,089,000","30,747,000","-12,631,000","84,194,000","12,058,000","25,880,000","-21,393,000","-12,713,000","-10,255,000","3,966,000","-20,871,000","568,000","40,228,000","10,395,000","-7,089,000","27,377,000","-93,337,000","28,672,000","8,960,000","26,801,000","35,361,000","22,902,000","10,502,000","61,874,000","12,359,000","23,426,000","32,015,000","38,233,000","37,133,000","29,156,000","22,730,000","23,329,000","38,827,000","55,517,000","10,048,000","12,895,000","8,773,000","8,624,000","4,955,000","17,949,000","14,628,000","15,987,000","8,922,000","16,569,000","12,940,000","11,188,000","3,501,000","11,493,000","21,005,000","11,372,000","2,805,000","7,952,000","5,457,000","7,371,000","4,841,000","7,469,000","4,441,000","-12,127,000","2,817,000","-10,703,000","7,418,000","-6,799,000","-7,136,000","4,802,000","-8,576,000","483,000","-242,000","3,779,000","404,000","2,389,000","-1,032,000","3,012,000","1,907,000","3,639,000","-1,440,000","-400,000","300,000","700,000","-2,800,000","0","-1,100,000","800,000","-3,600,000","-10,000,000","-800,000","-900,000","-2,000,000","-900,000","-1,700,000","-2,600,000","-1,600,000","-5,300,000","-1,200,000","200,000","-600,000","-1,200,000","1,100,000","1,300,000","600,000","500,000","300,000","1,400,000","800,000","1,800,000","1,700,000","1,200,000","500,000","1,000,000","1,500,000","1,100,000","1,100,000","-4,900,000","-9,300,000","600,000","-2,700,000","1,600,000","1,300,000","400,000","-2,300,000","1,900,000","1,600,000","1,400,000","1,100,000","1,000,000","800,000","800,000","400,000","500,000","400,000","400,000","300,000","300,000","300,000"
			NetIncomeDiscontinuousOperations,,,,,,,,,,,,,,,,,,,,,,,,,,,,,,,,,,,,,,,,,,,"0","0","0","0","0","0","2,412,000","382,000","1,027,000","412,000",,,,,,,,,,,,,,,,,,,,,,,,,,,,,,,,,,,,,,,,,,,,,,,,,,,,,,,,,,,,,,,,,,,,,,,,,,,,,,,,,,,,,,,,,,,,,,,,
			NetIncomeExtraordinary,,,,,,,,,,,,,,,,,,,,,,,,,,,,,,,,,,,,,,,,,,,,,,,,,,,,,,,,,,,,,,,,,,,,,,,,,,,"-74,000",,,"8,000",,,,,,,,,,,,,,,,,,,,,,,,,,,,,,,,,,,,,,,,,,,,,,,,,,,,,,,,,,,,,,,,,,,,,,
			NetIncomeFromTaxLossCarryforward,,,,,,,,,,,,,,,,,,,,,,,,,,,,,,,,,,,,,,,,,,,,,,,,,,,,,,,,,,,,,,,,,,,,,,,,,,,,,,,"-48,787,000","24,129,000",,,,,,,,,,,,,,,,,,,,,,,,,,,,,,,"0","-1,200,000",,,,,,,,,,,,,,,,,,,,,,,,,,,,,,,,,,,,
	PreferredStockDividends,,,,,,,,,,,,,,,,,,,,,,,,,,,,,,,,,,,,,,,,,,,,,,,,,,,,,,,,,,,"0","69,000","69,000","69,000","69,000","69,000","69,000","69,000","69,000","70,000","70,000","70,000","70,000","112,000","10,761,000","855,000","841,000","828,000","814,000","804,000","867,000","200,000",,,,,,,,,,,,,,,,,,,,,,,,,,,,,,,,,,,,,,,,,,,,,,,,,,,,,,,,,,,,,,,,,,,,
DilutedNIAvailtoComStockholders,"226,825,000","45,314,000","48,993,000","65,443,000","67,075,000","21,736,000","39,332,000","54,910,000","29,023,000","11,572,000","24,151,000","36,369,000","36,244,000","976,000","16,431,000","31,089,000","30,747,000","-12,631,000","84,194,000","12,058,000","25,880,000","-21,393,000","-12,713,000","-10,255,000","3,966,000","-20,871,000","568,000","40,228,000","10,395,000","-7,089,000","27,377,000","-93,337,000","28,672,000","8,960,000","26,801,000","35,361,000","22,902,000","10,502,000","61,874,000","12,359,000","23,426,000","32,015,000","38,233,000","37,133,000","29,156,000","22,730,000","23,329,000","38,827,000","57,929,000","10,430,000","13,922,000","9,185,000","8,624,000","4,955,000","17,949,000","14,628,000","15,987,000","8,922,000","16,569,000","12,871,000","11,119,000","3,432,000","11,424,000","20,936,000","11,303,000","2,736,000","7,883,000","5,387,000","7,301,000","4,771,000","7,399,000","4,329,000","-22,888,000","1,962,000","-11,618,000","6,590,000","-7,613,000","-7,932,000","-44,852,000","15,353,000","483,000","-242,000","3,779,000","404,000","2,389,000","-1,032,000","3,012,000","1,907,000","3,639,000","-1,440,000","-400,000","300,000","700,000","-2,800,000","0","-1,100,000","800,000","-3,600,000","-10,000,000","-800,000","-900,000","-2,000,000","-900,000","-1,700,000","-2,600,000","-1,600,000","-5,700,000","-1,200,000","200,000","-600,000","-1,200,000","-100,000","1,300,000","600,000","500,000","300,000","1,400,000","800,000","1,800,000","1,700,000","1,200,000","500,000","1,000,000","1,500,000","1,100,000","1,100,000","-4,900,000","-9,300,000","600,000",,,,,,,,,,,,,,,,,,,
BasicEPS,,"0.83","0.9","1.2","1.23","0.4","0.72","0.99","0.52","0.21","0.43","0.65","0.65","0.02","0.29","0.55","0.55","-0.22","1.48","0.21","0.45","-0.37","-0.22","-0.18","0.07","-0.36","0.01","0.69","0.18","-0.12","0.46","-1.55","0.47","0.15","0.44","0.58","0.38","0.17","1.11","0.23","0.44","0.6",,"0.7","0.55","0.43",,"0.735","1.1","0.2",,"0.18","0.18","0.105",,"0.31","0.355","0.22",,"0.325","0.28","0.085",,"0.535","0.29","0.07",,"0.175","0.24","0.165",,"0.155","-0.815","0.07",,"0.24","-0.285","-0.3",,"-1.355","0.015","-0.015",,"0.015","0.1","-0.05",,"0.08","0.16","-0.07",,"0.01","0.03","-0.14",,"-0.06","0.03","-0.18",,"-0.045","-0.05","-0.105",,"-0.095","-0.14","-0.09",,"-0.07","0.005","-0.035",,"-0.015","0.06","0.025",,"0.01","0.065","0.04",,"0.085","0.06","0.025","0.05","0.075","0.06",,"-0.275","-0.52","0.035",,"0.09","0.075","0.025",,"0.115","0.11","0.1",,"0.09","0.08","0.08",,"0.055","0.04","0.04",,"0.035","0.035"
DilutedEPS,,"0.83","0.9","1.2","1.22","0.39","0.71","0.99","0.52","0.21","0.43","0.65","0.65","0.02","0.29","0.55","0.54","-0.22","1.48","0.21","0.45","-0.37","-0.22","-0.18","0.07","-0.36","0.01","0.69","0.18","-0.12","0.46","-1.55","0.47","0.15","0.44","0.58","0.38","0.17","1.11","0.23","0.44","0.6",,"0.7","0.55","0.43",,"0.735","1.095","0.2",,"0.18","0.18","0.105",,"0.305","0.35","0.215",,"0.315","0.27","0.085",,"0.51","0.275","0.07",,"0.155","0.215","0.135",,"0.125","-0.815","0.04",,"0.045","-0.285","-0.3",,"-1.355","0.015","-0.015",,"0.01","0.09","-0.05",,"0.075","0.16","-0.07",,"0.01","0.03","-0.14",,"-0.06","0.03","-0.18",,"-0.045","-0.05","-0.105",,"-0.095","-0.14","-0.09",,"-0.07","0.005","-0.035",,"-0.015","0.06","0.025",,"0.01","0.065","0.04",,"0.085","0.06","0.025","0.05","0.075","0.06",,"-0.275","-0.52","0.035",,"0.09","0.075","0.025",,"0.115","0.11","0.1",,"0.09","0.08","0.08",,"0.055","0.04","0.04",,"0.035","0.035"
BasicAverageShares,,"54,408,000","54,398,000","54,411,000","54,529,000","54,723,000","54,982,000","55,592,000","55,590,000","55,757,000","55,806,000","55,850,000","55,875,000","55,848,000","55,927,000","56,059,000","56,410,000","56,457,000","56,810,000","57,033,000","57,190,000","57,262,000","57,350,000","57,487,000","57,549,000","57,617,000","57,594,000","58,161,000","58,590,000","58,875,000","59,491,000","60,369,000","60,665,000","60,720,000","60,671,000","60,610,000","60,550,000","60,464,000","55,614,000","53,374,000","53,308,000","53,227,000",,"53,023,000","52,939,000","52,798,000",,"52,658,000","52,582,000","52,502,000",,"50,840,000","47,554,000","47,496,000",,"46,846,000","44,874,000","40,714,000",,"39,680,000","39,634,000","39,500,000",,"39,174,000","38,990,000","38,780,000",,"30,832,000","30,426,000","29,204,000",,"28,216,000","28,088,000","27,920,000",,"27,540,000","26,872,000","26,540,000",,"24,306,000","24,128,000","23,618,000",,"22,882,000","22,792,000","22,602,000",,"22,278,000","22,100,000","21,870,000",,"19,090,909","23,333,333","20,000,000",,"18,333,333","26,666,667","20,000,000",,"17,777,778","18,000,000","19,047,619",,"17,894,737","18,571,429","17,777,778",,"17,142,857","17,142,857","17,142,857",,"21,176,471","21,666,667","24,000,000",,"21,904,762","21,538,462","20,000,000",,"20,000,000","20,000,000","20,000,000","20,000,000","20,000,000","18,333,333",,"17,818,182","17,884,615","17,142,857",,"17,968,000","18,268,000","16,316,000",,"15,478,000","15,478,000","13,904,000",,"13,278,000","10,000,000","10,000,000",,"10,000,000","10,000,000","10,000,000",,"10,000,000","10,000,000"
DilutedAverageShares,,"54,672,000","54,658,000","54,707,000","54,854,000","55,043,000","55,264,000","55,738,000","55,748,000","56,055,000","56,124,000","56,165,000","56,066,000","56,082,000","56,207,000","56,291,000","56,505,000","56,457,000","56,955,000","57,195,000","57,336,000","57,262,000","57,350,000","57,487,000","57,678,000","57,617,000","57,720,000","58,268,000","58,710,000","58,875,000","59,613,000","60,369,000","60,778,000","60,861,000","60,835,000","60,760,000","60,687,000","60,630,000","55,746,000","53,565,000","53,505,000","53,488,000",,"53,370,000","53,362,000","53,158,000",,"52,970,000","52,850,000","52,742,000",,"51,104,000","47,778,000","47,724,000",,"47,644,000","45,872,000","41,820,000",,"41,372,000","41,322,000","41,274,000",,"41,214,000","41,098,000","41,018,000",,"35,288,000","34,506,000","36,144,000",,"34,892,000","32,784,000","32,784,000",,"32,374,000","26,872,000","26,540,000",,"24,306,000","28,724,000","23,618,000",,"26,284,000","25,406,000","22,602,000",,"23,528,000","22,214,000","21,870,000",,"19,090,909","23,333,333","20,000,000",,"18,333,333","26,666,667","20,000,000",,"17,777,778","18,000,000","19,047,619",,"17,894,737","18,571,429","17,777,778",,"17,142,857","17,142,857","17,142,857",,"21,176,471","21,666,667","24,000,000",,"21,904,762","21,538,462","20,000,000",,"20,000,000","20,000,000","20,000,000","20,000,000","20,000,000","18,333,333",,"17,818,182","17,884,615","17,142,857",,"17,968,000","18,268,000","16,316,000",,"15,478,000","15,478,000","13,904,000",,"13,278,000","10,000,000","10,000,000",,"10,000,000","10,000,000","10,000,000",,"10,000,000","10,000,000"
TotalOperatingIncomeAsReported,"384,125,000","87,093,000","82,198,000","104,833,000","110,001,000","50,855,000","61,741,000","83,879,000","60,220,000","45,496,000","52,307,000","80,367,000","73,048,000","23,734,000","41,485,000","65,745,000","64,353,000","10,991,000","27,935,000","47,663,000","46,744,000","5,433,000","21,943,000","16,802,000","34,504,000","-4,087,000","25,549,000","93,970,000","60,758,000","7,302,000","57,537,000","-42,748,000","67,115,000","29,906,000","58,877,000","73,608,000","53,243,000","34,828,000","36,231,000","56,739,000","47,533,000","61,701,000",,"66,792,000","51,884,000","39,742,000","42,998,000","73,372,000","71,923,000","23,619,000","27,923,000","26,999,000","16,430,000","10,713,000","26,865,000","31,260,000","29,847,000","20,000,000","25,101,000","25,879,000","23,627,000",,"19,760,000","21,774,000","17,849,000","14,993,000","14,326,000",,"14,407,000","10,215,000","14,925,000",,"9,364,000","4,100,000","6,383,000","6,464,000",,,"11,631,000","3,583,000","3,167,000","1,592,000","8,937,000","3,139,000","5,069,000","798,000","2,871,000","4,366,000",,"938,000",,"2,700,000",,"700,000","2,700,000","1,300,000",,,,,"1,600,000","1,700,000","-1,300,000",,"1,100,000","900,000","-900,000","500,000","2,500,000","900,000","0","3,800,000","4,100,000","2,900,000","3,100,000","2,400,000","4,400,000","3,200,000","4,700,000","4,400,000","3,500,000",,"3,200,000","4,100,000","3,400,000","2,900,000","3,100,000","4,000,000","2,500,000",,,,,,,,,,,,,,,,,,,
TotalExpenses,"3,782,402,000","1,082,016,000","1,037,283,000","846,646,000","816,457,000","757,293,000","734,449,000","695,465,000","649,780,000","813,067,000","818,698,000","811,301,000","795,630,000","757,105,000","816,719,000","777,436,000","784,787,000","738,787,000","719,468,000","708,183,000","706,044,000","683,508,000","670,170,000","678,705,000","663,006,000","640,170,000","687,495,000","799,396,000","843,478,000","725,197,000","787,487,000","770,799,000","791,365,000","816,761,000","820,553,000","833,927,000","807,285,000","827,335,000","522,731,000","477,067,000","475,585,000","510,321,000","486,639,000","489,261,000","395,351,000","395,220,000","374,060,000","414,279,000","399,716,000","328,575,000","326,974,000","275,965,000","196,273,000","195,593,000","222,923,000","241,897,000","235,412,000","222,509,000","232,577,000","219,628,000","215,081,000","194,371,000","212,089,000","192,129,000","181,713,000","169,502,000","179,388,000","166,269,000","159,503,000","154,751,000","161,256,000","151,411,000","152,267,000","138,657,000","139,161,000","144,621,000","172,022,000","143,246,000","140,900,000","82,710,000","56,938,000","51,727,000","66,887,000","58,520,000","57,231,000","51,020,000","55,326,000","55,924,000","56,148,000","51,799,000","51,100,000","51,900,000","48,100,000","45,300,000","49,800,000","49,600,000","50,500,000","41,500,000","47,600,000","48,900,000","45,800,000","42,100,000","52,800,000","50,700,000","50,700,000","46,600,000","53,800,000","53,900,000","52,400,000","46,300,000","52,900,000","49,500,000","45,600,000","48,400,000","49,700,000","49,600,000","47,400,000","40,300,000","45,900,000","41,900,000","38,200,000","35,300,000","36,800,000","33,900,000","33,600,000","32,900,000","28,900,000","36,600,000","32,000,000",,,,,,,,,,,,,,,,,,,
NetIncomeFromContinuingAndDiscontinuedOperation,"226,825,000","45,314,000","48,993,000","65,443,000","67,075,000","21,736,000","39,332,000","54,910,000","29,023,000","11,572,000","24,151,000","36,369,000","36,244,000","976,000","16,431,000","31,089,000","30,747,000","-12,631,000","84,194,000","12,058,000","25,880,000","-21,393,000","-12,713,000","-10,255,000","3,966,000","-20,871,000","568,000","40,228,000","10,395,000","-7,089,000","27,377,000","-93,337,000","28,672,000","8,960,000","26,801,000","35,361,000","22,902,000","10,502,000","61,874,000","12,359,000","23,426,000","32,015,000","38,233,000","37,133,000","29,156,000","22,730,000","23,329,000","38,827,000","57,929,000","10,430,000","13,922,000","9,185,000","8,624,000","4,955,000","17,949,000","14,628,000","15,987,000","8,922,000","16,569,000","12,940,000","11,188,000","3,501,000","11,493,000","21,005,000","11,372,000","2,805,000","7,952,000","5,457,000","7,371,000","4,841,000","7,469,000","4,441,000","-12,127,000","2,817,000","-10,703,000","7,418,000","-6,799,000","-7,136,000","4,802,000","-8,576,000","483,000","-242,000","3,779,000","404,000","2,389,000","-1,032,000","3,012,000","1,907,000","3,639,000","-1,440,000","-400,000","300,000","700,000","-2,800,000","0","-1,100,000","800,000","-3,600,000","-10,000,000","-800,000","-900,000","-2,000,000","-900,000","-1,700,000","-2,600,000","-1,600,000","-5,300,000","-1,200,000","200,000","-600,000","-1,200,000","1,100,000","1,300,000","600,000","500,000","300,000","1,400,000","800,000","1,800,000","1,700,000","1,200,000","500,000","1,000,000","1,500,000","1,100,000","1,100,000","-4,900,000","-9,300,000","600,000",,,,,,,,,,,,,,,,,,,
NormalizedIncome,"226,825,000","45,314,000","48,993,000","65,443,000","67,075,000","21,736,000","39,332,000","55,004,400","29,153,640","13,816,020","23,683,869.362","40,480,968","36,244,000","976,000","16,449,081.142","32,901,246","30,747,000","-12,631,000","84,741,800","13,211,800","10,473,800","-21,393,000","-12,984,800","294,200","3,966,000","-20,871,000","568,000","40,228,000","29,590,200","-7,089,000","27,377,000","-13,117,900","28,672,000","8,960,000","26,801,000","35,361,000","22,902,000","10,502,000","61,571,750","29,888,162.908","23,474,148.808","32,205,953.222","37,860,754.61","37,024,309.643","27,260,298.164","20,907,853.884","23,134,298.568","40,647,006.027","53,272,616.392","11,514,400","8,075,800","13,573,900","10,328,950","4,933,550","13,016,767.509","19,202,050","17,720,550","10,725,100","18,557,915.001","14,665,100","12,851,350","5,105,200","13,611,681.726","22,619,600","13,421,733.845","11,484,471.429","1,232,739.08","7,793,256.62","9,775,929.957","6,842,767.905","1,056,750.819","6,535,706.167","-2,315,200","929,910.648","-9,915,800","2,558,740.506","-5,386,600","-5,580,800","5,313,774.385","-6,033,200","483,000","-242,000","3,779,000","404,000","2,389,000","-1,032,000","3,012,000","1,907,000","3,639,000","-1,440,000","-400,000","300,000","700,000","-2,800,000","0","-1,100,000","800,000","-3,600,000","-10,000,000","-800,000","-900,000","-2,500,000","-900,000","-1,700,000","-2,600,000","-1,600,000","-5,300,000","-1,200,000","200,000","-600,000","-1,200,000","1,100,000","1,300,000","600,000","500,000","300,000","1,400,000","800,000","1,800,000","1,700,000","1,200,000","500,000","1,000,000","1,500,000","1,100,000","1,000,000","1,386,792.453","2,302,857.143","600,000",,,,,,,,,,,,,,,,,,,
InterestIncome,"2,232,000","493,000","506,000","653,000","580,000","479,000","560,000","1,236,000","668,000","998,000","1,246,000","1,152,000","903,000","926,000","872,000","736,000","587,000","764,000","799,000","573,000","311,000","215,000","213,000","196,000","225,000","150,000","161,000","126,000","188,000","151,000","229,000","174,000","211,000","205,000","145,000","96,000","155,000","111,000","223,000","221,000","215,000","186,000","501,000","153,000","302,000","244,000","310,000","297,000","165,000","102,000",,,,"390,000",,,,"1,062,000","1,310,000","1,166,000","753,000",,"862,000","953,000","1,006,000",,,,,,,,,,,,,,,,,,,,,,,,,,,,,,,,,,,,,,,,,,,,,,,,,,,,,,,,,,,,,,,,,,,,,,,,,,,,,,,,,,,
InterestExpense,"86,988,000","25,510,000","24,210,000","18,637,000","18,631,000","18,397,000","18,832,000","18,643,000","19,322,000","19,785,000","20,235,000","20,854,000","21,118,000","20,690,000","21,011,000","20,652,000","21,356,000","21,034,000","20,864,000","21,248,000","22,803,000","22,791,000","21,546,000","21,761,000","21,872,000","19,130,000","19,010,000","19,143,000","19,437,000","19,589,000","19,467,000","19,668,000","19,593,000","19,759,000","19,737,000","19,422,000","19,740,000","19,984,000","13,674,000","11,817,000","11,183,000","11,458,000","11,843,000","11,080,000","10,944,000","6,722,000","6,474,000","7,495,000","7,811,000","7,030,000",,"6,556,000","1,609,000","1,770,000","5,708,000","1,889,000","2,515,000","4,447,000","4,566,000","4,188,000","4,448,000",,"4,006,000","4,207,000","3,882,000","3,173,000","4,963,000",,"5,946,000","5,961,000","5,920,000",,"5,443,000","5,358,000","6,187,000","6,048,000",,,"5,342,000","2,983,000","2,243,000","2,114,000","2,848,000","2,553,000","2,462,000","2,128,000","2,169,000","2,395,000",,"2,288,000",,"2,300,000",,"2,200,000","2,600,000","2,400,000",,,,,"2,300,000","2,300,000","2,300,000","2,400,000","2,400,000","2,100,000","2,200,000","2,300,000","2,200,000","2,000,000","1,900,000","1,900,000","1,800,000","1,800,000","1,800,000","1,800,000","1,800,000","1,700,000","2,000,000","1,800,000","1,700,000",,"1,700,000","1,900,000","1,900,000","1,900,000","1,600,000","1,600,000","1,500,000",,,,,,,,,,,,,,,,,,,
NetInterestIncome,"-84,756,000","-25,017,000","-23,704,000","-17,984,000","-18,051,000","-17,918,000","-18,272,000","-17,407,000","-18,654,000","-18,787,000","-18,989,000","-19,702,000","-20,215,000","-19,764,000","-20,139,000","-19,916,000","-20,769,000","-20,270,000","-20,065,000","-20,675,000","-22,492,000","-22,576,000","-21,333,000","-21,565,000","-21,647,000","-18,980,000","-18,849,000","-19,017,000","-19,249,000","-19,438,000","-19,238,000","-19,494,000","-19,382,000","-19,554,000","-19,592,000","-19,326,000","-19,585,000","-19,873,000","-13,451,000","-11,596,000","-10,968,000","-11,272,000","-11,342,000","-10,927,000","-10,642,000","-6,478,000","-6,164,000","-7,198,000","-7,646,000","-6,928,000","-6,454,000","-6,556,000","-1,609,000","-1,380,000","-614,000","-1,889,000","-2,515,000","-3,385,000","-3,256,000","-3,022,000","-3,695,000",,"-3,144,000","-3,254,000","-2,876,000","-3,173,000","-4,963,000",,"-5,946,000","-5,961,000","-5,920,000",,"-5,443,000","-5,358,000","-6,187,000","-6,048,000",,,"-5,342,000","-2,983,000","-2,243,000","-2,114,000","-2,848,000","-2,553,000","-2,462,000","-2,128,000","-2,169,000","-2,395,000",,"-2,288,000",,"-2,300,000",,"-2,200,000","-2,600,000","-2,400,000",,,,,"-2,300,000","-2,300,000","-2,300,000","-2,400,000","-2,400,000","-2,100,000","-2,200,000","-2,300,000","-2,200,000","-2,000,000","-1,900,000","-1,900,000","-1,800,000","-1,800,000","-1,800,000","-1,800,000","-1,800,000","-1,700,000","-2,000,000","-1,800,000","-1,700,000",,"-1,700,000","-1,900,000","-1,900,000","-1,900,000","-1,600,000","-1,600,000","-1,500,000",,,,,,,,,,,,,,,,,,,
EBIT,"387,774,000","88,290,000","84,698,000","105,685,000","109,101,000","50,106,000","62,608,000","87,265,000","60,204,000","41,055,000","55,133,000","74,973,000","73,387,000","27,643,000","38,277,000","63,016,000","65,786,000","11,456,000","24,516,000","45,881,000","71,899,000","4,099,000","29,541,000","33,231,000","34,540,000","-4,287,000","24,720,000","93,957,000","60,286,000","7,862,000","58,010,000","-41,961,000","66,671,000","34,289,000","58,697,000","73,554,000","55,053,000","35,464,000","36,117,000","30,484,000","47,673,000","61,588,000","60,219,000","67,109,000","55,054,000","42,885,000","43,618,000","70,706,000","74,796,000","24,167,000","16,226,000","29,643,000","19,064,000","11,136,000","26,367,000","31,260,000","29,847,000","20,000,000","25,101,000","25,879,000","23,627,000","10,653,000","19,760,000","21,774,000","17,849,000","14,993,000","14,326,000","12,311,000","14,407,000","10,215,000","14,925,000","11,239,000","9,364,000","4,100,000","6,383,000","6,464,000","13,000","-941,000","12,444,000","655,000","3,167,000","1,592,000","8,937,000","3,139,000","5,069,000","798,000","2,871,000","4,366,000","6,094,000","938,000","1,500,000","2,700,000","3,000,000","-700,000","2,700,000","1,300,000","3,100,000","-1,100,000","-1,700,000","1,200,000","1,600,000","-1,700,000","1,300,000","0","-1,100,000","-900,000","-900,000","500,000","2,500,000","900,000","0","3,800,000","4,100,000","2,900,000","3,100,000","2,400,000","4,400,000","3,200,000","4,700,000","4,400,000","3,500,000","2,400,000","3,200,000","4,100,000","3,400,000","2,900,000","3,100,000","4,000,000","2,500,000","-96,300,000","33,500,000","35,100,000","33,000,000","-65,500,000","25,500,000","24,700,000","21,100,000","-45,600,000","19,800,000","17,100,000","17,100,000","-28,600,000","12,400,000","10,600,000","10,600,000","-21,600,000","8,100,000","8,000,000"
EBITDA,"698,044,000"
ReconciledCostOfRevenue,"2,892,690,000","843,389,000","792,183,000","639,232,000","617,886,000","560,536,000","548,775,000","511,629,000","470,681,000","606,666,000","615,768,000","612,754,000","594,933,000","564,364,000","594,857,000","580,685,000","583,584,000","546,425,000","526,690,000","519,595,000","519,803,000","496,585,000","496,661,000","491,915,000","480,002,000","464,279,000","522,965,000","634,646,000","652,688,000","546,507,000","610,720,000","598,407,000","606,950,000","625,719,000","645,164,000","647,119,000","614,326,000","636,024,000","399,743,000","372,940,000","367,623,000","400,315,000","373,142,000","386,518,000","307,754,000","312,577,000","290,770,000","335,273,000","324,280,000","260,417,000","252,816,000","210,900,000","146,254,000","143,513,000","173,696,000","186,622,000","177,917,000","169,585,000","178,069,000","168,546,000","164,755,000","151,130,000","165,465,000","151,187,000","135,593,000","130,974,000","138,160,000","128,594,000","124,021,000","120,138,000","124,251,000","116,472,000","115,037,000","106,707,000","105,376,000","107,962,000","131,265,000","106,077,000","108,943,000","62,692,000","41,776,000","38,714,000","50,727,000","45,188,000","42,931,000","38,365,000","42,273,000","42,298,000","42,709,000","39,023,000","38,600,000","40,000,000","37,200,000","33,700,000","38,800,000","37,700,000","38,900,000","31,100,000","36,300,000","37,600,000","34,600,000","31,400,000","40,600,000","39,800,000","38,800,000","34,700,000","41,700,000","40,900,000","39,300,000","34,700,000","40,300,000","37,200,000","33,500,000","35,900,000","36,900,000","35,500,000","33,600,000","28,400,000","33,000,000","30,300,000","27,500,000","25,000,000","27,000,000","25,000,000","24,300,000","23,800,000","21,300,000","28,100,000","24,400,000",,,,,,,,,,,,,,,,,,,
ReconciledDepreciation,"310,270,000","84,298,000","82,929,000","71,451,000","71,592,000","72,163,000","71,418,000","74,470,000","72,494,000","74,533,000","77,397,000","73,756,000","74,217,000","75,355,000","77,939,000","73,082,000","72,760,000","74,844,000","71,490,000","72,989,000","71,531,000","72,412,000","71,347,000","73,360,000","73,393,000","68,902,000","69,005,000","69,060,000","67,773,000","68,356,000","70,603,000","70,049,000","66,075,000","69,356,000","67,545,000","69,430,000","67,468,000","60,006,000","44,852,000","41,300,000","38,663,000","36,831,000","35,663,000","34,604,000","26,936,000","25,460,000","24,802,000","22,892,000","22,105,000","22,674,000","21,947,000","18,649,000","12,241,000","12,061,000","10,259,000","11,855,000","11,273,000","11,084,000","10,267,000","10,275,000","9,576,000","9,412,000","9,485,000","11,482,000","8,325,000","7,663,000","7,548,000","7,578,000","7,558,000","7,618,000","7,080,000","6,166,000","7,061,000","6,158,000","7,281,000","7,512,000","6,971,000","7,185,000","6,228,000","4,723,000","2,921,000","2,923,000","3,156,000","3,018,000","2,938,000","2,875,000","2,482,000","2,823,000","2,760,000","2,591,000","2,800,000","2,200,000","2,300,000","2,500,000","2,400,000","2,300,000","2,400,000","2,500,000","2,500,000","2,400,000","2,600,000","2,500,000","3,100,000","2,100,000","2,600,000","2,700,000","2,200,000","2,700,000","2,600,000","2,600,000","2,600,000","2,900,000","2,500,000","2,600,000","2,600,000","2,600,000","2,600,000","2,500,000","2,400,000","2,400,000","2,100,000","2,000,000","1,900,000","1,700,000","1,900,000","2,100,000","1,800,000","2,200,000","1,800,000",,,,,,,,,,,,,,,,,,,
NetIncomeFromContinuingOperationNetMinorityInterest,"226,825,000","45,314,000","48,993,000","65,443,000","67,075,000","21,736,000","39,332,000","54,910,000","29,023,000","11,572,000","24,151,000","36,369,000","36,244,000","976,000","16,431,000","31,089,000","30,747,000","-12,631,000","84,194,000","12,058,000","25,880,000","-21,393,000","-12,713,000","-10,255,000","3,966,000","-20,871,000","568,000","40,228,000","10,395,000","-7,089,000","27,377,000","-93,337,000","28,672,000","8,960,000","26,801,000","35,361,000","22,902,000","10,502,000","61,874,000","12,359,000","23,426,000","32,015,000","38,233,000","37,133,000","29,156,000","22,730,000","23,329,000","38,827,000","55,517,000","10,048,000","12,895,000","8,773,000","8,624,000","4,955,000","17,949,000","14,628,000","15,987,000","8,922,000","16,569,000","12,940,000","11,188,000","3,501,000","11,493,000","21,005,000","11,372,000","2,805,000","7,952,000","5,457,000","7,371,000","4,841,000","7,469,000","4,441,000","-12,127,000","2,817,000","-10,703,000","7,418,000","-6,799,000","-7,136,000","4,802,000","-8,576,000","483,000","-242,000","3,779,000","404,000","2,389,000","-1,032,000","3,012,000","1,907,000","3,639,000","-1,440,000","-400,000","300,000","700,000","-2,800,000","0","-1,100,000","800,000","-3,600,000","-10,000,000","-800,000","-900,000","-2,000,000","-900,000","-1,700,000","-2,600,000","-1,600,000","-5,300,000","-1,200,000","200,000","-600,000","-1,200,000","1,100,000","1,300,000","600,000","500,000","300,000","1,400,000","800,000","1,800,000","1,700,000","1,200,000","500,000","1,000,000","1,500,000","1,100,000","1,100,000","-4,900,000","-9,300,000","600,000",,,,,,,,,,,,,,,,,,,
TotalUnusualItemsExcludingGoodwill,,,"0","0","0","0","0","-118,000","-184,000","-3,074,000","675,000","-6,119,000",,,"-19,000","-2,469,000",,,"-913,000","-1,923,000","25,677,000","-1,549,000","453,000","-17,582,000","0","-350,000","0","0","-31,992,000","409,000","0","-123,414,000","-655,000","1,454,000","0","0","1,655,000","525,000","465,000","-26,476,000","-75,000","-299,000","471,000","164,000","2,868,000","2,899,000","310,000","-2,963,000","2,708,000","-2,256,000","8,032,000","-7,386,000","-2,623,000","33,000","6,886,000","-7,037,000","-2,667,000","-2,774,000","-2,631,000","-2,654,000","-2,559,000","-2,468,000","-3,000,000","-2,691,000","-2,675,000","-10,830,000","8,067,000","-2,716,000","-2,725,000","-2,015,000","7,597,000","-2,631,000","-16,353,000","2,699,000","-1,312,000","6,003,000","-2,354,000","-2,592,000","-684,000","-4,238,000",,,,,,,,,,,,,,,,,,,"0",,,"800,000",,,,,,,,,,,,,,,,,,,,,,,,"100,000","-6,800,000","-13,100,000",,,,,,,,,,,,,,,,,,,,
TotalUnusualItems,,,"0","0","0","0","0","-118,000","-184,000","-3,074,000","675,000","-6,119,000",,,"-19,000","-2,469,000",,,"-913,000","-1,923,000","25,677,000","-1,549,000","453,000","-17,582,000","0","-350,000","0","0","-31,992,000","409,000","0","-123,414,000","-655,000","1,454,000","0","0","1,655,000","525,000","465,000","-26,476,000","-75,000","-299,000","471,000","164,000","2,868,000","2,899,000","310,000","-2,963,000","2,708,000","-2,256,000","8,032,000","-7,386,000","-2,623,000","33,000","6,886,000","-7,037,000","-2,667,000","-2,774,000","-2,631,000","-2,654,000","-2,559,000","-2,468,000","-3,000,000","-2,691,000","-2,675,000","-10,830,000","8,067,000","-2,716,000","-2,725,000","-2,015,000","7,597,000","-2,631,000","-16,353,000","2,699,000","-1,312,000","6,003,000","-2,354,000","-2,592,000","-684,000","-4,238,000",,,,,,,,,,,,,,,,,,,"0",,,"800,000",,,,,,,,,,,,,,,,,,,,,,,,"100,000","-6,800,000","-13,100,000",,,,,,,,,,,,,,,,,,,,
NormalizedEBITDA,"698,044,000","172,588,000","167,627,000","177,136,000","180,693,000","122,269,000","134,026,000","161,853,000","132,882,000","118,662,000","131,855,000","154,848,000","147,604,000","102,998,000","116,235,000","138,567,000","138,546,000","86,300,000","96,919,000","120,793,000","117,753,000","76,511,000","100,435,000","124,173,000","107,933,000","64,615,000","93,725,000","163,017,000","160,051,000","76,218,000","128,613,000","151,502,000","132,746,000","103,645,000","126,242,000","142,984,000","122,521,000","95,470,000","80,504,000","98,260,000","86,411,000","98,718,000","95,411,000","101,549,000","79,122,000","65,446,000","68,110,000","96,561,000","94,193,000","49,097,000","30,141,000","55,678,000","33,928,000","23,164,000","31,257,000","50,152,000","43,787,000","33,858,000","37,999,000","38,808,000","35,762,000","22,533,000","32,245,000","35,947,000","28,849,000","33,486,000","13,807,000","22,605,000","24,690,000","19,848,000","14,408,000","20,036,000","32,778,000","7,559,000","14,976,000","7,973,000","9,338,000","8,836,000","19,356,000","9,616,000","6,088,000","4,515,000","12,093,000","6,157,000","8,007,000","3,673,000","5,353,000","7,189,000","8,854,000","3,529,000","4,300,000","5,100,000","5,300,000","1,800,000","5,100,000","3,600,000","5,500,000","1,400,000","800,000","3,600,000","4,200,000","0","4,400,000","2,400,000","1,500,000","1,800,000","1,300,000","3,200,000","5,100,000","3,500,000","2,600,000","6,700,000","6,700,000","5,500,000","5,700,000","5,000,000","7,000,000","5,700,000","7,100,000","6,900,000","5,600,000","4,400,000","5,100,000","5,800,000","5,300,000","4,900,000","11,700,000","19,300,000","4,300,000","-96,300,000","33,500,000","35,100,000","33,000,000","-65,500,000","25,500,000","24,700,000","21,100,000","-45,600,000","19,800,000","17,100,000","17,100,000","-28,600,000","12,400,000","10,600,000","10,600,000","-21,600,000","8,100,000","8,000,000"
TaxRateForCalcs,"0.246","0.278","0.19","0.248","0.259","0.315","0.102","0.2","0.29","0.27","0.308","0.328","0.307","0.27","0.048","0.266","0.308","0.27","0.4","0.4","0.4","0.4","0.4","0.4","0.4","0.109","0.4","0.4","0.4","0.395","0.29","0.35","0.391","0.383","0.312","0.347","0.351","0.322","0.35","0.338","0.358","0.361","0.21","0.337","0.339","0.371","0.372","0.386","0.171","0.35","0.4","0.35","0.35","0.35","0.284","0.35","0.35","0.35","0.244","0.35","0.35","0.35","0.294","0.4","0.234","0.199","0.167","0.14","0.117","0.007","0.156","0.204","0.4","0.301","0.4","0.191","0.4","0.4","0.252","0.4","0.4","0.4","0.379","0.311","0.084","0.224","0.4","0.032","0.037","0.4","0.4","0.4","0.125","0.4","0.4","0.4","0.111","0.4","0.4","0.2","0.4","0.375","0","0.261","0.257","0.4","0.274","0.4","0.4","0.4","0.4","0.4","0.4","0.4","0.4","0.4","0.4","0.4","0.357","0.346","0.333","0.375","0.286","0.318","0.267","0","0.075","0.114","0.4",,,,,,,,,,,,,,,,,,,
TaxEffectOfUnusualItems,"0","0","0","0","0","0","0","-23,600","-53,360","-829,980","207,869.362","-2,007,032","0","0","-918.858","-656,754","0","0","-365,200","-769,200","10,270,800","0","181,200","-7,032,800","0","0","0","0","-12,796,800","0","0","-43,194,900","0","0","0","0","0","0","162,750","-8,946,837.092","-26,851.192","-108,046.778","98,754.61","55,309.643","972,298.164","1,076,853.884","115,298.568","-1,142,993.973","463,616.392","-789,600","3,212,800","-2,585,100","-918,050","11,550","1,953,767.509","-2,462,950","-933,450","-970,900","-642,084.999","-928,900","-895,650","-863,800","-881,318.274","-1,076,400","-625,266.155","-2,150,528.571","1,347,739.08","-379,743.38","-320,070.043","-13,232.095","1,184,750.819","-536,293.833","-6,541,200","811,910.648","-524,800","1,143,740.506","-941,600","-1,036,800","-172,225.615","-1,695,200","0","0","0","0","0","0","0","0","0","0","0","0","0","0","0","0","0","0","0","0","0","300,000","0","0","0","0","0","0","0","0","0","0","0","0","0","0","0","0","0","0","0","0","0","0","0","0","-513,207.547","-1,497,142.857","0",,,,,,,,,,,,,,,,,,,