name,ttm,03/31/2022,12/31/2021,09/30/2021,06/30/2021,03/31/2021,12/31/2020,09/30/2020,06/30/2020,03/31/2020,12/31/2019,09/30/2019,06/30/2019,03/31/2019,12/31/2018,09/30/2018,06/30/2018,03/31/2018,12/31/2017,09/30/2017,06/30/2017,03/31/2017,12/31/2016,09/30/2016,06/30/2016,03/31/2016,12/31/2015,09/30/2015,06/30/2015,03/31/2015,12/31/2014,09/30/2014,06/30/2014,03/31/2014,12/31/2013,09/30/2013,06/30/2013,03/31/2013,12/31/2012,09/30/2012,06/30/2012,03/31/2012,12/31/2011,09/30/2011,06/30/2011,03/31/2011,12/31/2010,09/30/2010,06/30/2010,03/31/2010,12/31/2009,09/30/2009,06/30/2009,03/31/2009,12/31/2008,09/30/2008,06/30/2008,03/31/2008,12/31/2007,09/30/2007,06/30/2007,03/31/2007,12/31/2006,09/30/2006,06/30/2006,03/31/2006,12/31/2005,09/30/2005,06/30/2005,03/31/2005,12/31/2004,09/30/2004,06/30/2004,03/31/2004,12/31/2003,09/30/2003,06/30/2003,03/31/2003,12/31/2002,09/30/2002,06/30/2002,03/31/2002,12/31/2001,09/30/2001,06/30/2001,03/31/2001,12/31/2000,09/30/2000,06/30/2000,03/31/2000,12/31/1999,09/30/1999,06/30/1999,03/31/1999,12/31/1998,09/30/1998,06/30/1998,03/31/1998,12/31/1997,09/30/1997,06/30/1997,03/31/1997,12/31/1996,09/30/1996,06/30/1996,03/31/1996,12/31/1995
TotalRevenue,"906,555,000","253,368,000","216,088,000","223,635,000","213,464,000","186,235,000","166,547,000","157,790,000","139,070,000","189,486,000","199,355,000","207,609,000","212,712,000","216,733,000","217,415,000","217,142,000","224,992,000","214,140,000","208,725,000","212,828,000","203,726,000","183,688,000","152,497,000","151,925,000","149,013,000","155,088,000","159,738,000","146,041,000","136,236,000","148,929,000","140,791,000","146,991,000","142,932,000","160,475,000","145,072,000","138,852,000","138,891,000","144,553,000","153,225,000","146,472,000","153,013,000","159,572,000","142,750,000","149,863,000","139,760,000","143,970,000","128,696,000","132,312,000","119,087,000","122,970,000","118,971,000","115,234,000","119,008,000","135,788,000","165,076,000","154,680,000","151,164,000","168,618,000","155,196,000","151,410,000","148,110,000","156,885,000","142,044,000","144,225,000","146,694,000","147,096,000","133,322,000","134,712,000","140,877,000","144,470,000","125,913,000","122,711,000","121,658,000","121,179,000","110,253,000","106,584,000","106,575,000","118,807,000","107,384,000","113,238,000","113,891,000","-5,201,000","137,747,000","171,577,000","175,905,000","175,522,000","175,078,000","188,994,000","188,378,000","198,454,000","174,200,000","182,000,000","181,600,000","224,500,000","171,700,000","168,600,000","170,500,000","138,300,000","124,100,000","123,900,000","124,400,000","125,800,000","103,400,000","64,400,000","65,700,000","67,400,000","53,300,000"
	OperatingRevenue,"906,555,000","253,368,000","216,088,000","223,635,000","213,464,000","186,235,000","166,547,000","157,790,000","139,070,000","189,486,000","199,355,000","207,609,000","212,712,000","216,733,000","217,415,000","217,142,000","224,992,000","214,140,000","208,725,000","212,828,000","203,726,000","183,688,000","152,497,000","151,925,000","149,013,000","155,088,000","159,738,000","146,041,000","136,236,000","148,929,000","140,791,000","146,991,000","142,932,000","160,475,000","145,072,000","138,852,000","138,891,000","144,553,000","153,225,000","146,472,000","153,013,000","159,572,000","142,750,000","149,863,000","139,760,000","143,970,000","128,696,000","132,312,000","119,087,000","122,970,000","118,971,000","115,234,000","119,008,000","135,788,000","165,076,000","154,680,000","151,164,000","168,618,000","155,196,000","151,410,000","148,110,000","156,885,000","142,044,000","144,225,000","146,694,000","147,096,000","133,322,000","134,712,000","140,877,000","144,470,000","125,913,000","122,711,000","121,658,000","121,179,000","110,253,000","106,584,000","106,575,000","118,807,000","107,384,000","113,238,000","113,891,000","-5,201,000","137,747,000","171,577,000","175,905,000","175,522,000","175,078,000","188,994,000","188,378,000","198,454,000","174,200,000","182,000,000","181,600,000","224,500,000","171,700,000","168,600,000","170,500,000","138,300,000","124,100,000","123,900,000","124,400,000","125,800,000","103,400,000","64,400,000","65,700,000","67,400,000","53,300,000"
CostOfRevenue,"590,825,000","167,893,000","141,031,000","142,500,000","139,401,000","122,147,000","111,232,000","101,765,000","94,273,000","123,277,000","131,483,000","134,116,000","137,100,000","140,688,000","144,010,000","141,242,000","145,345,000","139,538,000","139,680,000","141,209,000","134,418,000","133,353,000","107,676,000","102,196,000","100,966,000","106,695,000","111,397,000","99,096,000","92,652,000","103,452,000","97,382,000","99,835,000","97,367,000","110,175,000","102,075,000","94,592,000","95,400,000","100,345,000","109,428,000","104,070,000","109,189,000","115,330,000","104,147,000","110,632,000","104,118,000","106,525,000","99,345,000","101,071,000","91,072,000","91,337,000","92,146,000","87,183,000","89,578,000","100,975,000","120,285,000","109,108,000","102,639,000","120,665,000","108,522,000","105,372,000","104,222,000","112,208,000","103,421,000","105,208,000","104,411,000","106,106,000","98,391,000","99,554,000","104,334,000","109,955,000","95,914,000","92,768,000","90,207,000","91,856,000","85,695,000","81,517,000","80,677,000","91,975,000","81,085,000","86,665,000","86,261,000","-25,758,000","105,759,000","138,603,000","140,947,000","111,694,000","132,241,000","140,971,000","138,038,000","191,326,000","127,600,000","139,100,000","131,300,000","157,600,000","125,900,000","123,400,000","124,200,000","94,900,000","86,500,000","85,900,000","87,000,000","85,700,000","71,700,000","44,000,000","44,500,000",,
GrossProfit,"315,730,000","85,475,000","75,057,000","81,135,000","74,063,000","64,088,000","55,315,000","56,025,000","44,797,000","66,209,000","67,872,000","73,493,000","75,612,000","76,045,000","73,405,000","75,900,000","79,647,000","74,602,000","69,045,000","71,619,000","69,308,000","50,335,000","44,821,000","49,729,000","48,047,000","48,393,000","48,341,000","46,945,000","43,584,000","45,477,000","43,409,000","47,156,000","45,565,000","50,300,000","42,997,000","44,260,000","43,491,000","44,208,000","43,797,000","42,402,000","43,824,000","44,242,000","38,603,000","39,231,000","35,642,000","37,445,000","29,351,000","31,241,000","28,015,000","31,633,000","26,825,000","28,051,000","29,430,000","34,813,000","44,791,000","45,572,000","48,525,000","47,953,000","46,674,000","46,038,000","43,888,000","44,677,000","38,623,000","39,017,000","42,283,000","40,990,000","34,931,000","35,158,000","36,543,000","34,515,000","29,999,000","29,943,000","31,451,000","29,323,000","24,558,000","25,067,000","25,898,000","26,832,000","26,299,000","26,573,000","27,630,000","20,557,000","31,988,000","32,974,000","34,958,000","63,828,000","42,837,000","48,023,000","50,340,000","7,128,000","46,600,000","42,900,000","50,300,000","66,900,000","45,800,000","45,200,000","46,300,000","43,400,000","37,600,000","38,000,000","37,400,000","40,100,000","31,700,000","20,400,000","21,200,000",,
OperatingExpense,"241,949,000","61,416,000","59,741,000","57,475,000","63,317,000","49,889,000","44,868,000","40,205,000","43,008,000","49,545,000","46,986,000","48,255,000","48,400,000","52,555,000","51,209,000","51,075,000","55,044,000","58,278,000","54,872,000","52,032,000","49,293,000","52,374,000","39,504,000","37,110,000","36,846,000","36,584,000","37,383,000","40,433,000","32,293,000","32,585,000","30,794,000","31,022,000","32,559,000","32,772,000","31,896,000","31,974,000","30,055,000","29,727,000","29,608,000","29,482,000","31,042,000","30,625,000","28,070,000","26,917,000","27,999,000","27,891,000","26,251,000","25,709,000","25,429,000","27,288,000","25,752,000","24,814,000","25,378,000","27,658,000","28,912,000","26,639,000","28,130,000","33,097,000","27,363,000","26,421,000","25,345,000","24,590,000","23,599,000","23,323,000","24,499,000","21,935,000","21,734,000","21,680,000","21,895,000","23,856,000","20,352,000","19,863,000","20,262,000","19,951,000","18,632,000","17,326,000","17,831,000","24,616,000","17,451,000","18,034,000","18,156,000","-7,478,000","22,766,000","23,876,000","23,034,000","18,142,000","29,165,000","29,343,000","29,962,000","-11,314,000","30,500,000","30,500,000","29,500,000","41,100,000","26,000,000","26,300,000","26,000,000","23,000,000","22,000,000","21,300,000","22,300,000","24,000,000","20,500,000","11,500,000","12,500,000",,
	SellingGeneralAndAdministration,"201,315,000","50,713,000","49,612,000","47,365,000","53,625,000","43,013,000","38,688,000","34,117,000","37,124,000","43,420,000","41,129,000","42,030,000","42,355,000","45,659,000","44,237,000","44,203,000","47,393,000","50,594,000","47,671,000","44,389,000","42,652,000","49,549,000","37,739,000","35,345,000","35,096,000","34,836,000","35,694,000","39,439,000","31,700,000","32,035,000","30,243,000","30,446,000","31,970,000","32,254,000","31,418,000","31,448,000","29,596,000","29,227,000","29,115,000","28,993,000","30,543,000","30,066,000","27,585,000","26,408,000","27,478,000","27,428,000","25,799,000","25,275,000","25,000,000","26,820,000","25,262,000","24,336,000","24,938,000","27,137,000","28,491,000","26,610,000","28,103,000","30,555,000","27,334,000","26,396,000","25,317,000","24,538,000","23,555,000","23,279,000","24,456,000","22,770,000","21,673,000","21,619,000","21,833,000","23,775,000","20,274,000","19,787,000","20,185,000","19,868,000","18,552,000","17,248,000","17,689,000","20,770,000","17,314,000","17,900,000","18,027,000","14,131,000","18,772,000","19,863,000","19,001,000","23,476,000","21,848,000","22,293,000","22,822,000","-18,150,000","23,200,000","23,300,000","22,300,000","33,600,000","19,400,000","19,700,000","19,400,000","18,100,000","17,300,000","16,600,000","17,500,000","19,500,000","17,000,000","9,800,000","10,900,000",,
		GeneralAndAdministrativeExpense,"102,128,000","23,633,000","25,144,000","23,208,000","30,143,000","22,193,000","19,859,000","15,554,000","18,429,000","21,167,000","17,960,000","19,153,000","19,600,000","21,674,000","20,379,000","19,688,000","21,826,000","22,947,000","22,204,000","19,347,000","18,852,000","28,064,000","19,751,000","16,313,000","16,282,000","15,270,000","16,399,000","22,040,000","15,102,000","14,650,000","12,845,000","13,300,000","14,079,000","13,507,000","15,230,000","14,167,000","12,849,000","12,823,000","12,725,000","12,546,000","14,177,000","12,721,000","11,605,000","10,899,000","11,452,000","10,737,000","10,275,000","9,795,000","9,785,000","10,229,000","9,471,000","8,731,000","8,461,000",,,,,,,,,,,,,,,,,,,,,,,,,,,,,,,,,,,,,,,,,,,,,,,,,,,,,,
			OtherGandA,"102,128,000","23,633,000","25,144,000","23,208,000","30,143,000","22,193,000","19,859,000","15,554,000","18,429,000","21,167,000","17,960,000","19,153,000","19,600,000","21,674,000","20,379,000","19,688,000","21,826,000","22,947,000","22,204,000","19,347,000","18,852,000","28,064,000","19,751,000","16,313,000","16,282,000","15,270,000","16,399,000","22,040,000","15,102,000","14,650,000","12,845,000","13,300,000","14,079,000","13,507,000","15,230,000","14,167,000","12,849,000","12,823,000","12,725,000","12,546,000","14,177,000","12,721,000","11,605,000","10,899,000","11,452,000","10,737,000","10,275,000","9,795,000","9,785,000","10,229,000","9,471,000","8,731,000","8,461,000",,,,,,,,,,,,,,,,,,,,,,,,,,,,,,,,,,,,,,,,,,,,,,,,,,,,,,
		SellingAndMarketingExpense,"99,187,000","27,080,000","24,468,000","24,157,000","23,482,000","20,820,000","18,829,000","18,563,000","18,695,000","22,253,000","23,169,000","22,877,000","22,755,000","23,985,000","23,858,000","24,515,000","25,567,000","27,647,000","25,467,000","25,042,000","23,800,000","21,485,000","17,988,000","19,032,000","18,814,000","19,566,000","19,295,000","17,399,000","16,598,000","17,385,000","17,398,000","17,146,000","17,891,000","18,747,000","16,188,000","17,281,000","16,747,000","16,404,000","16,390,000","16,447,000","16,366,000","17,345,000","15,980,000","15,509,000","16,026,000","16,691,000","15,524,000","15,480,000","15,215,000","16,591,000","15,791,000","15,605,000","16,477,000",,,,,,,,,,,,,,,,,,,,,,,,,,,,,,,,,,,,,,,,,,,,,,,,,,,,,,
	ResearchAndDevelopment,"15,351,000","4,068,000","3,875,000","3,825,000","3,583,000","3,702,000","3,038,000","2,896,000","2,769,000","2,891,000","2,628,000","2,999,000","2,792,000","3,354,000","3,271,000","3,118,000","3,748,000","3,679,000","3,293,000","3,723,000","2,922,000",,,,,,,,,,,,,,,,,,,,,,,,,,,,,,,,,,,,,,,,,,,,,,,,,,,,,,,,,,,,,,,,,,,,,,,,,,,,,,,,,,,,,,
	DepreciationAmortizationDepletionIncomeStatement,"25,283,000","6,635,000","6,254,000","6,285,000","6,109,000","3,174,000","3,142,000","3,192,000","3,115,000","3,234,000","3,229,000","3,226,000","3,253,000","3,542,000","3,701,000","3,754,000","3,903,000","4,005,000","3,908,000","3,920,000","3,719,000","2,825,000","1,765,000","1,765,000","1,750,000","1,748,000","1,689,000","994,000","593,000","550,000","551,000","576,000","589,000","518,000","478,000","526,000","459,000","500,000","493,000","489,000","499,000","559,000","485,000","509,000","521,000","463,000","452,000","434,000","429,000","468,000","490,000","478,000","440,000","521,000","421,000","29,000","27,000","33,000","29,000","25,000","28,000","52,000","44,000","44,000","43,000","65,000","61,000","61,000","62,000","81,000","78,000","76,000","77,000","83,000","80,000","78,000","142,000","3,846,000","137,000","134,000","129,000","-1,027,000","3,994,000","4,013,000","4,033,000","22,913,000","7,317,000","7,050,000","7,140,000","6,836,000","7,300,000","7,200,000","7,200,000","7,500,000","6,600,000","6,600,000","6,600,000","4,900,000","4,700,000","4,700,000","4,800,000","4,500,000","3,500,000","1,700,000","1,600,000",,
		DepreciationAndAmortizationInIncomeStatement,"25,283,000","6,635,000","6,254,000","6,285,000","6,109,000","3,174,000","3,142,000","3,192,000","3,115,000","3,234,000","3,229,000","3,226,000","3,253,000","3,542,000","3,701,000","3,754,000","3,903,000","4,005,000","3,908,000","3,920,000","3,719,000","2,825,000","1,765,000","1,765,000","1,750,000","1,748,000","1,689,000","994,000","593,000","550,000","551,000","576,000","589,000","518,000","478,000","526,000","459,000","500,000","493,000","489,000","499,000","559,000","485,000","509,000","521,000","463,000","452,000","434,000","429,000","468,000","490,000","478,000","440,000","521,000","421,000","29,000","27,000","33,000","29,000","25,000","28,000","52,000","44,000","44,000","43,000","65,000","61,000","61,000","62,000","81,000","78,000","76,000","77,000","83,000","80,000","78,000","142,000","3,846,000","137,000","134,000","129,000","-1,027,000","3,994,000","4,013,000","4,033,000","22,913,000","7,317,000","7,050,000","7,140,000","6,836,000","7,300,000","7,200,000","7,200,000","7,500,000","6,600,000","6,600,000","6,600,000","4,900,000","4,700,000","4,700,000","4,800,000","4,500,000","3,500,000","1,700,000","1,600,000",,
			Amortization,"25,283,000","6,635,000","6,254,000","6,285,000","6,109,000","3,174,000","3,142,000","3,192,000","3,115,000","3,234,000","3,229,000","3,226,000","3,253,000","3,542,000","3,701,000","3,754,000","3,903,000","4,005,000","3,908,000","3,920,000","3,719,000","2,825,000","1,765,000","1,765,000","1,750,000","1,748,000","1,689,000","994,000","593,000","550,000","551,000","576,000","589,000","518,000","478,000","526,000","459,000","500,000","493,000","489,000","499,000","559,000","485,000","509,000","521,000","463,000","452,000","434,000","429,000","468,000","490,000","478,000","440,000","521,000","421,000","29,000","27,000","33,000","29,000","25,000","28,000","52,000","44,000","44,000","43,000","65,000","61,000","61,000","62,000","81,000","78,000","76,000","77,000","83,000","80,000","78,000","142,000","3,846,000","137,000","134,000","129,000","-1,027,000","3,994,000","4,013,000","4,033,000",,,,,,,,,,,,,,,,,,,,,,
				AmortizationOfIntangiblesIncomeStatement,"25,283,000","6,635,000","6,254,000","6,285,000","6,109,000","3,174,000","3,142,000","3,192,000","3,115,000","3,234,000","3,229,000","3,226,000","3,253,000","3,542,000","3,701,000","3,754,000","3,903,000","4,005,000","3,908,000","3,920,000","3,719,000","2,825,000","1,765,000","1,765,000","1,750,000","1,748,000","1,689,000","994,000","593,000","550,000","551,000","576,000","589,000","518,000","478,000","526,000","459,000","500,000","493,000","489,000","499,000","559,000","485,000","509,000","521,000","463,000","452,000","434,000","429,000","468,000","490,000","478,000","440,000","521,000","421,000","29,000","27,000","33,000","29,000","25,000","28,000","52,000","44,000","44,000","43,000","65,000","61,000","61,000","62,000","81,000","78,000","76,000","77,000","83,000","80,000","78,000","142,000","3,846,000","137,000","134,000","129,000","-1,027,000","3,994,000","4,013,000","4,033,000",,,,,,,,,,,,,,,,,,,,,,
OperatingIncome,"73,781,000","24,059,000","15,316,000","23,660,000","10,746,000","14,199,000","10,447,000","15,820,000","1,789,000","16,664,000","20,886,000","25,238,000","27,212,000","23,490,000","22,196,000","24,825,000","24,603,000","16,324,000","14,173,000","19,587,000","20,015,000","-2,039,000","5,317,000","12,619,000","11,201,000","11,809,000","10,958,000","6,512,000","11,291,000","12,892,000","12,615,000","16,134,000","13,006,000","17,528,000","11,101,000","12,286,000","13,436,000","14,481,000","14,189,000","12,920,000","12,782,000","13,617,000","10,533,000","12,314,000","7,643,000","9,554,000","3,100,000","5,532,000","2,586,000","4,345,000","1,073,000","3,237,000","4,052,000","7,155,000","15,879,000","18,933,000","20,395,000","14,856,000","19,311,000","19,617,000","18,543,000","20,087,000","15,024,000","15,694,000","17,784,000","19,055,000","13,197,000","13,478,000","14,648,000","10,659,000","9,647,000","10,080,000","11,189,000","9,372,000","5,926,000","7,741,000","8,067,000","2,216,000","8,848,000","8,539,000","9,474,000","28,035,000","9,222,000","9,098,000","11,924,000","45,686,000","13,672,000","18,680,000","20,378,000","18,442,000","16,100,000","12,400,000","20,800,000","25,800,000","19,800,000","18,900,000","20,300,000","20,400,000","15,600,000","16,700,000","15,100,000","16,100,000","11,200,000","8,900,000","8,700,000","-115,900,000","53,300,000"
NetNonOperatingInterestIncomeExpense,"-20,126,000","-5,352,000","-4,375,000","-4,587,000","-5,812,000","-2,889,000","-2,986,000","-3,018,000","-3,188,000","-3,200,000","-3,423,000","-3,759,000","-3,852,000","-3,959,000","-4,330,000","-4,248,000","-4,607,000","-4,661,000","-4,864,000","-5,067,000","-5,141,000","-3,568,000","-2,299,000","-2,525,000","-2,574,000","-2,691,000","-2,425,000","-1,632,000","-1,156,000","-2,413,000","-3,344,000","-3,264,000","-3,369,000","-3,354,000","-3,395,000","-3,372,000","-3,371,000","-3,339,000","-3,413,000","-3,505,000","-3,499,000","-3,563,000","-3,590,000","-3,557,000","-3,504,000","-3,647,000","-3,281,000","-2,936,000","-2,965,000","-3,224,000","-3,257,000","-3,407,000","-2,977,000",,,,,,,,,,,,,,,,,,,,,,,,,,,,,,,,,,,,,,,,,,,,,,,,,,,,,,
	InterestIncomeNonOperating,,,,,,,,,,,,,,,,,,,,,,,,,,,,,,,,,,,,,,,,,,,,,,,"317,000","435,000","268,000",,,,"360,000",,,,,,,,,,,,,,,,,,,,,,,,,,,,,,,,,,,,,,,,,,,,,,,,,,,,,,
	InterestExpenseNonOperating,"20,126,000","5,352,000","4,375,000","4,587,000","5,812,000","2,889,000","2,986,000","3,018,000","3,188,000","3,200,000","3,423,000","3,759,000","3,852,000","3,959,000","4,330,000","4,248,000","4,607,000","4,661,000","4,864,000","5,067,000","5,141,000","3,568,000","2,299,000","2,525,000","2,574,000","2,691,000","2,425,000","1,632,000","1,156,000","2,413,000","3,344,000","3,264,000","3,369,000","3,354,000","3,395,000","3,372,000","3,371,000","3,339,000","3,413,000","3,505,000","3,499,000","3,563,000","3,590,000","3,557,000","3,504,000","3,647,000","3,281,000","3,371,000","3,233,000","3,224,000","3,257,000","3,407,000","3,337,000",,,,,,,,,,,,,,,,,,,,,,,,,,,,,,,,,,,,,,,,,,,,,,,,,,,,,,
OtherIncomeExpense,"-15,209,000","-727,000","19,000","213,000","-14,714,000","-363,000","-251,000","-16,951,000","-2,533,000","727,000","21,000","261,000","381,000","1,070,000","-15,537,000","-89,000","-10,516,000","-599,000","3,000","38,000","-123,000","-2,819,000","-1,502,000","356,000","860,000","-262,000","-123,000","-975,000","318,000","-8,179,000","950,000","565,000","422,000","787,000","-167,000","1,342,000","-99,000","709,000","-4,000","365,000","936,000","-702,000","3,238,000","387,000","-5,000","-1,878,000","-180,000","27,000","-1,185,000","-3,862,000","-1,202,000","-2,237,000","-5,430,000","-107,597,000","-5,323,000","603,000","1,063,000","-1,286,000","770,000","311,000","972,000","421,000","3,438,000","1,476,000","-3,976,000","-1,085,000","-4,260,000","-2,075,000","763,000","3,372,000","564,000","423,000","-51,000","4,602,000","-275,000","779,000","2,293,000","-708,000","-840,000",,,"-2,472,000","6,000","-727,000","-8,840,000",,,,,,,"-800,000","200,000","700,000","200,000","300,000","400,000","800,000","400,000","300,000","300,000","300,000","500,000","200,000","200,000",,
	GainOnSaleOfSecurity,"-1,528,000","-1,105,000","-436,000","-326,000","339,000","406,000","-107,000","-40,000","493,000","948,000","220,000","525,000","712,000","-207,000","-57,000","-396,000","544,000","-838,000","-259,000","-23,000","-262,000","-246,000","-1,612,000","308,000","780,000","-337,000","-312,000","-1,083,000","313,000","215,000","769,000","634,000","245,000","713,000","-314,000","81,000","-10,000","721,000","61,000","-190,000","336,000","-195,000","97,000","-200,000","-18,000",,,,,,,,,,,,,,,,,,,,,,,,,,,,,,,,,,,,,,,,,,,,,,,,,,,,,,,,,,,,,,
	SpecialIncomeCharges,"-14,803,000","0","0","0","-14,803,000",,,"0","0","0","0","-7,000","-169,000","978,000","-15,550,000","0","-11,100,000",,,,,"-2,428,000",,,,"0",,,,"-8,567,000",,,,,,,,"0","0","555,000","600,000","-507,000","3,141,000","587,000","13,000","-1,426,000","-180,000","27,000","-1,185,000","-3,862,000","-1,202,000","-2,237,000","-5,430,000","-107,597,000","-5,323,000","603,000","1,063,000","-1,286,000","770,000","311,000","972,000","421,000","3,438,000","1,476,000","-3,976,000","-1,085,000","-4,260,000","-2,075,000","763,000","3,372,000","564,000","423,000","-51,000","4,602,000","-275,000","779,000","2,293,000","-708,000","-840,000",,,"-2,472,000","6,000","-727,000","-8,840,000",,,,,,,"-800,000","200,000","700,000","200,000","300,000","400,000","800,000","400,000","300,000","300,000","300,000","500,000","200,000","200,000",,
		RestructuringAndMergernAcquisition,,,,,,,,,,,,,,,,,,,,,,,,,,,,,,,,,,,,,,"0","0","0","0","0","-1,467,000","0","430,000","253,000","150,000","347,000","1,450,000","4,371,000","3,616,000","2,694,000","5,838,000","776,000","990,000","155,000",,"285,000","149,000","469,000","276,000","411,000","128,000","-410,000","4,000","1,289,000","83,000","211,000","26,000","502,000","191,000","184,000","33,000","-411,000","275,000","574,000","801,000","2,857,000","840,000",,,"8,000","-6,000","727,000","8,840,000",,,,,,,,,,,,,,,,,,,,,,
		ImpairmentOfCapitalAssets,,,,,,,,,,,,,,,,,,,,,,"1,125,000",,,,,,,,,,,,,,,,,,,,,,,,,,,,,,,,,,,,,,,,,,,,,,,,,,,,,,,,,,,,,,,,,,,,,,,,,,,,,,,,,,,,,
		WriteOff,,,,,,,,,,,,,,,,"0","11,100,000",,,,,,,,,,,,,,,,,,,,,,,,,,,,,,,,,,,,,,,,,,,,,,,,,,,,,,,,,,,,,,,,,,,,,,,,,,,,,,,,,,,,,,,,,,
		OtherSpecialCharges,"14,803,000","0",,,"14,803,000",,,,,,,,,,,,,,,,,"1,303,000",,,,,,,,"8,567,000",,,,,,,,,,"-555,000","-600,000","507,000","-1,674,000","-587,000","-443,000","1,173,000","30,000","-374,000","-265,000","-509,000","-2,414,000","-457,000","-408,000","-179,000","4,333,000","-758,000",,"1,001,000","-919,000","-780,000","-1,248,000","-832,000","-3,566,000","-1,066,000","3,972,000","-204,000","4,177,000","1,864,000","-789,000","-3,874,000","-755,000","-607,000","18,000",,,"-1,353,000","-3,094,000",,,,,,,,,,,,,,,,,,,,,,,,,,,,,,
		GainOnSaleOfBusiness,"0",,,,,,,"0","0","0","0","-7,000","-169,000","978,000","-15,550,000",,,,,,,,,,,,,,,,,,,,,,,,,,,,,,,,,,,,,,,,,,,,,,,,,,,,,,,,,,,,,,,,,,,,,,,,,,,,,,,,,,,,,,,,,,,,
	OtherNonOperatingIncomeExpenses,"1,122,000","378,000","455,000","539,000","-250,000","-769,000","-144,000","-16,911,000","-3,026,000","-221,000","-199,000","-257,000","-162,000","299,000","70,000","307,000","40,000","239,000","262,000","61,000","139,000","-145,000","110,000","48,000","80,000","75,000","189,000","108,000","5,000","173,000","181,000","-69,000","177,000","74,000","147,000","1,261,000","-89,000","-12,000","-65,000",,,,,,,,,,,,,,,,,,,,,,,,,,,,,,,,,,,,,,,,,,,,,,,,,,,,,,,,,,,,,,,,,,,,
PretaxIncome,"38,446,000","17,980,000","10,960,000","19,286,000","-9,780,000","10,947,000","7,210,000","-4,149,000","-3,932,000","14,191,000","17,484,000","21,740,000","23,741,000","20,601,000","2,329,000","20,488,000","9,480,000","11,064,000","9,312,000","14,558,000","14,751,000","-8,426,000","1,516,000","10,450,000","9,487,000","8,856,000","8,410,000","3,905,000","10,453,000","2,300,000","10,221,000","13,435,000","10,059,000","14,961,000","7,539,000","10,256,000","9,966,000","11,851,000","10,772,000","9,780,000","10,219,000","9,352,000","10,181,000","9,144,000","4,134,000","4,029,000","-361,000","2,957,000","-1,560,000","-2,741,000","-3,386,000","-2,407,000","-4,355,000","-99,722,000","6,952,000","16,404,000","18,265,000","12,700,000","16,636,000","14,858,000","15,337,000","16,800,000","14,428,000","12,994,000","9,698,000","12,020,000","2,669,000","4,770,000","8,695,000","7,437,000","3,374,000","3,362,000","4,090,000","399,000","1,325,000","2,790,000","688,000","-8,448,000","-3,278,000","1,557,000","5,690,000","-329,000","2,039,000","177,000","-5,604,000","8,684,000","4,381,000","9,641,000","12,038,000","10,358,000","7,900,000","3,600,000","12,800,000","17,300,000","11,200,000","10,200,000","12,100,000","15,100,000","10,800,000","11,100,000","8,900,000","9,800,000","6,600,000","8,900,000","8,600,000",,
TaxProvision,"8,786,000","6,154,000","1,066,000","4,083,000","-2,517,000","1,362,000","616,000","-45,000","-963,000","4,947,000","2,234,000","5,141,000","5,162,000","860,000","3,111,000","4,576,000","1,774,000","2,598,000","19,877,000","2,050,000","3,095,000","-3,688,000","1,011,000","3,634,000","3,086,000","2,967,000","1,183,000","4,353,000","3,542,000","303,000","2,360,000","2,836,000","3,326,000","5,346,000","875,000","3,134,000","2,946,000","-40,178,000","1,193,000","1,528,000","1,783,000","998,000","1,666,000","2,877,000","1,355,000","1,621,000","39,406,000","1,222,000","-838,000","-2,936,000","-909,000","324,000","-1,824,000","3,151,000","2,454,000","5,897,000","6,499,000","4,458,000","6,781,000","5,544,000","5,956,000","5,866,000","5,510,000","4,898,000","4,265,000","-35,725,000","1,471,000","1,721,000","1,587,000","-697,000","1,183,000","982,000","728,000","1,910,000","620,000","1,290,000","189,000","-396,000","-805,000","542,000","2,191,000","-396,000","2,131,000","1,509,000","-943,000","5,095,000","3,085,000","5,253,000","6,092,000","3,478,000","4,600,000","3,100,000","6,400,000","6,800,000","5,500,000","5,100,000","6,000,000","7,200,000","5,300,000","5,500,000","4,500,000","4,900,000","3,400,000","3,700,000","3,600,000",,
NetIncomeCommonStockholders,"29,660,000","11,826,000","9,894,000","15,203,000","-7,263,000","9,585,000","6,594,000","-4,104,000","-2,969,000","9,244,000","15,250,000","16,599,000","18,579,000","19,741,000","-782,000","15,912,000","7,706,000","8,466,000","-10,565,000","12,508,000","11,656,000","-4,738,000","505,000","6,816,000","6,401,000","5,889,000","7,227,000","-448,000","6,911,000","1,997,000","7,861,000","10,599,000","6,733,000","9,615,000","6,664,000","7,122,000","7,020,000","52,029,000","9,579,000","8,252,000","8,436,000","8,997,000","8,515,000","6,676,000","2,779,000","2,543,000","-39,639,000","1,868,000","-722,000","460,000","-2,344,000","-2,731,000","-2,398,000","-102,504,000","3,813,000","10,637,000","9,670,000","8,382,000","9,994,000","9,453,000","9,520,000","11,073,000","9,126,000","8,314,000","5,572,000","47,798,000","1,413,000","3,263,000","7,322,000","8,349,000","2,405,000","2,594,000","3,362,000","-1,511,000","705,000","1,500,000","499,000","-8,052,000","-2,473,000","1,015,000","3,499,000","-130,269,000","-92,000","-2,342,000","-4,661,000","3,589,000","293,000","3,386,000","5,946,000","6,880,000","3,300,000","500,000","6,400,000","10,500,000","5,700,000","5,100,000","6,100,000","3,400,000","5,500,000","5,600,000","4,400,000","4,800,000","100,000","5,200,000","5,000,000","4,200,000","2,800,000"
	NetIncome,"29,660,000","11,826,000","9,894,000","15,203,000","-7,263,000","9,585,000","6,594,000","-4,104,000","-2,969,000","9,244,000","15,250,000","16,599,000","18,579,000","19,741,000","-782,000","15,912,000","7,706,000","8,466,000","-10,565,000","12,508,000","11,656,000","-4,738,000","505,000","6,816,000","6,401,000","5,889,000","7,227,000","-448,000","6,911,000","1,997,000","7,861,000","10,599,000","6,733,000","9,615,000","6,664,000","7,122,000","7,020,000","52,029,000","9,579,000","8,252,000","8,436,000","8,997,000","8,515,000","6,676,000","2,779,000","2,543,000","-39,639,000","1,868,000","-722,000","460,000","-2,344,000","-2,731,000","-2,398,000","-102,504,000","3,813,000","10,637,000","9,670,000","8,382,000","9,994,000","9,453,000","9,520,000","11,073,000","9,126,000","8,314,000","5,572,000","47,798,000","1,413,000","3,263,000","7,322,000","8,349,000","2,405,000","2,594,000","3,362,000","-1,511,000","705,000","1,500,000","499,000","-8,052,000","-2,473,000","1,015,000","3,499,000","-129,281,000","-92,000","-1,332,000","-4,661,000","3,589,000","1,296,000","4,388,000","5,946,000","6,880,000","3,300,000","500,000","6,400,000","10,500,000","5,700,000","5,100,000","6,100,000","3,400,000","5,500,000","5,600,000","4,400,000","4,800,000","100,000","5,200,000","5,000,000","4,200,000","2,800,000"
		NetIncomeIncludingNoncontrollingInterests,"29,660,000","11,826,000","9,894,000","15,203,000","-7,263,000","9,585,000","6,594,000","-4,104,000","-2,969,000","9,244,000","15,250,000","16,599,000","18,579,000","19,741,000","-782,000","15,912,000","7,706,000","8,466,000","-10,565,000","12,508,000","11,656,000","-4,738,000","505,000","6,816,000","6,401,000","5,889,000","7,227,000","-448,000","6,911,000","1,997,000","7,861,000","10,599,000","6,733,000","9,615,000","6,664,000","7,122,000","7,020,000","52,029,000","9,579,000","8,252,000","8,436,000","8,997,000","8,515,000","6,676,000","2,779,000","2,543,000","-39,639,000","1,868,000","-722,000","460,000","-2,344,000","-2,731,000","-2,398,000","-102,504,000","3,813,000","10,637,000","9,670,000","8,382,000","9,994,000","9,453,000","9,520,000","11,073,000","9,126,000","8,314,000","5,572,000","47,798,000","1,413,000","3,263,000","7,322,000","8,349,000","2,405,000","2,594,000","3,362,000","-1,511,000","705,000","1,500,000","499,000","-8,052,000","-2,473,000","1,015,000","3,499,000","-129,281,000","-92,000","-1,332,000","-4,661,000","3,589,000","1,296,000","4,388,000","5,946,000","6,880,000","3,300,000","500,000","6,400,000","10,500,000","5,700,000","5,100,000","6,100,000","3,400,000","5,500,000","5,600,000","4,400,000","4,800,000","400,000","5,200,000","5,000,000","4,200,000","2,800,000"
			NetIncomeContinuousOperations,"29,660,000","11,826,000","9,894,000","15,203,000","-7,263,000","9,585,000","6,594,000","-4,104,000","-2,969,000","9,244,000","15,250,000","16,599,000","18,579,000","19,741,000","-782,000","15,912,000","7,706,000","8,466,000","-10,565,000","12,508,000","11,656,000","-4,738,000","505,000","6,816,000","6,401,000","5,889,000","7,227,000","-448,000","6,911,000","1,997,000","7,861,000","10,599,000","6,733,000","9,615,000","6,664,000","7,122,000","7,020,000","52,029,000","9,579,000","8,252,000","8,436,000","8,354,000","8,515,000","6,267,000","2,779,000","2,408,000","-39,767,000","1,735,000","-722,000","195,000","-2,477,000","-2,731,000","-2,531,000","-102,873,000","4,498,000","10,507,000","11,766,000","8,242,000","9,855,000","9,314,000","9,381,000","10,934,000","8,918,000","8,096,000","5,433,000","47,745,000","1,198,000","3,049,000","7,108,000","8,134,000","2,191,000","2,380,000","3,362,000","-1,511,000","705,000","1,500,000","499,000","-8,052,000","-2,473,000","1,015,000","3,499,000","67,000","-92,000","-1,332,000","-4,661,000","3,589,000","1,296,000","4,388,000","5,946,000","6,880,000","3,300,000","500,000","6,400,000","10,500,000","5,700,000","5,100,000","6,100,000","7,900,000","5,500,000","5,600,000","4,400,000","4,900,000","3,200,000","5,200,000","5,000,000","4,200,000","2,800,000"
			NetIncomeDiscontinuousOperations,,,,,,,,,,,,,,,,,,,,,,,,,,,,,,,,,,,,,,"0","0","0",,"643,000","0","409,000",,"135,000","128,000","133,000","0","265,000","133,000","0","133,000","369,000","-685,000","130,000","-2,096,000","140,000","139,000","139,000","139,000","139,000","208,000","218,000","139,000","53,000","215,000","214,000","214,000","215,000","214,000","214,000",,,,,,,,,,,,,,,,,,,,,,,,,,,,,,,,,,,
			NetIncomeExtraordinary,,,,,,,,,,,,,,,,,,,,,,,,,,,,,,,,,,,,,,,,,,,,,,,,,,,,,,,,,,,,,,,,,,,,,,,,,,,,,,"0",,,,,,,,,,,,,,,,,,,,,,,,,,,,,
			NetIncomeFromTaxLossCarryforward,,,,,,,,,,,,,,,,,,,,,,,,,,,,,,,,,,,,,,,,,,,,,,,,,,,,,,,,,,,,,,,,,,,,,,,,,,,,,,,,,,,,,,,,,,,,,,,,,,,,,,"-100,000","-3,100,000",,,,
		MinorityInterests,,,,,,,,,,,,,,,,,,,,,,,,,,,,,,,,,,,,,,,,,,,,,,,,,,,,,,,,,,,,,,,,,,,,,,,,,,,,,,,,,,,,,,,,,,,,,,,,,,,,,,"0","-300,000",,,,
	PreferredStockDividends,,,,,,,,,,,,,,,,,,,,,,,,,,,,,,,,,,,,,,,,,,,,,,,,,,,,,,,,,,,,,,,,,,,,,,,,,,,,,,,,,,"988,000",,"1,010,000",,"0","1,003,000","1,002,000",,,,,,,,,,,,,,,,,,,
DilutedNIAvailtoComStockholders,"29,660,000","11,826,000","9,894,000","15,203,000","-7,263,000","9,585,000","6,594,000","-4,104,000","-2,969,000","9,244,000","15,250,000","16,599,000","18,579,000","19,741,000","-782,000","15,912,000","7,706,000","8,466,000","-10,565,000","12,508,000","11,656,000","-4,738,000","505,000","6,816,000","6,401,000","5,889,000","7,227,000","-448,000","6,911,000","1,997,000","7,861,000","10,599,000","6,733,000","9,615,000","6,664,000","7,122,000","7,020,000","52,029,000","9,579,000","8,252,000","8,436,000","8,997,000","8,515,000","6,676,000","2,779,000","2,543,000","-39,639,000","1,868,000","-722,000","460,000","-2,344,000","-2,731,000","-2,398,000","-102,504,000","3,813,000","10,637,000","9,670,000","8,382,000","9,994,000","9,453,000","9,520,000","11,073,000","9,126,000","8,314,000","5,572,000","47,798,000","1,413,000","3,263,000","7,322,000","8,349,000","2,405,000","2,594,000","3,362,000","-1,511,000","705,000","1,500,000","499,000","-8,052,000","-2,473,000","1,015,000","3,499,000","-130,269,000","-92,000","-2,342,000","-4,661,000","3,589,000","293,000","3,386,000","5,946,000","6,880,000","3,300,000","500,000","6,400,000","10,500,000","5,700,000","5,100,000","6,100,000","3,400,000","5,500,000","5,600,000","4,400,000","4,800,000","100,000","5,200,000","5,000,000","4,200,000","2,800,000"
BasicEPS,,"0.41","0.35","0.53","-0.27","0.4","0.28","-0.17","-0.12","0.39","0.64","0.7","0.79","0.84","-0.03","0.68","0.33",,"-0.46","0.55","0.52","-0.22","0.02","0.34","0.32","0.29","0.36","-0.02","0.35","0.1","0.39","0.53","0.34","0.49","0.34","0.36","0.36",,"0.49","0.42","0.44",,"0.44","0.35","0.14",,"-2.08","0.1","-0.04",,"-0.12","-0.14","-0.13",,"0.2","0.56","0.51",,"0.53","0.51","0.51",,"0.49","0.45","0.3",,"0.09","0.22","0.5",,"0.16","0.18","0.23",,"0.05","0.1","0.03",,"-0.17","0.07","0.24",,"-0.01","-0.09","-0.32",,"0.09","0.31","0.42",,"0.23","0.04","0.46",,"0.44","0.38","0.45",,"0.41","0.42","0.33",,"0.01","0.39","0.38",,"0.4"
DilutedEPS,,"0.41","0.34","0.53","-0.27","0.39","0.27","-0.17","-0.12","0.39","0.63","0.69","0.78","0.83","-0.03","0.67","0.33",,"-0.46","0.54","0.51","-0.22","0.02","0.33","0.32","0.29","0.36","-0.02","0.34","0.1","0.39","0.53","0.34","0.48","0.33","0.36","0.35",,"0.49","0.42","0.43",,"0.44","0.34","0.14",,"-2.08","0.1","-0.04",,"-0.12","-0.14","-0.13",,"0.2","0.55","0.5",,"0.52","0.49","0.5",,"0.48","0.44","0.29",,"0.08","0.21","0.49",,"0.16","0.18","0.23",,"0.05","0.1","0.03",,"-0.17","0.07","0.24",,"-0.01","-0.09","-0.32",,"0.09","0.31","0.42",,"0.23","0.04","0.45",,"0.44","0.38","0.45",,"0.41","0.42","0.33",,"0.01","0.39","0.38",,"0.4"
BasicAverageShares,,"28,507,000","28,469,000","28,418,000","26,762,000","23,977,000","23,928,000","23,883,000","23,802,000","23,735,000","23,679,000","23,631,000","23,431,000","23,368,000","23,348,000","23,272,000","23,115,000",,"23,007,000","22,746,000","22,580,000","21,809,000","20,239,000","20,202,000","20,135,000","20,108,000","20,104,000","20,086,000","20,022,000","19,983,000","19,974,000","19,950,000","19,850,000","19,755,000","19,691,000","19,655,000","19,520,000",,"19,451,000","19,419,000","19,347,000",,"19,313,000","19,274,000","19,173,000",,"19,082,000","19,052,000","19,013,000",,"18,980,000","18,961,000","18,915,000",,"18,876,000","18,857,000","18,819,000",,"18,856,604","18,535,294","18,666,667",,"18,624,490","18,475,556","18,573,333",,"15,700,000","14,831,818","14,644,000",,"15,031,250","14,411,111","14,617,391",,"14,100,000","15,000,000","16,633,333",,"14,547,059","14,500,000","14,579,167",,"19,069,048","14,565,625","14,565,625",,"11,573,611","10,922,581","14,287,000",,"14,347,826","12,500,000","13,913,043",,"12,954,545","13,421,053","13,555,556",,"13,414,634","13,333,333","13,333,333",,"10,000,000","7,578,000","7,578,000",,"7,000,000"
DilutedAverageShares,,"28,845,000","28,840,000","28,756,000","26,762,000","24,384,000","24,201,000","23,883,000","23,802,000","23,938,000","24,031,000","23,926,000","23,777,000","23,714,000","23,348,000","23,721,000","23,610,000",,"23,007,000","23,142,000","23,028,000","21,809,000","20,490,000","20,368,000","20,266,000","20,254,000","20,295,000","20,086,000","20,229,000","20,266,000","20,232,000","20,187,000","20,095,000","20,075,000","20,019,000","19,959,000","19,779,000",,"19,697,000","19,581,000","19,507,000",,"19,488,000","19,471,000","19,524,000",,"19,082,000","19,232,000","19,013,000",,"18,980,000","18,961,000","18,915,000",,"19,064,000","19,198,000","19,221,000",,"19,219,231","19,291,837","19,040,000",,"19,012,500","18,895,455","19,213,793",,"17,662,500","15,538,095","14,942,857",,"15,031,250","14,411,111","14,617,391",,"14,100,000","15,000,000","16,633,333",,"14,547,059","14,500,000","14,579,167",,"19,069,048","14,565,625","14,565,625",,"11,573,611","10,922,581","14,287,000",,"14,347,826","12,500,000","14,222,222",,"12,954,545","13,421,053","13,555,556",,"13,414,634","13,333,333","13,333,333",,"10,000,000","7,578,000","7,578,000",,"7,000,000"
TotalOperatingIncomeAsReported,"73,781,000","24,059,000","15,316,000","23,660,000","10,746,000","14,199,000","10,447,000","15,820,000","1,789,000","16,664,000","20,886,000","25,231,000","27,043,000","24,468,000","6,646,000","24,825,000","13,503,000","16,324,000","14,173,000","19,587,000","20,015,000","-3,164,000","5,317,000","12,619,000","11,201,000","11,809,000","10,958,000","6,512,000","11,291,000","12,892,000","12,615,000","16,134,000","13,006,000","17,528,000","11,101,000","12,286,000","13,436,000","14,481,000","14,189,000","12,920,000","12,782,000","13,617,000","12,000,000","12,314,000","7,213,000","9,301,000","2,950,000","5,185,000","1,136,000","-26,000","-2,543,000","543,000","-1,786,000","-100,621,000","14,889,000","18,778,000","20,395,000","14,571,000","19,162,000","19,148,000","18,267,000","19,676,000","14,896,000","16,104,000","17,780,000","17,766,000","13,114,000","13,267,000","14,622,000","10,157,000","9,456,000","9,896,000","11,156,000","9,783,000","5,651,000","7,167,000","7,266,000","-641,000","8,008,000","8,539,000","9,474,000","28,027,000","9,228,000","8,371,000","3,084,000","17,439,000","13,672,000","18,680,000","20,378,000","18,442,000","16,100,000","12,400,000","20,800,000","25,800,000","19,800,000","18,900,000","20,300,000","20,400,000","15,600,000","16,700,000","15,100,000","16,100,000","11,200,000","8,900,000","8,700,000",,
TotalExpenses,"832,774,000","229,309,000","200,772,000","199,975,000","202,718,000","172,036,000","156,100,000","141,970,000","137,281,000","172,822,000","178,469,000","182,371,000","185,500,000","193,243,000","195,219,000","192,317,000","200,389,000","197,816,000","194,552,000","193,241,000","183,711,000","185,727,000","147,180,000","139,306,000","137,812,000","143,279,000","148,780,000","139,529,000","124,945,000","136,037,000","128,176,000","130,857,000","129,926,000","142,947,000","133,971,000","126,566,000","125,455,000","130,072,000","139,036,000","133,552,000","140,231,000","145,955,000","132,217,000","137,549,000","132,117,000","134,416,000","125,596,000","126,780,000","116,501,000","118,625,000","117,898,000","111,997,000","114,956,000","128,633,000","149,197,000","135,747,000","130,769,000","153,762,000","135,885,000","131,793,000","129,567,000","136,798,000","127,020,000","128,531,000","128,910,000","128,041,000","120,125,000","121,234,000","126,229,000","133,811,000","116,266,000","112,631,000","110,469,000","111,807,000","104,327,000","98,843,000","98,508,000","116,591,000","98,536,000","104,699,000","104,417,000","-33,236,000","128,525,000","162,479,000","163,981,000","129,836,000","161,406,000","170,314,000","168,000,000","180,012,000","158,100,000","169,600,000","160,800,000","198,700,000","151,900,000","149,700,000","150,200,000","117,900,000","108,500,000","107,200,000","109,300,000","109,700,000","92,200,000","55,500,000","57,000,000",,
NetIncomeFromContinuingAndDiscontinuedOperation,"29,660,000","11,826,000","9,894,000","15,203,000","-7,263,000","9,585,000","6,594,000","-4,104,000","-2,969,000","9,244,000","15,250,000","16,599,000","18,579,000","19,741,000","-782,000","15,912,000","7,706,000","8,466,000","-10,565,000","12,508,000","11,656,000","-4,738,000","505,000","6,816,000","6,401,000","5,889,000","7,227,000","-448,000","6,911,000","1,997,000","7,861,000","10,599,000","6,733,000","9,615,000","6,664,000","7,122,000","7,020,000","52,029,000","9,579,000","8,252,000","8,436,000","8,997,000","8,515,000","6,676,000","2,779,000","2,543,000","-39,639,000","1,868,000","-722,000","460,000","-2,344,000","-2,731,000","-2,398,000","-102,504,000","3,813,000","10,637,000","9,670,000","8,382,000","9,994,000","9,453,000","9,520,000","11,073,000","9,126,000","8,314,000","5,572,000","47,798,000","1,413,000","3,263,000","7,322,000","8,349,000","2,405,000","2,594,000","3,362,000","-1,511,000","705,000","1,500,000","499,000","-8,052,000","-2,473,000","1,015,000","3,499,000","-129,281,000","-92,000","-1,332,000","-4,661,000","3,589,000","1,296,000","4,388,000","5,946,000","6,880,000","3,300,000","500,000","6,400,000","10,500,000","5,700,000","5,100,000","6,100,000","7,900,000","5,500,000","5,600,000","4,400,000","4,900,000","3,200,000","5,200,000","5,000,000","4,200,000","2,800,000"
NormalizedIncome,"42,251,201","12,552,792.547","10,286,400","15,460,540","3,478,516.564","9,229,513.565","6,691,370","-4,064,400","-3,358,470","8,626,473.962","15,058,600","16,205,320","18,155,460","19,002,185.816","10,611,110","16,220,880","16,256,360","9,107,224.512","-10,409,600","12,527,780","11,862,980","-3,133,600","1,472,200","6,615,800","5,878,400","6,113,095.867","7,495,320","201,800","6,704,420","9,248,714.783","7,268,870","10,098,140","6,568,850","9,156,775.617","6,940,320","7,066,110","7,027,000","51,560,350","9,524,710","7,944,026.585","7,663,312.261","8,981,085.971","5,806,860.328","6,001,762.795","2,782,361.151","3,534,800","-39,650,000","1,717,450","48,250","2,705,300","-1,597,686.946","-1,276,950","998,500","-32,934,950","7,942,023.878","10,120,769.751","11,081,233.616","9,076,583.622","9,354,500","9,119,044.151","8,786,468.345","10,659,999.167","6,792,959.523","7,176,368.17","7,818,600","48,396,000","3,754,000","4,375,346.96","6,484,261.76","6,110,800","1,824,751.037","2,080,553.242","3,403,922.249","-4,272,200","870,000","1,032,600","-1,164,091.57","-7,377,187.5","-1,839,284.32","1,015,000","3,499,000","1,550,200","-95,600","-895,800","2,691,469.665","3,589,000","1,296,000","4,388,000","5,946,000","6,880,000","3,300,000","980,000","6,280,000","10,075,144.509","5,580,000","4,920,000","5,860,000","7,420,000","5,260,000","5,420,000","4,220,000","4,720,000","2,900,000","5,080,000","4,880,000","4,200,000","2,800,000"
InterestIncome,,,,,,,,,,,,,,,,,,,,,,,,,,,,,,,,,,,,,,,,,,,,,,,"317,000","435,000","268,000",,,,"360,000",,,,,,,,,,,,,,,,,,,,,,,,,,,,,,,,,,,,,,,,,,,,,,,,,,,,,,
InterestExpense,"20,126,000","5,352,000","4,375,000","4,587,000","5,812,000","2,889,000","2,986,000","3,018,000","3,188,000","3,200,000","3,423,000","3,759,000","3,852,000","3,959,000","4,330,000","4,248,000","4,607,000","4,661,000","4,864,000","5,067,000","5,141,000","3,568,000","2,299,000","2,525,000","2,574,000","2,691,000","2,425,000","1,632,000","1,156,000","2,413,000","3,344,000","3,264,000","3,369,000","3,354,000","3,395,000","3,372,000","3,371,000","3,339,000","3,413,000","3,505,000","3,499,000","3,563,000","3,590,000","3,557,000","3,504,000","3,647,000","3,281,000","3,371,000","3,233,000","3,224,000","3,257,000","3,407,000","3,337,000",,,,,,,,,,,,,,,,,,,,,,,,,,,,,,,,,,,,,,,,,,,,,,,,,,,,,,
NetInterestIncome,"-20,126,000","-5,352,000","-4,375,000","-4,587,000","-5,812,000","-2,889,000","-2,986,000","-3,018,000","-3,188,000","-3,200,000","-3,423,000","-3,759,000","-3,852,000","-3,959,000","-4,330,000","-4,248,000","-4,607,000","-4,661,000","-4,864,000","-5,067,000","-5,141,000","-3,568,000","-2,299,000","-2,525,000","-2,574,000","-2,691,000","-2,425,000","-1,632,000","-1,156,000","-2,413,000","-3,344,000","-3,264,000","-3,369,000","-3,354,000","-3,395,000","-3,372,000","-3,371,000","-3,339,000","-3,413,000","-3,505,000","-3,499,000","-3,563,000","-3,590,000","-3,557,000","-3,504,000","-3,647,000","-3,281,000","-2,936,000","-2,965,000","-3,224,000","-3,257,000","-3,407,000","-2,977,000",,,,,,,,,,,,,,,,,,,,,,,,,,,,,,,,,,,,,,,,,,,,,,,,,,,,,,
EBIT,"58,572,000","23,332,000","15,335,000","23,873,000","-3,968,000","13,836,000","10,196,000","-1,131,000","-744,000","17,391,000","20,907,000","25,499,000","27,593,000","24,560,000","6,659,000","24,736,000","14,087,000","15,725,000","14,176,000","19,625,000","19,892,000","-4,858,000","3,815,000","12,975,000","12,061,000","11,547,000","10,835,000","5,537,000","11,609,000","4,713,000","13,565,000","16,699,000","13,428,000","18,315,000","10,934,000","13,628,000","13,337,000","15,190,000","14,185,000","13,285,000","13,718,000","12,915,000","13,771,000","12,701,000","7,638,000","7,676,000","2,920,000","6,328,000","1,673,000","483,000","-129,000","1,000,000","-1,018,000","-100,160,000","15,879,000","18,933,000","20,395,000","14,856,000","19,311,000","19,617,000","18,543,000","20,087,000","15,024,000","15,694,000","17,784,000","19,055,000","13,197,000","13,478,000","14,648,000","10,659,000","9,647,000","10,080,000","11,189,000","9,372,000","5,926,000","7,741,000","8,067,000","2,216,000","8,848,000","8,539,000","9,474,000","28,035,000","9,222,000","9,098,000","11,924,000","45,686,000","13,672,000","18,680,000","20,378,000","18,442,000","16,100,000","12,400,000","20,800,000","25,800,000","19,800,000","18,900,000","20,300,000","20,400,000","15,600,000","16,700,000","15,100,000","16,100,000","11,200,000","8,900,000","8,700,000","-115,900,000","53,300,000"
EBITDA,"100,496,000"
ReconciledCostOfRevenue,"574,184,000","163,849,000","137,009,000","138,283,000","135,043,000","118,371,000","107,381,000","97,828,000","90,307,000","119,376,000","127,468,000","129,998,000","132,950,000","136,318,000","139,810,000","136,966,000","140,416,000","134,280,000","134,470,000","136,034,000","129,477,000","128,711,000","103,674,000","98,034,000","96,715,000","101,784,000","107,735,000","95,541,000","89,273,000","100,045,000","94,645,000","96,802,000","94,248,000","106,879,000","99,311,000","91,786,000","92,867,000","97,846,000","107,026,000","101,448,000","106,578,000","112,636,000","101,734,000","108,404,000","101,665,000","104,195,000","97,196,000","98,738,000","88,612,000","88,546,000","89,851,000","84,422,000","86,811,000","97,852,000","117,697,000","106,930,000","100,361,000","118,092,000","106,306,000","102,822,000","101,878,000","110,059,000","101,130,000","102,981,000","101,369,000","103,645,000","95,071,000","96,053,000","101,744,000","106,491,000","93,443,000","90,517,000","87,959,000","83,179,000","83,171,000","78,955,000","78,084,000","89,488,000","78,454,000","83,963,000","83,524,000","-25,758,000","102,630,000","135,338,000","137,733,000","127,677,000","132,431,000","140,971,000","138,038,000","191,326,000","127,600,000","139,100,000","131,300,000","157,600,000","125,900,000","123,400,000","124,200,000","94,900,000","86,500,000","85,900,000","87,000,000","85,700,000","71,700,000","44,000,000","44,500,000",,
ReconciledDepreciation,"41,924,000","10,679,000","10,276,000","10,502,000","10,467,000","6,950,000","6,993,000","7,129,000","7,081,000","7,135,000","7,244,000","7,344,000","7,403,000","7,912,000","7,901,000","8,030,000","8,832,000","9,263,000","9,118,000","9,095,000","8,660,000","7,467,000","5,767,000","5,927,000","6,001,000","6,659,000","5,351,000","4,549,000","3,972,000","3,957,000","3,288,000","3,609,000","3,708,000","3,814,000","3,242,000","3,332,000","2,992,000","2,999,000","2,895,000","3,111,000","3,110,000","3,253,000","2,898,000","2,737,000","2,974,000","2,793,000","2,601,000","2,767,000","2,889,000","3,259,000","2,785,000","3,239,000","3,207,000","3,644,000","3,009,000","2,207,000","2,305,000","2,606,000","2,245,000","2,575,000","2,372,000","2,201,000","2,335,000","2,271,000","3,085,000","2,526,000","3,381,000","3,562,000","2,652,000","3,545,000","2,549,000","2,327,000","2,325,000","8,760,000","2,604,000","2,640,000","2,735,000","6,333,000","2,768,000","2,836,000","2,866,000","814,000","7,123,000","7,278,000","7,247,000","6,930,000","7,127,000","7,050,000","7,140,000","6,836,000","7,300,000","7,200,000","7,200,000","7,500,000","6,600,000","6,600,000","6,600,000","4,900,000","4,700,000","4,700,000","4,800,000","4,500,000","3,500,000","1,700,000","1,600,000",,
NetIncomeFromContinuingOperationNetMinorityInterest,"29,660,000","11,826,000","9,894,000","15,203,000","-7,263,000","9,585,000","6,594,000","-4,104,000","-2,969,000","9,244,000","15,250,000","16,599,000","18,579,000","19,741,000","-782,000","15,912,000","7,706,000","8,466,000","-10,565,000","12,508,000","11,656,000","-4,738,000","505,000","6,816,000","6,401,000","5,889,000","7,227,000","-448,000","6,911,000","1,997,000","7,861,000","10,599,000","6,733,000","9,615,000","6,664,000","7,122,000","7,020,000","52,029,000","9,579,000","8,252,000","8,436,000","8,354,000","8,515,000","6,267,000","2,779,000","2,408,000","-39,767,000","1,735,000","-722,000","195,000","-2,477,000","-2,731,000","-2,531,000","-102,873,000","4,498,000","10,507,000","11,766,000","8,242,000","9,855,000","9,314,000","9,381,000","10,934,000","8,918,000","8,096,000","5,433,000","47,745,000","1,198,000","3,049,000","7,108,000","8,134,000","2,191,000","2,380,000","3,362,000","-1,511,000","705,000","1,500,000","499,000","-8,052,000","-2,473,000","1,015,000","3,499,000","67,000","-92,000","-1,332,000","-4,661,000","3,589,000","1,296,000","4,388,000","5,946,000","6,880,000","3,300,000","500,000","6,400,000","10,500,000","5,700,000","5,100,000","6,100,000","7,900,000","5,500,000","5,600,000","4,400,000","4,900,000","3,200,000","5,200,000","5,000,000","4,200,000","2,800,000"
TotalUnusualItemsExcludingGoodwill,"-16,331,000","-1,105,000","-436,000","-326,000","-14,464,000","406,000","-107,000","-40,000","493,000","948,000","220,000","518,000","543,000","771,000","-15,607,000","-396,000","-10,556,000","-838,000","-259,000","-23,000","-262,000","-2,674,000","-1,612,000","308,000","780,000","-337,000","-312,000","-1,083,000","313,000","-8,352,000","769,000","634,000","245,000","713,000","-314,000","81,000","-10,000","721,000","61,000","365,000","936,000","-702,000","3,238,000","387,000","-5,000","-1,878,000","-180,000","27,000","-1,185,000","-3,862,000","-1,202,000","-2,237,000","-5,430,000","-107,597,000","-5,323,000","603,000","1,063,000","-1,286,000","770,000","311,000","972,000","421,000","3,438,000","1,476,000","-3,976,000","-1,085,000","-4,260,000","-2,075,000","763,000","3,372,000","564,000","423,000","-51,000","4,602,000","-275,000","779,000","2,293,000","-708,000","-840,000",,,"-2,472,000","6,000","-727,000","-8,840,000",,,,,,,"-800,000","200,000","700,000","200,000","300,000","400,000","800,000","400,000","300,000","300,000","300,000","500,000","200,000","200,000",,
TotalUnusualItems,"-16,331,000","-1,105,000","-436,000","-326,000","-14,464,000","406,000","-107,000","-40,000","493,000","948,000","220,000","518,000","543,000","771,000","-15,607,000","-396,000","-10,556,000","-838,000","-259,000","-23,000","-262,000","-2,674,000","-1,612,000","308,000","780,000","-337,000","-312,000","-1,083,000","313,000","-8,352,000","769,000","634,000","245,000","713,000","-314,000","81,000","-10,000","721,000","61,000","365,000","936,000","-702,000","3,238,000","387,000","-5,000","-1,878,000","-180,000","27,000","-1,185,000","-3,862,000","-1,202,000","-2,237,000","-5,430,000","-107,597,000","-5,323,000","603,000","1,063,000","-1,286,000","770,000","311,000","972,000","421,000","3,438,000","1,476,000","-3,976,000","-1,085,000","-4,260,000","-2,075,000","763,000","3,372,000","564,000","423,000","-51,000","4,602,000","-275,000","779,000","2,293,000","-708,000","-840,000",,,"-2,472,000","6,000","-727,000","-8,840,000",,,,,,,"-800,000","200,000","700,000","200,000","300,000","400,000","800,000","400,000","300,000","300,000","300,000","500,000","200,000","200,000",,
NormalizedEBITDA,"116,827,000","35,116,000","26,047,000","34,701,000","20,963,000","20,380,000","17,296,000","6,038,000","5,844,000","23,578,000","27,931,000","32,325,000","34,453,000","31,701,000","30,167,000","33,162,000","33,475,000","25,826,000","23,553,000","28,743,000","28,814,000","5,283,000","11,194,000","18,594,000","17,282,000","18,543,000","16,498,000","11,169,000","15,268,000","17,022,000","16,084,000","19,674,000","16,891,000","21,416,000","14,490,000","16,879,000","16,339,000","17,468,000","17,019,000","16,031,000","15,892,000","16,870,000","13,431,000","15,051,000","10,617,000","12,347,000","5,701,000","9,068,000","5,747,000","7,604,000","3,858,000","6,476,000","7,619,000","11,081,000","24,211,000","20,537,000","21,637,000","18,748,000","20,786,000","21,881,000","19,943,000","21,867,000","13,921,000","16,489,000","24,845,000","22,666,000","20,838,000","19,115,000","16,537,000","10,832,000","11,632,000","11,984,000","13,565,000","13,530,000","8,805,000","9,602,000","8,509,000","9,257,000","12,456,000","11,375,000","12,340,000","31,321,000","16,339,000","17,103,000","28,011,000","68,599,000","20,989,000","25,730,000","27,518,000","25,278,000","23,400,000","20,400,000","27,800,000","32,600,000","26,200,000","25,200,000","26,500,000","24,500,000","19,900,000","21,100,000","19,600,000","20,300,000","14,200,000","10,400,000","10,100,000","-115,900,000","53,300,000"
TaxRateForCalcs,"0.229","0.342","0.1","0.21","0.257","0.124","0.09","0.01","0.21","0.349","0.13","0.24","0.22","0.042","0.27","0.22","0.19","0.235","0.4","0.14","0.21","0.4","0.4","0.35","0.33","0.335","0.14","0.4","0.34","0.132","0.23","0.21","0.33","0.357","0.12","0.31","0.3","0.35","0.11","0.156","0.174","0.107","0.164","0.315","0.328","0.4","0.35","0.35","0.35","0.35","0.268","0.35","0.35","0.35","0.353","0.359","0.356","0.351","0.35","0.373","0.388","0.349","0.382","0.377","0.4","0.4","0.4","0.361","0.183","0.4","0.351","0.292","0.178","0.4","0.4","0.4","0.275","0.047","0.246","0.348","0.385","0.4","0.4","0.4","0.168","0.4","0.4","0.4","0.4","0.336","0.4","0.4","0.4","0.393","0.4","0.4","0.4","0.4","0.4","0.4","0.4","0.4","0.4","0.4","0.4","0.4","0.4"
TaxEffectOfUnusualItems,"-3,739,799","-378,207.453","-43,600","-68,460","-3,722,483.436","50,513.565","-9,630","-400","103,530","330,473.962","28,600","124,320","119,460","32,185.816","-4,213,890","-87,120","-2,005,640","-196,775.488","-103,600","-3,220","-55,020","-1,069,600","-644,800","107,800","257,400","-112,904.133","-43,680","-433,200","106,420","-1,100,285.217","176,870","133,140","80,850","254,775.617","-37,680","25,110","-3,000","252,350","6,710","57,026.585","163,312.261","-74,914.029","529,860.328","121,762.795","-1,638.849","-751,200","-63,000","9,450","-414,750","-1,351,700","-322,686.946","-782,950","-1,900,500","-37,658,950","-1,878,976.122","216,769.751","378,233.616","-451,416.378","269,500","116,044.151","377,468.345","146,999.167","1,312,959.523","556,368.17","-1,590,400","-434,000","-1,704,000","-748,653.04","139,261.76","1,348,800","197,751.037","123,553.242","-9,077.751","1,840,800","-110,000","311,600","629,908.43","-33,187.5","-206,284.32","0","0","-988,800","2,400","-290,800","-1,487,530.335","0","0","0","0","0","0","-320,000","80,000","275,144.509","80,000","120,000","160,000","320,000","160,000","120,000","120,000","120,000","200,000","80,000","80,000","0","0"