name,ttm,03/31/2022,12/31/2021,09/30/2021,06/30/2021,03/31/2021,12/31/2020,09/30/2020,06/30/2020,03/31/2020,12/31/2019,09/30/2019,06/30/2019,03/31/2019,12/31/2018,09/30/2018,06/30/2018,03/31/2018,12/31/2017,09/30/2017,06/30/2017,03/31/2017,12/31/2016,09/30/2016,06/30/2016,03/31/2016,12/31/2015,09/30/2015,06/30/2015,03/31/2015
TotalRevenue,"4,079,000,000","967,000,000","1,048,000,000","1,038,000,000","1,026,000,000","1,028,000,000","1,055,000,000","1,041,000,000","1,016,000,000","1,051,000,000","1,099,000,000","1,098,000,000","1,112,000,000","1,158,000,000","1,282,000,000","1,304,000,000","1,387,000,000","1,420,000,000","1,493,000,000","1,480,000,000","1,496,000,000","1,553,000,000","1,514,000,000","1,596,000,000","1,613,000,000","1,685,000,000","1,730,000,000","1,571,000,000","1,683,000,000","1,678,000,000"
	OperatingRevenue,"4,079,000,000","967,000,000","1,048,000,000","1,038,000,000","1,026,000,000","1,028,000,000","1,055,000,000","1,041,000,000","1,016,000,000","1,051,000,000","1,099,000,000","1,098,000,000","1,112,000,000","1,158,000,000","1,282,000,000","1,304,000,000","1,387,000,000","1,420,000,000","1,493,000,000","1,480,000,000","1,496,000,000","1,553,000,000","1,514,000,000","1,596,000,000","1,613,000,000","1,685,000,000","1,730,000,000","1,571,000,000","1,683,000,000","1,678,000,000"
CostOfRevenue,"3,106,000,000","755,000,000","803,000,000","776,000,000","772,000,000","787,000,000","803,000,000","779,000,000","795,000,000","832,000,000","850,000,000","859,000,000","879,000,000","906,000,000","835,000,000","1,054,000,000","1,125,000,000","1,168,000,000","1,211,000,000","1,219,000,000","1,253,000,000","1,294,000,000","1,391,000,000","1,328,000,000","1,358,000,000","1,421,000,000","1,443,000,000","1,682,000,000","1,432,000,000","1,420,000,000"
GrossProfit,"973,000,000","212,000,000","245,000,000","262,000,000","254,000,000","241,000,000","252,000,000","262,000,000","221,000,000","219,000,000","249,000,000","239,000,000","233,000,000","252,000,000","447,000,000","250,000,000","262,000,000","252,000,000","282,000,000","261,000,000","243,000,000","259,000,000","123,000,000","268,000,000","255,000,000","264,000,000","287,000,000","-111,000,000","251,000,000","258,000,000"
OperatingExpense,"844,000,000","165,000,000","250,000,000","217,000,000","212,000,000","221,000,000","234,000,000","234,000,000","226,000,000","234,000,000","238,000,000","228,000,000","235,000,000","245,000,000","406,000,000","205,000,000","212,000,000","208,000,000","212,000,000","208,000,000","217,000,000","234,000,000","255,000,000","234,000,000","240,000,000","268,000,000","253,000,000","244,000,000","252,000,000","252,000,000"
	SellingGeneralAndAdministration,"520,000,000","102,000,000","162,000,000","131,000,000","125,000,000","126,000,000","119,000,000","122,000,000","111,000,000","116,000,000","119,000,000","112,000,000","121,000,000","127,000,000","124,000,000","142,000,000","149,000,000","145,000,000","149,000,000","144,000,000","153,000,000","169,000,000","169,000,000","164,000,000","170,000,000","183,000,000","177,000,000","170,000,000","173,000,000","179,000,000"
	ResearchAndDevelopment,"5,000,000","1,000,000","1,000,000","2,000,000","1,000,000","0","0","0","0","1,000,000","2,000,000","1,000,000","2,000,000","3,000,000","3,000,000","3,000,000","3,000,000","2,000,000","2,000,000","4,000,000","3,000,000","4,000,000","6,000,000","7,000,000","8,000,000","10,000,000","13,000,000","12,000,000","15,000,000","12,000,000"
	DepreciationAmortizationDepletionIncomeStatement,"318,000,000","61,000,000","87,000,000","84,000,000","86,000,000","95,000,000","115,000,000","112,000,000","115,000,000","117,000,000","117,000,000","115,000,000","112,000,000","115,000,000","279,000,000","60,000,000","60,000,000","61,000,000","61,000,000","60,000,000","61,000,000","61,000,000","80,000,000","63,000,000","62,000,000","75,000,000","63,000,000","62,000,000","64,000,000","61,000,000"
		DepreciationAndAmortizationInIncomeStatement,"318,000,000","61,000,000","87,000,000","84,000,000","86,000,000","95,000,000","115,000,000","112,000,000","115,000,000","117,000,000","117,000,000","115,000,000","112,000,000","115,000,000","279,000,000","60,000,000","60,000,000","61,000,000","61,000,000","60,000,000","61,000,000","61,000,000","80,000,000","63,000,000","62,000,000","75,000,000","63,000,000","62,000,000","64,000,000","61,000,000"
			Amortization,,,,,,,,,,,,,,,,"60,000,000","60,000,000","61,000,000","61,000,000","60,000,000","61,000,000","61,000,000","80,000,000","63,000,000","62,000,000","75,000,000","63,000,000","62,000,000","64,000,000","61,000,000"
				AmortizationOfIntangiblesIncomeStatement,,,,,,,,,,,,,,,,"60,000,000","60,000,000","61,000,000","61,000,000","60,000,000","61,000,000","61,000,000","80,000,000","63,000,000","62,000,000","75,000,000","63,000,000","62,000,000","64,000,000","61,000,000"
	OtherOperatingExpenses,,"1,000,000",,,,,,,,,,,,,,,,,,,,,,,,,,,,
OperatingIncome,"129,000,000","47,000,000","-5,000,000","45,000,000","42,000,000","20,000,000","18,000,000","28,000,000","-5,000,000","-15,000,000","11,000,000","11,000,000","-2,000,000","7,000,000","41,000,000","45,000,000","50,000,000","44,000,000","70,000,000","53,000,000","26,000,000","25,000,000","-132,000,000","34,000,000","15,000,000","-4,000,000","34,000,000","-355,000,000","-1,000,000","6,000,000"
NetNonOperatingInterestIncomeExpense,"-61,000,000","-19,000,000","-17,000,000","-12,000,000","-13,000,000","-13,000,000","-14,000,000","-14,000,000","-15,000,000","-17,000,000","-18,000,000","-20,000,000","-20,000,000","-20,000,000","-20,000,000","-22,000,000","-37,000,000","-33,000,000","-32,000,000","-35,000,000","-34,000,000","-36,000,000","-7,000,000","-11,000,000","-11,000,000","-11,000,000","-4,000,000","-15,000,000","-11,000,000","-25,000,000"
	InterestIncomeNonOperating,,,,,,,,,,,,,,,,,,,,,,,"4,000,000",,,,,,,
	InterestExpenseNonOperating,"61,000,000","19,000,000","17,000,000","12,000,000","13,000,000","13,000,000","14,000,000","14,000,000","15,000,000","17,000,000","18,000,000","20,000,000","20,000,000","20,000,000","20,000,000","22,000,000","37,000,000","33,000,000","32,000,000","35,000,000","34,000,000","36,000,000","7,000,000","11,000,000","11,000,000","11,000,000","4,000,000","15,000,000","11,000,000","25,000,000"
OtherIncomeExpense,"126,000,000","182,000,000","-32,000,000","-14,000,000","-10,000,000","-16,000,000","-15,000,000","-27,000,000","-44,000,000","-19,000,000","-628,000,000","-5,000,000","-1,097,000,000","-325,000,000","-164,000,000","-275,000,000","41,000,000","-65,000,000","-34,000,000","-5,000,000","-3,000,000","-11,000,000","-1,002,000,000","-21,000,000","-38,000,000","-39,000,000","-22,000,000","-20,000,000","-160,000,000","-1,000,000"
	GainOnSaleOfSecurity,,,,,,,,,,,,,,,,,,,,,"-2,000,000","-2,000,000","-1,000,000","1,000,000","1,000,000","1,000,000",,"-1,000,000",,"-2,000,000"
	SpecialIncomeCharges,"132,000,000","182,000,000","-30,000,000","-10,000,000","-10,000,000","-16,000,000","-14,000,000","-28,000,000","-45,000,000","-17,000,000","-630,000,000","-13,000,000","-1,096,000,000","-326,000,000","-160,000,000","-271,000,000","39,000,000","-66,000,000","-28,000,000","-8,000,000","-3,000,000","-24,000,000","-1,017,000,000","-25,000,000","-45,000,000","-35,000,000","10,000,000","-15,000,000","-150,000,000","-1,000,000"
		RestructuringAndMergernAcquisition,"41,000,000","9,000,000","14,000,000","10,000,000","8,000,000","13,000,000","11,000,000","20,000,000","29,000,000","7,000,000","21,000,000","8,000,000","26,000,000","16,000,000","13,000,000","31,000,000","17,000,000","20,000,000","25,000,000","22,000,000","36,000,000","18,000,000","44,000,000","8,000,000","23,000,000","26,000,000","-1,000,000","9,000,000","148,000,000","3,000,000"
		ImpairmentOfCapitalAssets,,,,,,,"0","0","0","0","601,000,000","0","1,067,000,000","284,000,000",,,,,"0",,,,"935,000,000",,,,,,,
		OtherSpecialCharges,"-11,000,000","-28,000,000","14,000,000",,"3,000,000","1,000,000","0",,"14,000,000","6,000,000","2,000,000","2,000,000","1,000,000","12,000,000","114,000,000","186,000,000","4,000,000","31,000,000",,,"-9,000,000","1,000,000","25,000,000","4,000,000","5,000,000","6,000,000",,"6,000,000",,
		GainOnSaleOfBusiness,"162,000,000","163,000,000","-2,000,000","0","1,000,000","-2,000,000","-3,000,000","-8,000,000","-2,000,000","-4,000,000","-6,000,000","-3,000,000","-2,000,000","-14,000,000","-33,000,000","-54,000,000","60,000,000","-15,000,000","-4,000,000","-2,000,000","0","-5,000,000","-13,000,000","-13,000,000","-17,000,000","-3,000,000",,"0","-2,000,000","2,000,000"
		GainOnSaleOfPPE,,,,,,,,,,,,,,,,,,,"1,000,000","16,000,000","24,000,000",,,,"0",,,,,
	OtherNonOperatingIncomeExpenses,,,"-2,000,000","-4,000,000",,,"-1,000,000","1,000,000","1,000,000","-2,000,000","2,000,000","8,000,000","-1,000,000","1,000,000","-4,000,000","-4,000,000","2,000,000","1,000,000","-6,000,000","3,000,000","2,000,000","15,000,000","16,000,000","3,000,000","6,000,000","-5,000,000","-35,000,000","-4,000,000","-12,000,000","2,000,000"
PretaxIncome,"194,000,000","210,000,000","-54,000,000","19,000,000","19,000,000","-9,000,000","-11,000,000","-13,000,000","-64,000,000","-51,000,000","-635,000,000","-14,000,000","-1,119,000,000","-338,000,000","-143,000,000","-252,000,000","54,000,000","-54,000,000","4,000,000","13,000,000","-11,000,000","-22,000,000","-1,141,000,000","2,000,000","-34,000,000","-54,000,000","8,000,000","-390,000,000","-172,000,000","-20,000,000"
TaxProvision,"75,000,000","74,000,000","-14,000,000","8,000,000","7,000,000","2,000,000","0","-6,000,000","-13,000,000","-2,000,000","-54,000,000","2,000,000","-90,000,000","-30,000,000","-3,000,000","-15,000,000","43,000,000","-4,000,000","-204,000,000","30,000,000","-7,000,000","-12,000,000","-190,000,000","1,000,000","-24,000,000","-25,000,000","-1,000,000","-154,000,000","-69,000,000","-14,000,000"
NetIncomeCommonStockholders,"109,000,000","134,000,000","-43,000,000","9,000,000","9,000,000","-13,000,000","-14,000,000","-9,000,000","-54,000,000","-51,000,000","-584,000,000","-18,000,000","-1,032,000,000","-310,000,000","-143,000,000","-239,000,000","8,000,000","-52,000,000","205,000,000","-19,000,000","-7,000,000","-8,000,000","-951,000,000","1,000,000","-10,000,000","-29,000,000","19,000,000","-239,000,000","-198,000,000","28,000,000"
	NetIncome,"119,000,000","136,000,000","-40,000,000","11,000,000","12,000,000","-11,000,000","-11,000,000","-7,000,000","-51,000,000","-49,000,000","-581,000,000","-16,000,000","-1,029,000,000","-308,000,000","-140,000,000","-237,000,000","11,000,000","-50,000,000","208,000,000","-17,000,000","-4,000,000","-6,000,000","-951,000,000","1,000,000","-10,000,000","-29,000,000","-5,000,000","-239,000,000","-198,000,000","28,000,000"
		NetIncomeIncludingNoncontrollingInterests,"119,000,000","136,000,000","-40,000,000","11,000,000","12,000,000","-11,000,000","-11,000,000","-7,000,000","-51,000,000","-49,000,000","-581,000,000","-16,000,000","-1,029,000,000","-308,000,000","-140,000,000","-237,000,000","11,000,000","-50,000,000","208,000,000","-17,000,000","-4,000,000","-6,000,000","-951,000,000","1,000,000","-10,000,000","-29,000,000","-5,000,000","-239,000,000","-198,000,000","28,000,000"
			NetIncomeContinuousOperations,"119,000,000","136,000,000","-40,000,000","11,000,000","12,000,000","-11,000,000","-11,000,000","-7,000,000","-51,000,000","-49,000,000","-581,000,000","-16,000,000","-1,029,000,000","-308,000,000","-140,000,000","-237,000,000","11,000,000","-50,000,000","208,000,000","-17,000,000","-4,000,000","-10,000,000","-951,000,000","1,000,000","-10,000,000","-29,000,000","9,000,000","-236,000,000","-103,000,000","-6,000,000"
			NetIncomeDiscontinuousOperations,"0",,,,,,,,,,,,,,"0","0","0","0","0","0","0","4,000,000","0","0","0","0","-14,000,000","-3,000,000","-95,000,000","34,000,000"
	PreferredStockDividends,"10,000,000","2,000,000","3,000,000","2,000,000","3,000,000","2,000,000","3,000,000","2,000,000","3,000,000","2,000,000","3,000,000","2,000,000","3,000,000","2,000,000","3,000,000","2,000,000","3,000,000","2,000,000","3,000,000","2,000,000","3,000,000","2,000,000",,,,,,,,
AverageDilutionEarnings,,"2,000,000",,,,,,,,,,,,,,,,,,,,,,,,,,,,
DilutedNIAvailtoComStockholders,"111,000,000","136,000,000","-43,000,000","9,000,000","9,000,000","-13,000,000","-14,000,000","-9,000,000","-54,000,000","-51,000,000","-584,000,000","-18,000,000","-1,032,000,000","-310,000,000","-143,000,000","-239,000,000","8,000,000","-52,000,000","205,000,000","-19,000,000","-7,000,000","-8,000,000","-951,000,000","1,000,000","-10,000,000","-29,000,000","19,000,000","-239,000,000","-198,000,000","28,000,000"
BasicEPS,,"0.62","-0.2","0.04","0.05","-0.06","-0.07","-0.04","-0.25","-0.24","-2.76","-0.09","-4.94","-1.49","-0.69","-1.16","0.05","-0.26","1","-0.09","-0.03","-0.04","-4.69","0.005","-0.049","-0.143",,"-1.179",,"0.138"
DilutedEPS,,"0.61","-0.2","0.04","0.04","-0.06","-0.07","-0.04","-0.25","-0.24","-2.76","-0.09","-4.94","-1.49","-0.69","-1.16","0.04","-0.26","0.98","-0.09","-0.03","-0.04","-4.69","0.005","-0.049","-0.143",,"-1.179",,"0.138"
BasicAverageShares,,"215,503,000","200,000,000","212,633,000","212,450,000","212,250,000","157,142,857","175,000,000","204,000,000","204,166,667","210,507,246","177,777,778","208,496,000","206,711,409","207,000,000","204,310,345","205,296,000","205,093,000","205,000,000","204,356,000","203,673,000","150,000,000","202,771,855","202,795,510","202,633,000","202,633,000",,"202,633,000",,"202,633,000"
DilutedAverageShares,,"223,890,000","200,000,000","219,817,000","220,165,000","212,250,000","157,142,857","209,244,000","204,000,000","204,166,667","210,507,246","177,777,778","208,496,000","207,944,000","207,000,000","204,310,345","208,889,000","205,093,000","212,244,898","204,356,000","203,673,000","150,000,000","202,771,855","202,795,510","202,633,000","202,633,000",,"202,633,000",,"202,633,000"
TotalExpenses,"3,950,000,000","920,000,000","1,053,000,000","993,000,000","984,000,000","1,008,000,000","1,037,000,000","1,013,000,000","1,021,000,000","1,066,000,000","1,088,000,000","1,087,000,000","1,114,000,000","1,151,000,000","1,241,000,000","1,259,000,000","1,337,000,000","1,376,000,000","1,423,000,000","1,427,000,000","1,470,000,000","1,528,000,000","1,646,000,000","1,562,000,000","1,598,000,000","1,689,000,000","1,696,000,000","1,926,000,000","1,684,000,000","1,672,000,000"
NetIncomeFromContinuingAndDiscontinuedOperation,"119,000,000","136,000,000","-40,000,000","11,000,000","12,000,000","-11,000,000","-11,000,000","-7,000,000","-51,000,000","-49,000,000","-581,000,000","-16,000,000","-1,029,000,000","-308,000,000","-140,000,000","-237,000,000","11,000,000","-50,000,000","208,000,000","-17,000,000","-4,000,000","-6,000,000","-951,000,000","1,000,000","-10,000,000","-29,000,000","-5,000,000","-239,000,000","-198,000,000","28,000,000"
NormalizedIncome,"38,030,927.835","18,064,000","-17,777,777.778","17,170,000","18,180,000","680,000","3,000,000","13,440,000","-15,135,000","-32,663,000","-4,574,803.15","-6,510,000","-20,680,000","-11,014,000","16,643,356.643","17,740,000","-17,470,000","11,116,000","224,800,000","-12,200,000","-1,000,000","5,600,000","-102,517,966.696","15,400,000","16,400,000","-8,600,000","1,200,000","-226,317,948.718","-14,200,000","-4,200,000"
InterestIncome,,,,,,,,,,,,,,,,,,,,,,,"4,000,000",,,,,,,
InterestExpense,"61,000,000","19,000,000","17,000,000","12,000,000","13,000,000","13,000,000","14,000,000","14,000,000","15,000,000","17,000,000","18,000,000","20,000,000","20,000,000","20,000,000","20,000,000","22,000,000","37,000,000","33,000,000","32,000,000","35,000,000","34,000,000","36,000,000","7,000,000","11,000,000","11,000,000","11,000,000","4,000,000","15,000,000","11,000,000","25,000,000"
NetInterestIncome,"-61,000,000","-19,000,000","-17,000,000","-12,000,000","-13,000,000","-13,000,000","-14,000,000","-14,000,000","-15,000,000","-17,000,000","-18,000,000","-20,000,000","-20,000,000","-20,000,000","-20,000,000","-22,000,000","-37,000,000","-33,000,000","-32,000,000","-35,000,000","-34,000,000","-36,000,000","-7,000,000","-11,000,000","-11,000,000","-11,000,000","-4,000,000","-15,000,000","-11,000,000","-25,000,000"
EBIT,"255,000,000","229,000,000","-37,000,000","31,000,000","32,000,000","4,000,000","3,000,000","1,000,000","-49,000,000","-34,000,000","-617,000,000","6,000,000","-1,099,000,000","-318,000,000","-123,000,000","-230,000,000","91,000,000","-21,000,000","36,000,000","48,000,000","23,000,000","14,000,000","-1,134,000,000","13,000,000","-23,000,000","-43,000,000","12,000,000","-375,000,000","-161,000,000","5,000,000"
EBITDA,"573,000,000"
ReconciledCostOfRevenue,"3,106,000,000","755,000,000","803,000,000","776,000,000","772,000,000","787,000,000","803,000,000","779,000,000","795,000,000","832,000,000","850,000,000","859,000,000","879,000,000","906,000,000","1,001,000,000","1,001,000,000","1,068,000,000","1,112,000,000","1,153,000,000","1,156,000,000","1,184,000,000","1,230,000,000","1,275,000,000","1,256,000,000","1,286,000,000","1,348,000,000","1,372,000,000","1,574,000,000","1,346,000,000","1,335,000,000"
ReconciledDepreciation,"318,000,000","61,000,000","87,000,000","84,000,000","86,000,000","95,000,000","115,000,000","112,000,000","115,000,000","117,000,000","117,000,000","115,000,000","112,000,000","115,000,000","113,000,000","113,000,000","117,000,000","117,000,000","119,000,000","123,000,000","130,000,000","125,000,000","196,000,000","135,000,000","134,000,000","148,000,000","134,000,000","170,000,000","150,000,000","146,000,000"
NetIncomeFromContinuingOperationNetMinorityInterest,"119,000,000","136,000,000","-40,000,000","11,000,000","12,000,000","-11,000,000","-11,000,000","-7,000,000","-51,000,000","-49,000,000","-581,000,000","-16,000,000","-1,029,000,000","-308,000,000","-140,000,000","-237,000,000","11,000,000","-50,000,000","208,000,000","-17,000,000","-4,000,000","-10,000,000","-951,000,000","1,000,000","-10,000,000","-29,000,000","9,000,000","-236,000,000","-103,000,000","-6,000,000"
TotalUnusualItemsExcludingGoodwill,"132,000,000","182,000,000","-30,000,000","-10,000,000","-10,000,000","-16,000,000","-14,000,000","-28,000,000","-45,000,000","-17,000,000","-630,000,000","-13,000,000","-1,096,000,000","-326,000,000","-160,000,000","-271,000,000","39,000,000","-66,000,000","-28,000,000","-8,000,000","-5,000,000","-26,000,000","-1,018,000,000","-24,000,000","-44,000,000","-34,000,000","13,000,000","-16,000,000","-148,000,000","-3,000,000"
TotalUnusualItems,"132,000,000","182,000,000","-30,000,000","-10,000,000","-10,000,000","-16,000,000","-14,000,000","-28,000,000","-45,000,000","-17,000,000","-630,000,000","-13,000,000","-1,096,000,000","-326,000,000","-160,000,000","-271,000,000","39,000,000","-66,000,000","-28,000,000","-8,000,000","-5,000,000","-26,000,000","-1,018,000,000","-24,000,000","-44,000,000","-34,000,000","13,000,000","-16,000,000","-148,000,000","-3,000,000"
NormalizedEBITDA,"441,000,000","108,000,000","80,000,000","125,000,000","128,000,000","115,000,000","132,000,000","141,000,000","111,000,000","100,000,000","130,000,000","134,000,000","109,000,000","123,000,000","316,000,000","154,000,000","169,000,000","162,000,000","183,000,000","179,000,000","158,000,000","165,000,000","80,000,000","172,000,000","155,000,000","139,000,000","133,000,000","-189,000,000","137,000,000","154,000,000"
TaxRateForCalcs,"0.387","0.352","0.259","0.383","0.382","0.27","0","0.27","0.203","0.039","0.085","0.27","0.08","0.089","0.021","0.06","0.27","0.074","0.4","0.4","0.4","0.4","0.167","0.4","0.4","0.4","0.4","0.395","0.4","0.4"
TaxEffectOfUnusualItems,"51,030,927.835","64,064,000","-7,777,777.778","-3,830,000","-3,820,000","-4,320,000","0","-7,560,000","-9,135,000","-663,000","-53,574,803.15","-3,510,000","-87,680,000","-29,014,000","-3,356,643.357","-16,260,000","10,530,000","-4,884,000","-11,200,000","-3,200,000","-2,000,000","-10,400,000","-169,517,966.696","-9,600,000","-17,600,000","-13,600,000","5,200,000","-6,317,948.718","-59,200,000","-1,200,000"