name,ttm,03/31/2022,12/31/2021,09/30/2021,06/30/2021,03/31/2021,12/31/2020,09/30/2020,06/30/2020,03/31/2020,12/31/2019,09/30/2019,06/30/2019,03/31/2019,12/31/2018,09/30/2018,06/30/2018,03/31/2018,12/31/2017,09/30/2017,06/30/2017,03/31/2017,12/31/2016,09/30/2016,06/30/2016,03/31/2016,12/31/2015,09/30/2015,06/30/2015,03/31/2015,12/31/2014,09/30/2014,06/30/2014,03/31/2014,12/31/2013,09/30/2013,06/30/2013,03/31/2013,12/31/2012,09/30/2012,06/30/2012,03/31/2012,12/31/2011,09/30/2011,06/30/2011,03/31/2011,12/31/2010,09/30/2010,06/30/2010,03/31/2010,12/31/2009,09/30/2009,06/30/2009,03/31/2009,12/31/2008,09/30/2008,06/30/2008,03/31/2008,12/31/2007,09/30/2007,06/30/2007,03/31/2007,12/31/2006,09/30/2006,06/30/2006,03/31/2006,12/31/2005,09/30/2005,06/30/2005,03/31/2005,12/31/2004,09/30/2004,06/30/2004,03/31/2004,12/31/2003,09/30/2003,06/30/2003,03/31/2003,12/31/2002,09/30/2002,06/30/2002,03/31/2002,12/31/2001,09/30/2001,06/30/2001,03/31/2001,12/31/2000,09/30/2000,06/30/2000,03/31/2000,12/31/1999,09/30/1999,06/30/1999,03/31/1999,12/31/1998,09/30/1998,06/30/1998,03/31/1998,12/31/1997,09/30/1997,06/30/1997,03/31/1997,12/31/1996,09/30/1996,06/30/1996,03/31/1996,12/31/1995,09/30/1995,06/30/1995,03/31/1995,12/31/1994,09/30/1994,06/30/1994,03/31/1994,12/31/1993,09/30/1993,06/30/1993,03/31/1993,12/31/1992,09/30/1992,06/30/1992,03/31/1992,12/31/1991,09/30/1991,06/30/1991,03/31/1991,12/31/1990,09/30/1990,06/30/1990,03/31/1990,12/31/1989,09/30/1989,06/30/1989,03/31/1989,12/31/1988,09/30/1988,06/30/1988,03/31/1988,12/31/1987,09/30/1987,06/30/1987,03/31/1987,12/31/1986,09/30/1986,06/30/1986,03/31/1986
TotalRevenue,"1,020,285,000","242,327,000","273,970,000","248,827,000","255,161,000","232,677,000","252,828,000","237,835,000","157,785,000","214,010,000","264,865,000","233,590,000","238,263,000","218,378,000","242,443,000","202,307,000","212,820,000","202,064,000","222,555,000","190,117,000","197,154,000","186,567,000","204,094,000","184,792,000","193,433,000","181,201,000","191,017,000","169,184,000","181,027,000","177,940,000","193,467,000","173,627,000","186,781,000","180,592,000","201,906,000","177,828,000","191,587,000","185,434,000","201,244,000","181,885,000","189,695,000","194,316,000","185,577,000","172,814,000","183,236,000","183,450,000","184,077,000","172,195,000","181,086,000","176,365,000","190,633,000","175,475,000","164,569,000","164,062,000","179,246,000","179,409,000","192,755,000","190,773,000","189,568,000","164,448,000","169,258,000","171,014,000","169,892,000","154,981,000","163,473,000","158,466,000","153,200,000","149,970,000","158,276,000","155,859,000","161,223,000","132,289,000","130,912,000","133,964,000","133,809,000","120,747,000","124,540,000","118,034,000","115,256,000","113,332,000","111,269,000","113,205,000","113,324,000","105,318,000","104,171,000","105,909,000","101,409,000","91,922,000","96,986,000","101,913,000","99,500,000","91,700,000","90,500,000","90,900,000","89,900,000","85,700,000","80,500,000","80,200,000","37,500,000","38,600,000","30,700,000","31,500,000","33,200,000","31,400,000","31,800,000","29,200,000","27,700,000","26,300,000","25,900,000","19,800,000","18,500,000","17,300,000","17,500,000","17,800,000","17,800,000","14,900,000","10,300,000","10,600,000","10,900,000","10,100,000","11,100,000","10,500,000","10,600,000","9,800,000","9,700,000","8,500,000","7,500,000","7,900,000","8,000,000","8,000,000","6,600,000","5,100,000","4,400,000","3,900,000","3,600,000","3,700,000","3,300,000","3,600,000","3,500,000","3,100,000","3,000,000","2,800,000","2,600,000","2,600,000","2,700,000","2,600,000"
	OperatingRevenue,"1,020,285,000","242,327,000","273,970,000","248,827,000","255,161,000","232,677,000","252,828,000","237,835,000","157,785,000","214,010,000","264,865,000","233,590,000","238,263,000","218,378,000","242,443,000","202,307,000","212,820,000","202,064,000","222,555,000","190,117,000","197,154,000","186,567,000","204,094,000","184,792,000","193,433,000","181,201,000","191,017,000","169,184,000","181,027,000","177,940,000","195,003,000","174,961,000","188,150,000","181,941,000","203,442,000","179,255,000","192,993,000","187,014,000","201,244,000","181,885,000","189,695,000","194,316,000","185,577,000","172,814,000","183,236,000","183,450,000","184,077,000","172,195,000","181,086,000","176,365,000","190,633,000","175,475,000","164,569,000","164,062,000","179,246,000","179,409,000","192,755,000","190,773,000","189,568,000","164,448,000","169,258,000","171,014,000","169,892,000","154,981,000","163,473,000","158,466,000","153,200,000","149,970,000","158,276,000","155,859,000","161,223,000","132,289,000","130,912,000","133,964,000","133,809,000","120,747,000","124,540,000","118,034,000","115,256,000","113,332,000","111,269,000","113,205,000","113,324,000","105,318,000","104,171,000","105,909,000","101,409,000","91,922,000","96,986,000","101,913,000","99,500,000","91,700,000","90,500,000","90,900,000","89,900,000","85,700,000","80,500,000","80,200,000","37,500,000","38,600,000","30,700,000","31,500,000","33,200,000","31,400,000","31,800,000","29,200,000","27,700,000","26,300,000","25,900,000","19,800,000","18,500,000","17,300,000","17,500,000","17,800,000","17,800,000","14,900,000","10,300,000","10,600,000","10,900,000","10,100,000","11,100,000","10,500,000","10,600,000","9,800,000","9,700,000","8,500,000","7,500,000","7,900,000","8,000,000","8,000,000","6,600,000","5,100,000","4,400,000","3,900,000","3,600,000","3,700,000","3,300,000","3,600,000","3,500,000","3,100,000","3,000,000","2,800,000","2,600,000","2,600,000","2,700,000","2,600,000"
	ExciseTaxes,,,,,,,,,,,,,,,,,,,,,,,,,,,,,,,"1,536,000","1,334,000","1,369,000","1,349,000","1,536,000","1,427,000","1,406,000","1,580,000",,,,,,,,,,,,,,,,,,,,,,,,,,,,,,,,,,,,,,,,,,,,,,,,,,,,,,,,,,,,,,,,,,,,,,,,,,,,,,,,,,,,,,,,,,,,,,,,,,,,,,,,,,,,
CostOfRevenue,"444,707,000","106,336,000","118,114,000","106,521,000","113,737,000","104,228,000","117,314,000","104,137,000","85,856,000","94,851,000","122,890,000","103,479,000","107,073,000","96,940,000","109,788,000","91,680,000","96,549,000","92,507,000","98,598,000","87,570,000","92,502,000","86,682,000","97,135,000","83,583,000","91,011,000","83,461,000","88,641,000","75,638,000","87,529,000","85,658,000","90,970,000","78,547,000","87,122,000","79,359,000","92,047,000","83,831,000","90,077,000","84,332,000","93,957,000","83,972,000","89,963,000","93,405,000","89,125,000","81,503,000","91,781,000","87,734,000","93,154,000","83,212,000","87,403,000","84,570,000","94,601,000","87,839,000","87,257,000","87,710,000","90,207,000","84,721,000","91,865,000","93,009,000","93,886,000","82,090,000","83,398,000","85,789,000","87,451,000","80,250,000","85,699,000","80,566,000","78,732,000","74,016,000","76,152,000","75,384,000","80,891,000","64,802,000","62,198,000","63,605,000","64,130,000","57,516,000","59,409,000","56,378,000","55,647,000","54,429,000","51,711,000","54,104,000","53,403,000","51,332,000","49,965,000","47,489,000","39,112,000","37,240,000","40,508,000","41,876,000","40,200,000","38,600,000","36,500,000","37,500,000","37,400,000","35,100,000","34,700,000","38,800,000","18,400,000","19,600,000","14,500,000","14,800,000","16,200,000","14,400,000","14,700,000","13,800,000","12,700,000","13,100,000","12,100,000","9,800,000","8,900,000","8,300,000","8,600,000","8,900,000","9,100,000","6,900,000","5,100,000","5,100,000","5,200,000","3,700,000","5,200,000","5,000,000","5,000,000","4,700,000","4,700,000","4,000,000","3,500,000","3,800,000","3,800,000","4,100,000","4,200,000","3,200,000",,,,,,,,,,,,,,
GrossProfit,"575,578,000","135,991,000","155,856,000","142,306,000","141,424,000","128,449,000","135,514,000","133,698,000","71,929,000","119,159,000","141,975,000","130,111,000","131,190,000","121,438,000","132,655,000","110,627,000","116,271,000","109,557,000","123,957,000","102,547,000","104,652,000","99,885,000","106,959,000","101,209,000","102,422,000","97,740,000","102,376,000","93,546,000","93,498,000","92,282,000","102,497,000","95,080,000","99,659,000","101,233,000","109,859,000","93,997,000","101,510,000","101,102,000","107,287,000","97,913,000","99,732,000","100,911,000","96,452,000","91,311,000","91,455,000","95,716,000","90,923,000","88,983,000","93,683,000","91,795,000","96,032,000","87,636,000","77,312,000","76,352,000","89,039,000","94,688,000","100,890,000","97,764,000","95,682,000","82,358,000","85,860,000","85,225,000","82,441,000","74,731,000","77,774,000","77,900,000","74,468,000","75,954,000","82,124,000","80,475,000","80,332,000","67,487,000","68,714,000","70,359,000","69,679,000","63,231,000","65,131,000","61,656,000","59,609,000","58,903,000","59,558,000","59,101,000","59,921,000","53,986,000","54,206,000","58,420,000","62,297,000","54,682,000","56,478,000","60,037,000","59,300,000","53,100,000","54,000,000","53,400,000","52,500,000","50,600,000","45,800,000","41,400,000","19,100,000","19,000,000","16,200,000","16,700,000","17,000,000","17,000,000","17,100,000","15,400,000","15,000,000","13,200,000","13,800,000","10,000,000","9,600,000","9,000,000","8,900,000","8,900,000","8,700,000","8,000,000","5,200,000","5,500,000","5,700,000","6,400,000","5,900,000","5,500,000","5,600,000","5,100,000","5,000,000","4,500,000","4,000,000","4,100,000","4,200,000","3,900,000","2,400,000","1,900,000",,,,,,,,,,,,,,
OperatingExpense,"463,499,000","113,547,000","118,640,000","115,595,000","115,717,000","108,367,000","110,813,000","104,316,000","93,175,000","105,987,000","114,095,000","109,172,000","112,532,000","109,801,000","106,832,000","99,105,000","99,589,000","92,279,000","100,781,000","89,077,000","91,869,000","102,379,000","94,353,000","87,362,000","94,738,000","94,201,000","89,409,000","78,708,000","81,082,000","81,328,000","83,465,000","81,236,000","82,309,000","81,441,000","92,683,000","83,717,000","85,331,000","85,023,000","87,522,000","83,799,000","82,674,000","83,889,000","77,777,000","75,371,000","74,757,000","78,453,000","77,371,000","73,781,000","78,905,000","78,234,000","85,146,000","82,634,000","72,277,000","69,006,000","75,015,000","77,145,000","78,238,000","76,724,000","71,913,000","65,442,000","66,972,000","61,985,000","121,553,000","63,481,000","66,243,000","66,769,000","66,645,000","59,837,000","62,550,000","60,281,000","79,662,000","48,292,000","47,245,000","48,532,000","39,297,000","44,236,000","54,953,000","33,356,000","41,496,000","38,815,000","39,219,000","38,292,000","40,947,000","38,520,000","37,398,000","40,710,000","44,645,000","41,584,000","42,746,000","40,055,000","37,600,000","36,100,000","35,700,000","35,700,000","34,500,000","33,500,000","31,100,000","30,100,000","11,300,000","12,100,000","11,200,000","10,800,000","9,900,000","10,900,000","10,600,000","9,600,000","9,300,000","8,000,000","8,900,000","6,900,000","6,900,000","6,700,000","6,900,000","7,000,000","12,200,000","7,200,000","4,900,000","4,800,000","4,600,000","5,400,000","4,000,000","3,600,000","3,900,000","3,500,000","3,500,000","3,100,000","3,000,000","2,900,000","3,000,000","2,800,000","2,400,000","2,100,000",,,,,,,,,,,,,,
	SellingGeneralAndAdministration,"419,289,000","102,875,000","107,278,000","104,736,000","104,399,000","98,340,000","99,096,000","94,380,000","84,475,000","95,867,000","102,001,000","98,187,000","100,726,000","99,226,000","96,461,000","84,983,000","89,604,000","84,568,000","92,403,000","80,807,000","83,828,000","94,761,000","86,719,000","79,009,000","86,729,000","85,943,000","82,668,000","72,056,000","73,581,000","74,786,000","74,861,000","71,237,000","74,026,000","73,818,000","83,798,000","73,476,000","77,174,000","77,725,000","73,471,000","76,722,000","75,482,000","76,794,000","70,625,000","68,350,000","67,960,000","70,772,000","68,326,000","66,091,000","71,494,000","70,552,000","72,830,000","67,480,000","64,147,000","61,853,000","66,474,000","67,768,000","69,549,000","68,646,000","65,023,000","57,506,000","58,207,000","59,805,000","62,116,000","56,219,000","58,123,000","58,374,000","57,945,000","52,649,000","53,559,000","52,532,000","54,262,000","42,719,000","42,409,000","43,793,000","42,359,000","38,596,000","39,353,000","37,145,000","37,564,000","34,562,000","35,141,000","34,468,000","36,780,000","35,029,000","33,922,000","34,829,000","31,875,000","30,579,000","32,355,000","29,864,000","27,400,000","26,700,000","26,600,000","26,600,000","25,300,000","24,500,000","22,000,000","21,800,000","9,100,000","9,300,000","8,600,000","8,300,000","8,000,000","7,900,000","8,100,000","7,500,000","6,900,000","6,600,000","6,800,000","5,300,000","5,200,000","5,100,000","5,300,000","5,400,000","11,100,000","5,600,000","4,300,000","4,200,000","4,000,000","4,400,000","3,400,000","3,100,000","3,300,000","3,000,000","3,000,000","2,600,000","2,600,000","2,500,000","2,600,000","2,400,000","2,000,000","1,800,000",,,,,,,,,,,,,,
		GeneralAndAdministrativeExpense,,,,,,,,,,,"102,001,000","98,187,000","100,726,000","99,226,000","96,461,000","84,983,000","89,604,000","84,568,000","92,403,000","80,807,000","83,828,000","94,761,000","86,719,000","79,009,000","86,729,000","85,943,000","82,668,000","72,056,000","73,581,000","74,786,000","74,861,000","71,237,000","74,026,000","73,818,000","83,798,000","73,476,000","77,174,000","77,725,000","79,892,000",,,,,,,,,,,,,,,,,,,,,,,,,,,,,,,,,,,,,,,,,,,,,,,,,,,,,,,,,,,,,,,,,,,,,,,,,,,,,,,,,,,,,,,,,,,,,,,,,,,,,,,,,,,
			OtherGandA,,,,,,,,,,,"102,001,000","98,187,000","100,726,000","99,226,000","96,461,000","84,983,000","89,604,000","84,568,000","92,403,000","80,807,000","83,828,000","94,761,000","86,719,000","79,009,000","86,729,000","85,943,000","82,668,000","72,056,000","73,581,000","74,786,000","74,861,000","71,237,000","74,026,000","73,818,000","82,355,000","73,476,000","77,174,000","77,725,000","79,892,000",,,,,,,,,,,,,,,,,,,,,,,,,,,,,,,,,,,,,,,,,,,,,,,,,,,,,,,,,,,,,,,,,,,,,,,,,,,,,,,,,,,,,,,,,,,,,,,,,,,,,,,,,,,
	ResearchAndDevelopment,"44,210,000","10,672,000","11,362,000","10,859,000","11,318,000","10,027,000","11,717,000","9,936,000","8,700,000","10,120,000","12,094,000","10,985,000","11,806,000","10,575,000","10,371,000","14,122,000","9,985,000","7,711,000","8,378,000","8,270,000","8,041,000","7,618,000","7,634,000","8,353,000","8,009,000","8,258,000","6,741,000","6,652,000","7,501,000","6,542,000","7,105,000","6,910,000","6,854,000","6,910,000","6,438,000","7,108,000","6,591,000","5,694,000","6,850,000","7,077,000","7,192,000","7,095,000","7,152,000","7,021,000","6,797,000","7,681,000","8,130,000","7,399,000","6,441,000","7,682,000","8,247,000","7,705,000","7,396,000","8,489,000","7,673,000","8,668,000","8,689,000","8,078,000","7,417,000","7,936,000","7,453,000","7,594,000","8,130,000","7,262,000","7,498,000","7,825,000","6,836,000","6,409,000","6,375,000","5,849,000","5,924,000","4,706,000","4,836,000","4,739,000","4,738,000","4,487,000","4,378,000","3,703,000","3,932,000","4,253,000","4,078,000","3,824,000","4,167,000","3,491,000","3,476,000","3,696,000","3,783,000","4,109,000","3,572,000","3,406,000","3,300,000","3,000,000","2,800,000","3,000,000","3,400,000","3,000,000","2,900,000","2,700,000","700,000","800,000","800,000","800,000","800,000","900,000","700,000","700,000","700,000","800,000","700,000","700,000","700,000","600,000","600,000","500,000",,,,,,,,,,,,,,,,,,,,,,,,,,,,,,,,
	DepreciationAmortizationDepletionIncomeStatement,,,,,,,,,,,,,,,,,,,,,,,,,,,,,,,,,,,,,,,,,,,,,,,,,,,,,,,,,,,,,,,,,,,,,,,,,,,,,,,,,,,,,,"2,185,000","8,987,000","6,896,000","6,819,000","6,785,000","6,900,000","6,400,000","6,300,000","6,100,000","5,800,000","6,000,000","6,200,000","5,600,000","1,500,000","2,000,000","1,800,000","1,700,000","1,100,000","2,100,000","1,800,000","1,400,000","1,700,000","600,000","1,400,000","900,000","1,000,000","1,000,000","1,000,000","1,100,000","1,100,000","1,600,000","600,000","600,000","600,000","1,000,000","600,000","500,000","600,000","500,000","500,000","500,000","400,000","400,000","400,000","400,000","400,000","300,000",,,,,,,,,,,,,,
		DepreciationAndAmortizationInIncomeStatement,,,,,,,,,,,,,,,,,,,,,,,,,,,,,,,,,,,,,,,,,,,,,,,,,,,,,,,,,,,,,,,,,,,,,,,,,,,,,,,,,,,,,,"2,185,000","8,987,000","6,896,000","6,819,000","6,785,000","6,900,000","6,400,000","6,300,000","6,100,000","5,800,000","6,000,000","6,200,000","5,600,000","1,500,000","2,000,000","1,800,000","1,700,000","1,100,000","2,100,000","1,800,000","1,400,000","1,700,000","600,000","1,400,000","900,000","1,000,000","1,000,000","1,000,000","1,100,000","1,100,000","1,600,000","600,000","600,000","600,000","1,000,000","600,000","500,000","600,000","500,000","500,000","500,000","400,000","400,000","400,000","400,000","400,000","300,000",,,,,,,,,,,,,,
	OtherOperatingExpenses,,,,,,,,,,,,,,,,,,,,,,,,,,,,,,,"1,499,000","3,089,000","1,429,000","713,000","2,447,000","3,133,000","1,566,000","1,604,000","3,529,000",,"1,775,000",,,,"98,000","694,000","915,000","291,000","970,000",,"4,069,000","7,449,000","734,000","-1,336,000","868,000","709,000",,,"-527,000",,"1,312,000","-5,414,000","51,307,000",,"622,000","570,000","1,864,000","779,000","2,616,000","1,900,000","19,476,000","867,000",,,"-7,800,000","1,153,000","11,222,000","-7,492,000",,,,,,,,,,,,,,,,,,,,,,,,,,,,,,,,,,,,,,,,,,,,,,,,,,,,,,,,,,,,,,,,,,,,
OperatingIncome,"112,079,000","22,444,000","37,216,000","26,711,000","25,707,000","20,082,000","24,701,000","29,382,000","-21,246,000","13,172,000","27,880,000","20,939,000","18,658,000","11,637,000","25,823,000","11,522,000","16,682,000","17,278,000","23,176,000","13,470,000","12,783,000","-2,494,000","12,606,000","13,847,000","7,684,000","3,539,000","12,967,000","14,838,000","12,416,000","10,954,000","19,032,000","13,844,000","17,350,000","19,792,000","17,176,000","10,280,000","16,179,000","16,079,000","19,765,000","14,114,000","17,058,000","17,022,000","18,675,000","15,940,000","16,698,000","17,263,000","13,552,000","15,202,000","14,778,000","13,561,000","10,886,000","5,002,000","5,035,000","7,346,000","14,024,000","17,543,000","22,652,000","21,040,000","23,769,000","16,916,000","18,888,000","23,240,000","-39,112,000","11,250,000","11,531,000","11,131,000","7,823,000","16,117,000","19,574,000","20,194,000","670,000","19,195,000","21,469,000","21,827,000","30,382,000","18,995,000","10,178,000","28,300,000","18,113,000","20,088,000","20,339,000","20,809,000","18,974,000","15,466,000","16,808,000","17,710,000","17,652,000","13,098,000","13,732,000","19,982,000","21,700,000","17,000,000","18,300,000","17,700,000","18,000,000","17,100,000","14,700,000","11,300,000","7,800,000","6,900,000","5,000,000","5,900,000","7,100,000","6,100,000","6,500,000","5,800,000","5,700,000","5,200,000","4,900,000","3,100,000","2,700,000","2,300,000","2,000,000","1,900,000","-3,500,000","800,000","300,000","700,000","1,100,000","1,000,000","1,900,000","1,900,000","1,700,000","1,600,000","1,500,000","1,400,000","1,000,000","1,200,000","1,200,000","1,100,000","0","-200,000","4,400,000","3,900,000","-9,500,000","3,700,000","3,300,000","3,600,000","-7,200,000","3,100,000","3,000,000","2,800,000","-6,500,000","2,600,000","2,700,000","2,600,000"
NetNonOperatingInterestIncomeExpense,"-30,132,000","-4,998,000","-7,568,000","-8,145,000","-9,420,000","-10,351,000","-11,114,000","-11,943,000","-11,401,000","-9,592,000","-10,319,000","-11,174,000","-11,839,000","-9,369,000","-5,529,000","-5,214,000","-5,091,000","-4,818,000","-4,880,000","-4,806,000","-4,398,000","-4,119,000","-3,911,000","-3,861,000","-3,757,000","-3,830,000","-1,578,000","-1,504,000","-1,489,000","-1,460,000","-1,539,000","-1,540,000","-1,571,000","-1,461,000","-1,482,000","-1,382,000","-1,383,000","-1,366,000","-1,397,000","-1,345,000","-1,551,000","-1,437,000","-1,494,000","-1,670,000","-1,707,000","-1,805,000","-1,844,000","-1,749,000","-1,771,000","-1,749,000","-1,789,000","-2,042,000","-1,767,000","-1,488,000",,,,,,,,,,,,,,,,,,,,,,,,,,,,,,,,,,,,,,,,,,,,,,,,,,,,,,,,,,,,,,,,,,,,,,,,,,,,,,,,,,,,,,,,,,,,
	InterestExpenseNonOperating,"30,132,000","4,998,000","7,568,000","8,145,000","9,420,000","10,351,000","11,114,000","11,943,000","11,401,000","9,592,000","10,319,000","11,174,000","11,839,000","9,369,000","5,529,000","5,214,000","5,091,000","4,818,000","4,880,000","4,806,000","4,398,000","4,119,000","3,911,000","3,861,000","3,757,000","3,830,000","1,578,000","1,504,000","1,489,000","1,460,000","1,539,000","1,540,000","1,571,000","1,461,000","1,482,000","1,382,000","1,383,000","1,366,000","1,397,000","1,345,000","1,551,000","1,437,000","1,494,000","1,670,000","1,707,000","1,805,000","1,844,000","1,749,000","1,771,000","1,749,000","1,789,000","2,042,000","1,767,000","1,488,000",,,,,,,,,,,,,,,,,,,,,,,,,,,,,,,,,,,,,,,,,,,,,,,,,,,,,,,,,,,,,,,,,,,,,,,,,,,,,,,,,,,,,,,,,,,,
OtherIncomeExpense,,,"0","-1,127,000",,,"-89,000","-89,000","-89,000","-89,000","-321,000","-321,000","-321,000","-4,225,000",,,,,,,,,"0",,,"-2,942,000",,,,,"-1,943,000","-11,395,000","-1,410,000","-2,484,000","-995,000","-1,475,000","-527,000","-472,000",,,,,"-60,867,000","-1,131,000","-1,113,000","-1,094,000","-1,077,000","-1,059,000","-1,135,000","-1,052,000","-1,035,000","-1,018,000","1,013,000","2,128,000","5,085,000","-709,000",,,"-1,295,000",,"-1,312,000","5,414,000","-47,682,000","-2,066,000","-2,262,000","-570,000","-1,864,000","-779,000","-2,576,000","-1,900,000","-6,601,000","-14,567,000",,,"-278,000","-1,153,000","-11,222,000","7,492,000",,,,,,,,,,,,,,,,,,,,,"-34,900,000","100,000","400,000","-2,000,000",,"100,000","200,000",,,,,,,,,,,"-100,000",,,"100,000","100,000","100,000","100,000",,"100,000",,,,,,,"0",,,,,,,,,,,,,,,
	SpecialIncomeCharges,,,,,,,,,,,,,,,,,,,,,,,,,,,,,,,"-1,943,000","-11,395,000","-1,410,000","-2,484,000","-995,000","-1,475,000","-527,000","-472,000","-2,749,000","0","0","0","-60,867,000","-1,131,000","-1,113,000","-1,094,000","-1,077,000","-1,059,000","-1,135,000","-1,052,000","-1,035,000","-1,018,000","1,013,000","2,128,000","5,085,000","-709,000",,,"-1,295,000",,"-1,312,000","5,414,000","-47,682,000","-2,066,000","-2,262,000","-570,000","-1,864,000","-779,000","-2,576,000","-1,900,000","-6,601,000","-14,567,000",,,"-278,000","-1,153,000","-11,222,000","7,492,000",,,,,,,,,,,,,,,,,,,,,"-34,900,000","100,000","400,000","-2,000,000",,"100,000","200,000",,,,,,,,,,,"-100,000",,,"100,000","100,000","100,000","100,000",,"100,000",,,,,,,"0",,,,,,,,,,,,,,,
		RestructuringAndMergernAcquisition,,,,,,,,,,,,,,,,,,,,,,,,,,,,,,,"1,802,000","11,356,000",,,"0","0","0",,,,,,,,,,,,,,,,,,,,,,,,,,,"2,066,000","962,000",,,,,,,,,,,,,,,,,,,,,,,,,,,,,,,,,,,,,,,,,,,,,,,,,,,,,,,,,,,,,,,,,,,,,,,,,,,,,,,,,
		ImpairmentOfCapitalAssets,,,,,,,,,,,,,,,,,,,,,,,,,,,,,,,,,,,,,,,"0",,,,,,,,,,,,,,,,,,,,,,,,,,,,,,,,,,,,,,,,,,,,,,,,,,,,,,,,,,,,,,,,,,,,,,,,,,,,,,,,,,,,,,,,,,,,,,,,,,,,,,,,,,,
		OtherSpecialCharges,,,,,,,,,,,,,,,,,,,,,,,,,,,,,,,"141,000","39,000","1,410,000","2,484,000","995,000","1,475,000","527,000","472,000",,,,,,,,,,,,,,,,,,,,,,,,,,,"1,300,000",,,,,,,,,,,,,,,,,,,,,,,,,,,,,,,,,,,,,,,,,,,,,,,,,,,,,,,,,,,,,,,,,,,,,,,,,,,,,,,,,
	OtherNonOperatingIncomeExpenses,,,"0","-1,127,000",,,"-89,000","-89,000","-89,000","-89,000","-321,000","-321,000","-321,000","-4,225,000",,,,,,,,,"0",,,"-2,942,000",,,,,,,,,,,,,,,,,,,,,,,,,,,,,,,,,,,,,,,,,,,,,,,,,,,,,,,,,,,,,,,,,,,,,,,,,,,,,,,,,,,,,,,,,,,,,,,,,,,,,,,,,,,,,,,,,,,,,,,,
PretaxIncome,"80,820,000","17,446,000","29,648,000","17,439,000","16,287,000","9,731,000","13,498,000","17,350,000","-32,736,000","3,491,000","17,240,000","9,444,000","6,498,000","-1,957,000","20,294,000","6,308,000","11,591,000","12,460,000","18,296,000","8,664,000","8,385,000","-6,613,000","8,695,000","9,986,000","3,927,000","-3,233,000","11,389,000","13,334,000","10,927,000","9,494,000","15,550,000","909,000","14,369,000","15,847,000","14,699,000","7,423,000","14,269,000","14,241,000","15,619,000","12,769,000","15,507,000","15,585,000","-43,686,000","13,139,000","13,878,000","14,364,000","10,631,000","12,394,000","11,872,000","10,760,000","8,062,000","1,942,000","2,255,000","5,896,000","16,085,000","15,099,000","20,213,000","17,866,000","18,419,000","13,055,000","14,559,000","18,724,000","-40,104,000","4,222,000","5,216,000","6,265,000","3,609,000","12,083,000","16,043,000","16,435,000","9,824,000","2,306,000","18,911,000","18,521,000","18,664,000","15,166,000","4,317,000","22,762,000","12,348,000","14,323,000","13,984,000","14,181,000","11,959,000","7,836,000","8,960,000","9,379,000","8,843,000","4,264,000","5,494,000","11,577,000","13,400,000","8,800,000","10,500,000","9,900,000","10,100,000","9,200,000","7,100,000","3,900,000","-27,100,000","7,000,000","5,500,000","3,900,000","7,500,000","6,300,000","6,600,000","5,100,000","5,200,000","4,400,000","4,400,000","2,800,000","2,500,000","2,100,000","2,000,000","1,700,000","-3,600,000","600,000","300,000","700,000","1,200,000","1,100,000","1,800,000","1,900,000","1,700,000","1,700,000","1,400,000","1,200,000","900,000","900,000","1,000,000","900,000","-200,000","-300,000",,,,,,,,,,,,,,
TaxProvision,"13,163,000","2,471,000","5,204,000","2,491,000","2,997,000","-129,000","-10,642,000","10,500,000","-5,336,000","-2,436,000","2,306,000","2,474,000","803,000","-2,978,000","4,641,000","483,000","2,872,000","1,803,000","-28,400,000","1,467,000","2,246,000","-2,068,000","1,987,000","2,649,000","1,043,000","-968,000","3,537,000","4,461,000","3,466,000","3,182,000","4,211,000","-1,063,000","4,114,000","7,221,000","4,472,000","1,736,000","4,736,000","3,749,000","4,722,000","3,449,000","5,211,000","5,617,000","-18,552,000","4,928,000","5,198,000","5,369,000","3,668,000","3,636,000","4,566,000","3,441,000","3,107,000","654,000","846,000","1,411,000","5,508,000","4,580,000","7,758,000","6,856,000","6,585,000","4,700,000","5,214,000","6,802,000","-16,511,000","890,000","1,802,000","1,925,000","802,000","4,169,000","5,535,000","5,670,000","2,389,000","607,000","6,619,000","6,482,000","5,719,000","5,460,000","1,554,000","8,194,000","4,446,000","5,156,000","5,034,000","5,105,000","4,305,000","2,821,000","3,226,000","3,376,000","3,183,000","1,535,000","1,978,000","4,168,000","4,800,000","3,200,000","3,800,000","3,600,000","3,600,000","3,300,000","2,600,000","1,400,000","-9,500,000","2,500,000","2,000,000","1,400,000","2,700,000","2,300,000","2,400,000","1,800,000","1,800,000","1,500,000","1,600,000","1,000,000","900,000","700,000","700,000","600,000","-1,200,000","200,000","100,000","200,000","300,000","400,000","600,000","600,000","500,000","600,000","500,000","400,000","300,000","300,000","400,000","300,000","-100,000","-100,000",,,,,,,,,,,,,,
NetIncomeCommonStockholders,"67,657,000","14,975,000","24,444,000","14,948,000","13,290,000","9,860,000","24,140,000","6,850,000","-27,400,000","5,927,000","14,934,000","6,970,000","5,695,000","1,021,000","15,653,000","5,825,000","8,719,000","10,657,000","46,696,000","7,197,000","6,139,000","-4,545,000","6,708,000","7,337,000","2,884,000","-2,265,000","7,852,000","8,873,000","7,461,000","6,312,000","11,339,000","1,972,000","10,255,000","8,626,000","10,227,000","5,687,000","9,533,000","10,492,000","10,897,000","9,320,000","10,296,000","9,968,000","-25,134,000","8,211,000","8,680,000","8,995,000","6,963,000","8,758,000","7,306,000","7,319,000","4,955,000","1,288,000","1,409,000","4,485,000","10,577,000","10,519,000","12,455,000","11,010,000","11,834,000","8,355,000","9,345,000","11,922,000","-23,593,000","3,332,000","3,414,000","4,340,000","2,807,000","7,914,000","10,508,000","10,765,000","7,435,000","1,699,000","12,292,000","12,039,000","12,945,000","9,706,000","2,763,000","14,568,000","7,902,000","8,223,000","8,950,000","9,076,000","7,654,000","5,015,000","5,734,000","6,003,000","5,660,000","2,729,000","3,516,000","7,409,000","8,600,000","5,600,000","6,700,000","6,300,000","6,500,000","5,900,000","4,500,000","900,000","-17,600,000","4,500,000","3,500,000","2,500,000","4,800,000","4,000,000","4,200,000","3,300,000","3,400,000","2,900,000","2,800,000","1,800,000","1,600,000","1,400,000","1,300,000","1,100,000","-2,400,000","400,000","200,000","500,000","900,000","700,000","1,200,000","1,300,000","1,200,000","1,100,000","900,000","800,000","600,000","600,000","600,000","600,000","-500,000","-200,000",,,,,,,,,,,,,,
	NetIncome,"67,657,000","14,975,000","24,444,000","14,948,000","13,290,000","9,860,000","24,140,000","6,850,000","-27,400,000","5,927,000","14,934,000","6,970,000","5,695,000","1,021,000","15,653,000","5,825,000","8,719,000","10,657,000","46,696,000","7,197,000","6,139,000","-4,545,000","6,708,000","7,337,000","2,884,000","-2,265,000","7,852,000","8,873,000","7,461,000","6,312,000","11,339,000","1,972,000","10,255,000","8,626,000","10,227,000","5,687,000","9,533,000","10,492,000","10,897,000","9,320,000","10,296,000","9,968,000","-25,134,000","8,211,000","8,680,000","8,995,000","6,963,000","8,758,000","7,306,000","7,319,000","4,955,000","1,288,000","1,409,000","4,485,000","10,577,000","10,519,000","12,455,000","11,010,000","11,834,000","8,355,000","9,345,000","11,922,000","-23,593,000","3,332,000","3,414,000","4,340,000","2,807,000","7,914,000","10,508,000","10,765,000","7,435,000","1,699,000","12,292,000","12,039,000","12,945,000","9,706,000","2,763,000","14,568,000","7,902,000","8,223,000","8,950,000","9,076,000","7,654,000","5,015,000","5,734,000","6,003,000","5,660,000","2,729,000","3,516,000","7,409,000","8,600,000","5,600,000","6,700,000","6,300,000","6,500,000","5,900,000","4,500,000","900,000","-17,600,000","4,500,000","3,500,000","2,500,000","4,800,000","4,000,000","4,200,000","3,300,000","3,400,000","2,900,000","2,800,000","1,800,000","1,600,000","1,400,000","1,300,000","1,100,000","-2,400,000","400,000","200,000","500,000","900,000","700,000","1,200,000","1,300,000","1,200,000","1,100,000","900,000","800,000","600,000","600,000","600,000","600,000","-500,000","-200,000",,,,,,,,,,,,,,
		NetIncomeIncludingNoncontrollingInterests,"67,657,000","14,975,000","24,444,000","14,948,000","13,290,000","9,860,000","24,140,000","6,850,000","-27,400,000","5,927,000","14,934,000","6,970,000","5,695,000","1,021,000","15,653,000","5,825,000","8,719,000","10,657,000","46,696,000","7,197,000","6,139,000","-4,545,000","6,708,000","7,337,000","2,884,000","-2,265,000","7,852,000","8,873,000","7,461,000","6,312,000","11,339,000","1,972,000","10,255,000","8,626,000","10,227,000","5,687,000","9,533,000","10,492,000","10,897,000","9,320,000","10,296,000","9,968,000","-25,134,000","8,211,000","8,680,000","8,995,000","6,963,000","8,758,000","7,306,000","7,319,000","4,955,000","1,288,000","1,409,000","4,485,000","10,577,000","10,519,000","12,455,000","11,010,000","11,834,000","8,355,000","9,345,000","11,922,000","-23,593,000","3,332,000","3,414,000","4,340,000","2,807,000","7,914,000","10,508,000","10,765,000","7,435,000","1,699,000","12,292,000","12,039,000","12,945,000","9,706,000","2,763,000","14,568,000","7,902,000","8,223,000","8,950,000","9,076,000","7,654,000","5,015,000","5,734,000","6,003,000","5,660,000","2,729,000","3,516,000","7,409,000","8,600,000","5,600,000","6,700,000","6,300,000","6,500,000","5,900,000","4,500,000","900,000","-17,600,000","4,500,000","3,500,000","2,500,000","4,800,000","4,000,000","4,200,000","3,300,000","3,400,000","2,900,000","2,800,000","1,800,000","1,600,000","1,400,000","1,300,000","1,100,000","-2,400,000","400,000","200,000","500,000","900,000","700,000","1,200,000","1,300,000","1,200,000","1,100,000","900,000","800,000","600,000","600,000","600,000","600,000","-500,000","-200,000","300,000","200,000","100,000","200,000","200,000","300,000","300,000","300,000","300,000","200,000","100,000","200,000","200,000","100,000"
			NetIncomeContinuousOperations,"67,657,000","14,975,000","24,444,000","14,948,000","13,290,000","9,860,000","24,140,000","6,850,000","-27,400,000","5,927,000","14,934,000","6,970,000","5,695,000","1,021,000","15,653,000","5,825,000","8,719,000","10,657,000","46,696,000","7,197,000","6,139,000","-4,545,000","6,708,000","7,337,000","2,884,000","-2,265,000","7,852,000","8,873,000","7,461,000","6,312,000","11,339,000","1,972,000","10,255,000","8,626,000","10,227,000","5,687,000","9,533,000","10,492,000","10,897,000","9,320,000","10,296,000","9,968,000","-25,134,000","8,211,000","8,680,000","8,995,000","6,963,000","8,758,000","7,306,000","7,319,000","4,955,000","1,288,000","1,409,000","4,485,000","10,577,000","10,519,000","12,455,000","11,010,000","11,834,000","8,355,000","9,345,000","11,922,000","-23,593,000","3,332,000","3,414,000","4,340,000","2,807,000","7,914,000","10,508,000","10,765,000","7,435,000","1,699,000","12,292,000","12,039,000","12,945,000","9,706,000","2,763,000","14,568,000","7,902,000","9,167,000","8,950,000","9,076,000","7,654,000","5,015,000","5,734,000","6,003,000","5,660,000","2,729,000","3,516,000","7,409,000","8,600,000","5,600,000","6,700,000","6,300,000","6,500,000","5,900,000","4,500,000","2,500,000","-17,600,000","4,500,000","3,500,000","2,500,000","4,800,000","4,000,000","4,200,000","3,300,000","3,400,000","2,900,000","2,800,000","1,800,000","1,600,000","1,400,000","1,300,000","1,100,000","-2,400,000","400,000","200,000","500,000","900,000","700,000","1,200,000","1,300,000","1,200,000","1,100,000","900,000","800,000","600,000","600,000","600,000","600,000","-100,000","-200,000","300,000","200,000","100,000","200,000","200,000","300,000","300,000","300,000","300,000","200,000","100,000","200,000","200,000","100,000"
			NetIncomeFromTaxLossCarryforward,,,,,,,,,,,,,,,,,,,,,,,,,,,,,,,,,,,,,,,,,,,,,,,,,,,,,,,,,,,,,,,,,,,,,,,,,,,,,,,"0","-944,000",,,,,,,,,,,,,,,"0",,,"-1,600,000",,,,,,,,,,,,,,,,,,,,,,,,,,,,,,,,,,,,,,,,,,,,,,,,
DilutedNIAvailtoComStockholders,"67,657,000","14,975,000","24,444,000","14,948,000","13,290,000","9,860,000","24,140,000","6,850,000","-27,400,000","5,927,000","14,934,000","6,970,000","5,695,000","1,021,000","15,653,000","5,825,000","8,719,000","10,657,000","46,696,000","7,197,000","6,139,000","-4,545,000","6,708,000","7,337,000","2,884,000","-2,265,000","7,852,000","8,873,000","7,461,000","6,312,000","11,339,000","1,972,000","10,255,000","8,626,000","10,227,000","5,687,000","9,533,000","10,492,000","10,897,000","9,320,000","10,296,000","9,968,000","-25,134,000","8,211,000","8,680,000","8,995,000","6,963,000","8,758,000","7,306,000","7,319,000","4,955,000","1,288,000","1,409,000","4,485,000","10,577,000","10,519,000","12,455,000","11,010,000","11,834,000","8,355,000","9,345,000","11,922,000","-23,593,000","3,332,000","3,414,000","4,340,000","2,807,000","7,914,000","10,508,000","10,765,000","7,435,000","1,699,000","12,292,000","12,039,000","12,945,000","9,706,000","2,763,000","14,568,000","7,902,000","8,223,000","8,950,000","9,076,000","7,654,000","5,015,000","5,734,000","6,003,000","5,660,000","2,729,000","3,516,000","7,409,000","8,600,000","5,600,000","6,700,000","6,300,000","6,500,000","5,900,000","4,500,000","900,000","-17,600,000","4,500,000","3,500,000","2,500,000","4,800,000","4,000,000","4,200,000","3,300,000","3,400,000","2,900,000","2,800,000","1,800,000","1,600,000","1,400,000","1,300,000","1,100,000","-2,400,000","400,000","200,000","500,000","900,000","700,000","1,200,000","1,300,000","1,200,000","1,100,000","900,000","800,000","600,000","600,000","600,000","600,000","-500,000","-200,000",,,,,,,,,,,,,,
BasicEPS,,"0.51","0.83","0.51","0.46","0.34","0.84","0.24","-0.96","0.21","0.53","0.25","0.2","0.04","0.56","0.21","0.31","0.38","1.67","0.26","0.22","-0.16","0.24","0.26","0.1","-0.08","0.28","0.32","0.27","0.23","0.41","0.07","0.38","0.32","0.37","0.21","0.35","0.37","0.38","0.33","0.36","0.36",,"0.29","0.31","0.32",,"0.31","0.25","0.25",,"0.04","0.05","0.15",,"0.36","0.43","0.38",,"0.29","0.33","0.43",,"0.12","0.12","0.15",,"0.27","0.36","0.37",,"0.06","0.41","0.41",,"0.34","0.1","0.5",,"0.29","0.34","0.36",,"0.2","0.247","0.26",,"0.12","0.153","0.32",,"0.247","0.293","0.28",,"0.26","0.2","0.04",,"0.2","0.153","0.107",,"0.18","0.187","0.193",,"0.16","0.16","0.12",,"0.093","0.087","0.08",,"0.033","0.013","0.033",,"0.047","0.087","0.087",,"0.073","0.073","0.073",,"0.06","0.06","0.06",,"-0.02","0.027","0.02",,"0.02","0.02","0.033",,"0.033","0.04","0.033",,"0.033","0.033","0.013"
DilutedEPS,,"0.47","0.75","0.47","0.41","0.31","0.81","0.23","-0.96","0.2","0.49","0.23","0.19","0.04","0.54","0.2","0.3","0.37","1.65","0.26","0.22","-0.16","0.24","0.26","0.1","-0.08","0.28","0.32","0.27","0.23","0.41","0.07","0.37","0.31","0.36","0.2","0.34","0.37","0.38","0.32","0.36","0.35",,"0.29","0.3","0.31",,"0.31","0.25","0.25",,"0.04","0.05","0.15",,"0.36","0.43","0.38",,"0.29","0.32","0.42",,"0.12","0.12","0.15",,"0.26","0.35","0.36",,"0.06","0.41","0.4",,"0.33","0.09","0.5",,"0.28","0.33","0.35",,"0.2","0.247","0.26",,"0.12","0.153","0.32",,"0.24","0.287","0.273",,"0.26","0.2","0.04",,"0.2","0.153","0.107",,"0.18","0.187","0.173",,"0.16","0.16","0.12",,"0.093","0.087","0.08",,"0.033","0.013","0.033",,"0.047","0.087","0.087",,"0.073","0.073","0.073",,"0.06","0.06","0.06",,"-0.02","0.027","0.02",,"0.02","0.02","0.033",,"0.033","0.04","0.033",,"0.033","0.033","0.013"
BasicAverageShares,,"29,428,000","29,349,000","29,179,000","29,125,000","28,972,000","28,745,000","28,583,000","28,542,000","28,478,000","28,403,000","28,353,000","28,276,000","28,173,000","28,131,000","28,124,000","28,075,000","28,008,000","27,980,000","27,924,000","27,891,000","27,867,000","27,832,000","27,818,000","27,776,000","27,721,000","27,707,000","27,701,000","27,620,000","27,573,000","27,537,000","27,454,000","27,257,000","27,349,000","27,644,000","27,518,000","27,591,000","28,127,000","28,408,000","28,438,000","28,327,000","28,029,000",,"28,348,000","28,448,000","28,261,000",,"28,425,000","29,100,000","29,165,000",,"29,093,000","29,056,000","29,030,000",,"28,864,000","28,662,000","28,625,000",,"28,572,000","28,180,000","27,987,000",,"27,888,000","28,061,000","28,082,000",,"29,470,000","29,494,000","29,127,000",,"29,816,000","29,649,000","29,303,000",,"28,941,000","28,910,000","28,876,000",,"28,613,000","26,584,000","25,397,000",,"24,806,000","23,110,500","23,056,500",,"22,986,000","22,966,500","22,929,000",,"22,691,357","22,829,494","22,488,756",,"22,680,967","22,488,756","22,488,756",,"22,488,756","22,814,680","23,425,787",,"22,211,117","22,488,756","17,060,435",,"18,115,942","17,491,254","14,992,504",,"14,992,504","14,992,504","13,743,128",,"11,994,003","14,992,504","14,992,504",,"14,992,504","13,839,234","14,992,504",,"14,992,504","12,266,594","10,903,639",,"9,995,002","9,995,002","9,995,002",,"9,995,002","9,563,718","9,559,220",,"9,559,220","9,559,220","9,553,223",,"9,553,223","9,553,223",,,,,
DilutedAverageShares,,"35,155,000","32,769,000","32,143,000","32,464,000","31,378,000","29,941,000","29,426,000","28,542,000","29,707,000","30,504,000","29,792,000","29,337,000","29,034,000","28,901,000","29,088,000","28,846,000","28,573,000","28,297,000","28,183,000","28,139,000","27,867,000","27,987,000","27,951,000","27,941,000","27,721,000","27,875,000","27,898,000","27,857,000","27,820,000","27,758,000","27,688,000","27,753,000","27,854,000","28,062,000","27,834,000","27,983,000","28,500,000","28,727,000","28,721,000","28,672,000","28,484,000",,"28,546,000","28,883,000","28,701,000",,"28,521,000","29,295,000","29,409,000",,"29,183,000","29,082,000","29,061,000",,"29,415,000","29,063,000","29,006,000",,"29,101,000","28,831,000","28,559,000",,"28,134,000","28,266,000","28,358,000",,"29,951,000","30,060,000","29,721,000",,"30,347,000","30,313,000","29,992,000",,"29,391,000","29,212,000","29,037,000",,"29,043,000","27,359,000","25,969,000",,"25,381,000","23,398,500","23,307,000",,"23,131,500","23,326,500","23,338,500",,"23,321,672","23,360,413","23,037,262",,"22,680,967","22,488,756","22,488,756",,"22,488,756","22,814,680","23,425,787",,"22,211,117","22,488,756","19,028,947",,"18,115,942","17,491,254","14,992,504",,"14,992,504","14,992,504","13,743,128",,"11,994,003","14,992,504","14,992,504",,"14,992,504","13,839,234","14,992,504",,"14,992,504","12,266,594","10,903,639",,"9,995,002","9,995,002","9,995,002",,"9,995,002","9,563,718","9,559,220",,"9,559,220","9,559,220","9,553,223",,"9,553,223","9,553,223",,,,,
TotalOperatingIncomeAsReported,"112,079,000","22,444,000","37,216,000","26,711,000","25,707,000","20,082,000","24,701,000","29,382,000","-21,246,000","13,172,000","27,880,000","20,939,000","18,658,000","11,637,000","25,823,000","11,522,000","16,682,000","17,278,000","23,176,000","13,470,000","12,783,000","-2,494,000","12,606,000","13,847,000","7,684,000","3,539,000","12,967,000","14,838,000","12,416,000","10,954,000","17,089,000","2,449,000","15,940,000","17,308,000","16,181,000","8,805,000","15,652,000","15,870,000","17,016,000","14,114,000","17,058,000","17,022,000","-41,627,000","15,940,000","16,698,000","17,263,000","13,552,000","15,202,000","14,778,000","13,561,000","10,886,000","5,002,000","5,035,000","7,346,000","14,024,000","17,543,000","22,652,000","21,040,000","21,947,000","16,916,000","18,888,000","23,240,000","-35,487,000","9,184,000","10,569,000","11,131,000","7,823,000","16,117,000","19,614,000","20,194,000","14,370,000","5,495,000","21,469,000","21,827,000","30,382,000","18,995,000","10,178,000","28,300,000","18,113,000","20,088,000","20,339,000","20,809,000","18,974,000","15,466,000","16,808,000","17,710,000","17,652,000","13,098,000","13,732,000","19,982,000","21,700,000","17,000,000","18,300,000","17,700,000","18,000,000","17,100,000","14,700,000","11,300,000","7,800,000","6,900,000","5,000,000","5,900,000","7,100,000","6,100,000","6,500,000","5,800,000","5,700,000","5,200,000","4,900,000","3,100,000","2,700,000","2,300,000","2,000,000","1,900,000","-3,500,000","800,000","300,000","700,000","1,100,000","1,000,000","1,900,000","1,900,000","1,700,000","1,600,000","1,500,000","1,400,000","1,000,000","1,200,000","1,200,000","1,100,000","0","-200,000",,,,,,,,,,,,,,
TotalExpenses,"908,206,000","219,883,000","236,754,000","222,116,000","229,454,000","212,595,000","228,127,000","208,453,000","179,031,000","200,838,000","236,985,000","212,651,000","219,605,000","206,741,000","216,620,000","190,785,000","196,138,000","184,786,000","199,379,000","176,647,000","184,371,000","189,061,000","191,488,000","170,945,000","185,749,000","177,662,000","178,050,000","154,346,000","168,611,000","166,986,000","174,435,000","159,783,000","169,431,000","160,800,000","184,730,000","167,548,000","175,408,000","169,355,000","181,479,000","167,771,000","172,637,000","177,294,000","166,902,000","156,874,000","166,538,000","166,187,000","170,525,000","156,993,000","166,308,000","162,804,000","179,747,000","170,473,000","159,534,000","156,716,000","165,222,000","161,866,000","170,103,000","169,733,000","165,799,000","147,532,000","150,370,000","147,774,000","209,004,000","143,731,000","151,942,000","147,335,000","145,377,000","133,853,000","138,702,000","135,665,000","160,553,000","113,094,000","109,443,000","112,137,000","103,427,000","101,752,000","114,362,000","89,734,000","97,143,000","93,244,000","90,930,000","92,396,000","94,350,000","89,852,000","87,363,000","88,199,000","83,757,000","78,824,000","83,254,000","81,931,000","77,800,000","74,700,000","72,200,000","73,200,000","71,900,000","68,600,000","65,800,000","68,900,000","29,700,000","31,700,000","25,700,000","25,600,000","26,100,000","25,300,000","25,300,000","23,400,000","22,000,000","21,100,000","21,000,000","16,700,000","15,800,000","15,000,000","15,500,000","15,900,000","21,300,000","14,100,000","10,000,000","9,900,000","9,800,000","9,100,000","9,200,000","8,600,000","8,900,000","8,200,000","8,200,000","7,100,000","6,500,000","6,700,000","6,800,000","6,900,000","6,600,000","5,300,000",,,,,,,,,,,,,,
NetIncomeFromContinuingAndDiscontinuedOperation,"67,657,000","14,975,000","24,444,000","14,948,000","13,290,000","9,860,000","24,140,000","6,850,000","-27,400,000","5,927,000","14,934,000","6,970,000","5,695,000","1,021,000","15,653,000","5,825,000","8,719,000","10,657,000","46,696,000","7,197,000","6,139,000","-4,545,000","6,708,000","7,337,000","2,884,000","-2,265,000","7,852,000","8,873,000","7,461,000","6,312,000","11,339,000","1,972,000","10,255,000","8,626,000","10,227,000","5,687,000","9,533,000","10,492,000","10,897,000","9,320,000","10,296,000","9,968,000","-25,134,000","8,211,000","8,680,000","8,995,000","6,963,000","8,758,000","7,306,000","7,319,000","4,955,000","1,288,000","1,409,000","4,485,000","10,577,000","10,519,000","12,455,000","11,010,000","11,834,000","8,355,000","9,345,000","11,922,000","-23,593,000","3,332,000","3,414,000","4,340,000","2,807,000","7,914,000","10,508,000","10,765,000","7,435,000","1,699,000","12,292,000","12,039,000","12,945,000","9,706,000","2,763,000","14,568,000","7,902,000","9,167,000","8,950,000","9,076,000","7,654,000","5,015,000","5,734,000","6,003,000","5,660,000","2,729,000","3,516,000","7,409,000","8,600,000","5,600,000","6,700,000","6,300,000","6,500,000","5,900,000","4,500,000","2,500,000","-17,600,000","4,500,000","3,500,000","2,500,000","4,800,000","4,000,000","4,200,000","3,300,000","3,400,000","2,900,000","2,800,000","1,800,000","1,600,000","1,400,000","1,300,000","1,100,000","-2,400,000","400,000","200,000","500,000","900,000","700,000","1,200,000","1,300,000","1,200,000","1,100,000","900,000","800,000","600,000","600,000","600,000","600,000","-500,000","-200,000",,,,,,,,,,,,,,
NormalizedIncome,"67,657,000","14,975,000","24,444,000","14,948,000","13,290,000","9,860,000","24,140,000","6,850,000","-27,400,000","5,927,000","14,934,000","6,970,000","5,695,000","1,021,000","15,653,000","5,825,000","8,719,000","10,657,000","46,696,000","7,197,000","6,139,000","-4,545,000","6,708,000","7,337,000","2,884,000","-2,265,000","7,852,000","8,873,000","7,461,000","6,312,000","12,755,828.103","9,378,750","11,261,740","10,240,600","10,919,282.808","6,816,850","9,885,036","10,839,864","12,814,911.07","9,320,000","10,296,000","9,968,000","14,429,550","8,917,799.68","9,376,126.243","9,680,082.846","7,668,404.101","9,506,323.544","8,004,476.247","8,034,575.093","5,591,123.17","1,963,171.988","776,043.459","2,866,261.872","7,233,260.802","11,012,938.075","12,455,000","11,010,000","12,666,022.911","8,355,000","10,187,134.762","8,474,782.098","5,016,200","4,962,486.026","4,894,534.509","4,734,860.335","4,256,777.778","8,424,221.468","12,195,253.506","12,009,508.671","12,430,769.035","12,431,581.526","12,292,000","12,039,000","13,137,815.581","10,443,901.754","9,945,391.939","9,773,014.674","7,902,000","9,167,000","8,950,000","9,076,000","7,654,000","5,015,000","5,734,000","6,003,000","5,660,000","2,729,000","3,516,000","7,409,000","8,600,000","5,600,000","6,700,000","6,300,000","6,500,000","5,900,000","4,500,000","2,500,000","5,065,682.657","4,435,714.286","3,245,454.545","3,782,051.282","4,800,000","3,936,507.937","4,072,727.273","3,300,000","3,400,000","2,900,000","2,800,000","1,800,000","1,600,000","1,400,000","1,300,000","1,100,000","-2,400,000","466,666.667","200,000","500,000","825,000","636,363.636","1,133,333.333","1,231,578.947","1,200,000","1,035,294.118","900,000","800,000","600,000","600,000","600,000","600,000","-100,000","-200,000",,,,,,,,,,,,,,
InterestExpense,"30,132,000","4,998,000","7,568,000","8,145,000","9,420,000","10,351,000","11,114,000","11,943,000","11,401,000","9,592,000","10,319,000","11,174,000","11,839,000","9,369,000","5,529,000","5,214,000","5,091,000","4,818,000","4,880,000","4,806,000","4,398,000","4,119,000","3,911,000","3,861,000","3,757,000","3,830,000","1,578,000","1,504,000","1,489,000","1,460,000","1,539,000","1,540,000","1,571,000","1,461,000","1,482,000","1,382,000","1,383,000","1,366,000","1,397,000","1,345,000","1,551,000","1,437,000","1,494,000","1,670,000","1,707,000","1,805,000","1,844,000","1,749,000","1,771,000","1,749,000","1,789,000","2,042,000","1,767,000","1,488,000",,,,,,,,,,,,,,,,,,,,,,,,,,,,,,,,,,,,,,,,,,,,,,,,,,,,,,,,,,,,,,,,,,,,,,,,,,,,,,,,,,,,,,,,,,,,
NetInterestIncome,"-30,132,000","-4,998,000","-7,568,000","-8,145,000","-9,420,000","-10,351,000","-11,114,000","-11,943,000","-11,401,000","-9,592,000","-10,319,000","-11,174,000","-11,839,000","-9,369,000","-5,529,000","-5,214,000","-5,091,000","-4,818,000","-4,880,000","-4,806,000","-4,398,000","-4,119,000","-3,911,000","-3,861,000","-3,757,000","-3,830,000","-1,578,000","-1,504,000","-1,489,000","-1,460,000","-1,539,000","-1,540,000","-1,571,000","-1,461,000","-1,482,000","-1,382,000","-1,383,000","-1,366,000","-1,397,000","-1,345,000","-1,551,000","-1,437,000","-1,494,000","-1,670,000","-1,707,000","-1,805,000","-1,844,000","-1,749,000","-1,771,000","-1,749,000","-1,789,000","-2,042,000","-1,767,000","-1,488,000",,,,,,,,,,,,,,,,,,,,,,,,,,,,,,,,,,,,,,,,,,,,,,,,,,,,,,,,,,,,,,,,,,,,,,,,,,,,,,,,,,,,,,,,,,,,
EBIT,"110,952,000","22,444,000","37,216,000","25,584,000","25,707,000","20,082,000","24,612,000","29,293,000","-21,335,000","13,083,000","27,559,000","20,618,000","18,337,000","7,412,000","25,823,000","11,522,000","16,682,000","17,278,000","23,176,000","13,470,000","12,783,000","-2,494,000","12,606,000","13,847,000","7,684,000","597,000","12,967,000","14,838,000","12,416,000","10,954,000","17,089,000","2,449,000","15,940,000","17,308,000","16,181,000","8,805,000","15,652,000","15,607,000","17,016,000","14,114,000","17,058,000","17,022,000","-42,192,000","14,809,000","15,585,000","16,169,000","12,475,000","14,143,000","13,643,000","12,509,000","9,851,000","3,984,000","4,022,000","7,384,000","18,400,000","17,543,000","22,652,000","21,040,000","23,769,000","16,916,000","18,888,000","23,240,000","-39,112,000","11,250,000","11,531,000","11,131,000","7,823,000","16,117,000","19,574,000","20,194,000","670,000","19,195,000","21,469,000","21,827,000","30,382,000","18,995,000","10,178,000","28,300,000","18,113,000","20,088,000","20,339,000","20,809,000","18,974,000","15,466,000","16,808,000","17,710,000","17,652,000","13,098,000","13,732,000","19,982,000","21,700,000","17,000,000","18,300,000","17,700,000","18,000,000","17,100,000","14,700,000","11,300,000","7,800,000","6,900,000","5,000,000","5,900,000","7,100,000","6,100,000","6,500,000","5,800,000","5,700,000","5,200,000","4,900,000","3,100,000","2,700,000","2,300,000","2,000,000","1,900,000","-3,500,000","800,000","300,000","700,000","1,100,000","1,000,000","1,900,000","1,900,000","1,700,000","1,600,000","1,500,000","1,400,000","1,000,000","1,200,000","1,200,000","1,100,000","0","-200,000","4,400,000","3,900,000","-9,500,000","3,700,000","3,300,000","3,600,000","-7,200,000","3,100,000","3,000,000","2,800,000","-6,500,000","2,600,000","2,700,000","2,600,000"
EBITDA,"180,250,000"
ReconciledCostOfRevenue,"444,707,000","106,336,000","118,114,000","106,521,000","113,737,000","104,228,000","117,314,000","104,137,000","85,856,000","94,851,000","122,890,000","103,479,000","107,073,000","96,940,000","109,788,000","91,680,000","96,549,000","92,507,000","98,598,000","87,570,000","92,502,000","86,682,000","97,135,000","83,583,000","91,011,000","83,461,000","88,641,000","75,638,000","87,529,000","85,658,000","90,970,000","78,547,000","87,122,000","79,359,000","92,047,000","83,831,000","90,077,000","84,332,000","93,957,000","83,972,000","89,963,000","93,405,000","89,125,000","81,503,000","91,781,000","87,734,000","93,154,000","83,212,000","87,403,000","84,570,000","94,601,000","87,839,000","87,257,000","87,710,000","90,207,000","84,721,000","91,865,000","93,009,000","93,886,000","82,090,000","83,398,000","85,789,000","87,451,000","80,250,000","85,699,000","80,566,000","78,732,000","74,016,000","76,152,000","75,384,000","80,891,000","64,802,000","62,198,000","63,605,000","64,130,000","57,516,000","59,409,000","56,378,000","55,647,000","54,429,000","51,711,000","54,104,000","53,403,000","51,332,000","49,965,000","42,108,000","39,112,000","37,240,000","40,508,000","41,876,000","40,200,000","38,600,000","36,500,000","37,500,000","37,400,000","35,100,000","34,700,000","38,800,000","18,400,000","19,600,000","14,500,000","14,800,000","16,200,000","14,400,000","14,700,000","13,800,000","12,700,000","12,700,000","12,100,000","9,800,000","8,900,000","8,400,000","8,700,000","8,900,000","9,100,000","7,500,000","5,100,000","5,100,000","5,200,000","4,200,000","5,200,000","5,000,000","5,000,000","4,700,000","4,700,000","4,000,000","3,500,000","3,700,000","3,900,000","4,100,000","4,200,000","3,200,000",,,,,,,,,,,,,,
ReconciledDepreciation,"69,298,000","16,831,000","17,477,000","17,209,000","17,781,000","18,276,000","18,035,000","17,964,000","18,204,000","18,422,000","16,726,000","19,554,000","18,696,000","17,347,000","15,593,000","15,712,000","15,247,000","15,251,000","15,486,000","14,862,000","14,276,000","13,924,000","14,099,000","13,919,000","14,033,000","13,258,000","11,571,000","11,227,000","10,911,000","10,170,000","11,714,000","11,716,000","11,436,000","10,868,000","12,326,000","11,725,000","12,087,000","11,729,000","11,846,000","11,706,000","11,252,000","11,812,000","10,320,000","9,624,000","9,594,000","9,246,000","9,636,000","9,454,000","9,243,000","9,230,000","10,181,000","9,610,000","8,975,000","8,406,000","8,489,000","8,318,000","7,700,000","7,829,000","8,021,000","8,113,000","7,768,000","7,632,000","7,556,000","7,625,000","7,342,000","7,328,000","7,862,000","7,642,000","7,821,000","7,461,000","7,039,000","6,793,000","6,286,000","6,750,000","6,621,000","6,409,000","6,282,000","5,542,000","5,796,000","5,525,000","5,646,000","5,403,000","7,119,000","7,944,000","7,519,000","7,566,000","8,987,000","6,896,000","6,819,000","6,785,000","6,900,000","6,400,000","6,300,000","6,100,000","5,800,000","6,000,000","6,200,000","5,600,000","1,500,000","2,000,000","1,800,000","1,700,000","1,100,000","2,100,000","1,800,000","1,400,000","1,700,000","1,000,000","1,400,000","900,000","1,000,000","900,000","900,000","1,100,000","1,100,000","1,000,000","600,000","600,000","600,000","500,000","600,000","500,000","600,000","500,000","500,000","500,000","400,000","500,000","300,000","400,000","400,000","300,000",,,,,,,,,,,,,,
NetIncomeFromContinuingOperationNetMinorityInterest,"67,657,000","14,975,000","24,444,000","14,948,000","13,290,000","9,860,000","24,140,000","6,850,000","-27,400,000","5,927,000","14,934,000","6,970,000","5,695,000","1,021,000","15,653,000","5,825,000","8,719,000","10,657,000","46,696,000","7,197,000","6,139,000","-4,545,000","6,708,000","7,337,000","2,884,000","-2,265,000","7,852,000","8,873,000","7,461,000","6,312,000","11,339,000","1,972,000","10,255,000","8,626,000","10,227,000","5,687,000","9,533,000","10,492,000","10,897,000","9,320,000","10,296,000","9,968,000","-25,134,000","8,211,000","8,680,000","8,995,000","6,963,000","8,758,000","7,306,000","7,319,000","4,955,000","1,288,000","1,409,000","4,485,000","10,577,000","10,519,000","12,455,000","11,010,000","11,834,000","8,355,000","9,345,000","11,922,000","-23,593,000","3,332,000","3,414,000","4,340,000","2,807,000","7,914,000","10,508,000","10,765,000","7,435,000","1,699,000","12,292,000","12,039,000","12,945,000","9,706,000","2,763,000","14,568,000","7,902,000","9,167,000","8,950,000","9,076,000","7,654,000","5,015,000","5,734,000","6,003,000","5,660,000","2,729,000","3,516,000","7,409,000","8,600,000","5,600,000","6,700,000","6,300,000","6,500,000","5,900,000","4,500,000","2,500,000","-17,600,000","4,500,000","3,500,000","2,500,000","4,800,000","4,000,000","4,200,000","3,300,000","3,400,000","2,900,000","2,800,000","1,800,000","1,600,000","1,400,000","1,300,000","1,100,000","-2,400,000","400,000","200,000","500,000","900,000","700,000","1,200,000","1,300,000","1,200,000","1,100,000","900,000","800,000","600,000","600,000","600,000","600,000","-100,000","-200,000",,,,,,,,,,,,,,
TotalUnusualItemsExcludingGoodwill,,,,,,,,,,,,,,,,,,,,,,,,,,,,,,,"-1,943,000","-11,395,000","-1,410,000","-2,484,000","-995,000","-1,475,000","-527,000","-472,000","-2,749,000","0","0","0","-60,867,000","-1,131,000","-1,113,000","-1,094,000","-1,077,000","-1,059,000","-1,135,000","-1,052,000","-1,035,000","-1,018,000","1,013,000","2,128,000","5,085,000","-709,000",,,"-1,295,000",,"-1,312,000","5,414,000","-47,682,000","-2,066,000","-2,262,000","-570,000","-1,864,000","-779,000","-2,576,000","-1,900,000","-6,601,000","-14,567,000",,,"-278,000","-1,153,000","-11,222,000","7,492,000",,,,,,,,,,,,,,,,,,,,,"-34,900,000","100,000","400,000","-2,000,000",,"100,000","200,000",,,,,,,,,,,"-100,000",,,"100,000","100,000","100,000","100,000",,"100,000",,,,,,,"0",,,,,,,,,,,,,,,
TotalUnusualItems,,,,,,,,,,,,,,,,,,,,,,,,,,,,,,,"-1,943,000","-11,395,000","-1,410,000","-2,484,000","-995,000","-1,475,000","-527,000","-472,000","-2,749,000","0","0","0","-60,867,000","-1,131,000","-1,113,000","-1,094,000","-1,077,000","-1,059,000","-1,135,000","-1,052,000","-1,035,000","-1,018,000","1,013,000","2,128,000","5,085,000","-709,000",,,"-1,295,000",,"-1,312,000","5,414,000","-47,682,000","-2,066,000","-2,262,000","-570,000","-1,864,000","-779,000","-2,576,000","-1,900,000","-6,601,000","-14,567,000",,,"-278,000","-1,153,000","-11,222,000","7,492,000",,,,,,,,,,,,,,,,,,,,,"-34,900,000","100,000","400,000","-2,000,000",,"100,000","200,000",,,,,,,,,,,"-100,000",,,"100,000","100,000","100,000","100,000",,"100,000",,,,,,,"0",,,,,,,,,,,,,,,
NormalizedEBITDA,"180,250,000","39,275,000","54,693,000","42,793,000","43,488,000","38,358,000","42,647,000","47,257,000","-3,131,000","31,505,000","44,285,000","40,172,000","37,033,000","24,759,000","41,416,000","27,234,000","31,929,000","32,529,000","38,662,000","28,332,000","27,059,000","11,430,000","26,705,000","27,766,000","21,717,000","13,855,000","24,538,000","26,065,000","23,327,000","21,124,000","30,746,000","25,560,000","28,786,000","30,660,000","29,502,000","22,005,000","28,266,000","27,808,000","31,611,000","25,820,000","28,310,000","28,834,000","28,995,000","25,564,000","26,292,000","26,509,000","23,188,000","24,656,000","24,021,000","22,791,000","21,067,000","14,612,000","11,984,000","13,662,000","21,804,000","26,570,000","30,352,000","28,869,000","33,085,000","25,029,000","27,968,000","25,458,000","16,126,000","20,941,000","21,135,000","19,029,000","17,549,000","24,538,000","29,971,000","29,555,000","14,310,000","40,555,000","27,755,000","28,577,000","37,281,000","26,557,000","27,682,000","26,350,000","23,909,000","25,613,000","25,985,000","26,212,000","26,093,000","23,410,000","24,327,000","25,276,000","26,639,000","19,994,000","20,551,000","26,767,000","28,600,000","23,400,000","24,600,000","23,800,000","23,800,000","23,100,000","20,900,000","16,900,000","44,200,000","8,800,000","6,400,000","9,600,000","8,200,000","8,100,000","8,100,000","7,200,000","7,400,000","6,200,000","6,300,000","4,000,000","3,700,000","3,300,000","3,000,000","3,000,000","-2,400,000","2,500,000","900,000","1,300,000","1,600,000","1,900,000","2,400,000","2,300,000","2,300,000","2,000,000","2,000,000","1,900,000","1,400,000","1,700,000","1,600,000","1,500,000","400,000","100,000","4,400,000","3,900,000","-9,500,000","3,700,000","3,300,000","3,600,000","-7,200,000","3,100,000","3,000,000","2,800,000","-6,500,000","2,600,000","2,700,000","2,600,000"
TaxRateForCalcs,"0.163","0.142","0.176","0.143","0.184","0.27","0.27","0.27","0.163","0.27","0.134","0.262","0.124","0.27","0.229","0.077","0.248","0.145","0.4","0.169","0.268","0.313","0.229","0.265","0.266","0.299","0.311","0.335","0.317","0.335","0.271","0.35","0.286","0.35","0.304","0.234","0.332","0.263","0.302","0.27","0.336","0.36","0.35","0.375","0.375","0.374","0.345","0.293","0.385","0.32","0.385","0.337","0.375","0.239","0.342","0.303","0.384","0.384","0.358","0.36","0.358","0.363","0.4","0.211","0.345","0.307","0.222","0.345","0.345","0.345","0.243","0.263","0.35","0.35","0.306","0.36","0.36","0.36","0.36","0.36","0.36","0.36","0.36","0.36","0.36","0.36","0.36","0.36","0.36","0.36","0.358","0.364","0.362","0.364","0.356","0.359","0.366","0.359","0.351","0.357","0.364","0.359","0.36","0.365","0.364","0.353","0.346","0.341","0.364","0.357","0.36","0.333","0.35","0.353","0.333","0.333","0.333","0.286","0.25","0.364","0.333","0.316","0.294","0.353","0.357","0.333","0.333","0.333","0.4","0.333","0.4","0.333",,,,,,,,,,,,,,
TaxEffectOfUnusualItems,"0","0","0","0","0","0","0","0","0","0","0","0","0","0","0","0","0","0","0","0","0","0","0","0","0","0","0","0","0","0","-526,171.897","-3,988,250","-403,260","-869,400","-302,717.192","-345,150","-174,964","-124,136","-831,088.93","0","0","0","-21,303,450","-424,200.32","-416,873.757","-408,917.154","-371,595.899","-310,676.456","-436,523.753","-336,424.907","-398,876.83","-342,828.012","380,043.459","509,261.872","1,741,260.802","-215,061.925","0","0","-462,977.089","0","-469,865.238","1,966,782.098","-19,072,800","-435,513.974","-781,465.491","-175,139.665","-414,222.222","-268,778.532","-888,746.494","-655,491.329","-1,605,230.965","-3,834,418.474","0","0","-85,184.419","-415,098.246","-4,039,608.061","2,697,014.674","0","0","0","0","0","0","0","0","0","0","0","0","0","0","0","0","0","0","0","0","-12,234,317.343","35,714.286","145,454.545","-717,948.718","0","36,507.937","72,727.273","0","0","0","0","0","0","0","0","0","0","-33,333.333","0","0","25,000","36,363.636","33,333.333","31,578.947","0","35,294.118","0","0","0","0","0","0","0","0",,,,,,,,,,,,,,