name,ttm,03/31/2022,12/31/2021,09/30/2021,06/30/2021,03/31/2021,12/31/2020,09/30/2020,06/30/2020,03/31/2020,12/31/2019,09/30/2019,06/30/2019,03/31/2019,12/31/2018,09/30/2018,06/30/2018,03/31/2018,12/31/2017,09/30/2017,06/30/2017,03/31/2017,12/31/2016,09/30/2016,06/30/2016,03/31/2016,12/31/2015,09/30/2015,06/30/2015,03/31/2015,12/31/2014,09/30/2014,06/30/2014,03/31/2014,12/31/2013,09/30/2013,06/30/2013,03/31/2013,12/31/2012,09/30/2012,06/30/2012,03/31/2012,12/31/2011,09/30/2011,06/30/2011,03/31/2011,12/31/2010,09/30/2010,06/30/2010,03/31/2010,12/31/2009,09/30/2009,06/30/2009,03/31/2009,12/31/2008,09/30/2008,06/30/2008,03/31/2008,12/31/2007,09/30/2007,06/30/2007,03/31/2007,12/31/2006,09/30/2006,06/30/2006,03/31/2006,12/31/2005,09/30/2005,06/30/2005,03/31/2005,12/31/2004,09/30/2004,06/30/2004,03/31/2004,12/31/2003,09/30/2003,06/30/2003,03/31/2003,12/31/2002,09/30/2002,06/30/2002,03/31/2002,12/31/2001,09/30/2001,06/30/2001,03/31/2001,12/31/2000,09/30/2000,06/30/2000,03/31/2000,12/31/1999,09/30/1999,06/30/1999,03/31/1999,12/31/1998,09/30/1998,06/30/1998,03/31/1998,12/31/1997,09/30/1997,06/30/1997,03/31/1997,12/31/1996,09/30/1996,06/30/1996,03/31/1996,12/31/1995,09/30/1995,06/30/1995,03/31/1995,12/31/1994,09/30/1994,06/30/1994,03/31/1994,12/31/1993,09/30/1993,06/30/1993,03/31/1993,12/31/1992,09/30/1992,06/30/1992,03/31/1992,12/31/1991,09/30/1991,06/30/1991,03/31/1991,12/31/1990,09/30/1990,06/30/1990,03/31/1990,12/31/1989,09/30/1989,06/30/1989,03/31/1989,12/31/1988,09/30/1988,06/30/1988,03/31/1988,12/31/1987,09/30/1987,06/30/1987,03/31/1987,12/31/1986,09/30/1986,06/30/1986,03/31/1986,12/31/1985,09/30/1985
TotalRevenue,"1,542,144,000","370,204,000","384,507,000","391,674,000","395,759,000","373,982,000","326,053,000","316,751,000","298,330,000","293,147,000","320,771,000","335,464,000","339,170,000","372,860,000","383,146,000","461,548,000","482,342,000","481,118,000","477,565,000","490,298,000","464,107,000","422,833,000","346,073,000","248,461,000","218,767,000","199,882,000","190,275,000","209,622,000","188,502,000","203,721,000","200,615,000","205,344,000","196,517,000","199,222,000","193,556,000","213,141,000","213,725,000","200,058,000","183,202,000","188,654,000","196,383,000","193,284,000","190,767,000","207,961,000","210,882,000","200,880,000","183,111,000","166,398,000","166,697,000","149,157,000","122,815,000","107,593,000","98,479,000","105,422,000","124,388,000","142,000,000","157,024,000","155,942,000","144,296,000","158,920,000","142,608,000","152,116,000","147,509,000","158,146,000","149,524,000","145,988,000","130,994,000","133,786,000","125,269,000","131,175,000","126,022,000","133,244,000","127,951,000","125,808,000","107,951,000","101,519,000","99,174,000","103,512,000","102,030,000","106,124,000","95,932,000","98,649,000","96,619,000","114,975,000","121,369,000","129,788,000","154,516,000","154,961,000","149,436,000","136,681,000","127,200,000","131,700,000","115,100,000","116,500,000","105,600,000","104,500,000","98,600,000","105,900,000","101,400,000","103,800,000","102,300,000","91,000,000","93,900,000","100,800,000","89,300,000","90,600,000","83,700,000","84,200,000","76,200,000","66,500,000","58,600,000","57,900,000","55,300,000","55,200,000","47,000,000","37,600,000","54,000,000","55,000,000","50,300,000","54,800,000","50,500,000","55,400,000","54,700,000","56,700,000","48,300,000","54,500,000","48,300,000","52,000,000","46,900,000","46,500,000","45,800,000","53,600,000","48,800,000","51,000,000","48,200,000","53,300,000","42,600,000","44,700,000","47,500,000","45,400,000","40,600,000","38,000,000","35,000,000","38,800,000","32,000,000","32,600,000","34,800,000","38,600,000"
	OperatingRevenue,"1,542,144,000","370,204,000","384,507,000","391,674,000","395,759,000","373,982,000","326,053,000","316,751,000","298,330,000","293,147,000","320,771,000","335,464,000","339,170,000","372,860,000","383,146,000","461,548,000","482,342,000","481,118,000","477,565,000","490,298,000","464,107,000","422,833,000","346,073,000","248,461,000","218,767,000","199,882,000","190,275,000","209,622,000","188,502,000","203,721,000","200,615,000","205,344,000","196,517,000","199,222,000","193,556,000","213,141,000","213,725,000","200,058,000","183,202,000","188,654,000","196,383,000","193,284,000","190,767,000","207,961,000","210,882,000","200,880,000","183,111,000","166,398,000","166,697,000","149,157,000","122,815,000","107,593,000","98,479,000","105,422,000","124,388,000","142,000,000","157,024,000","155,942,000","144,296,000","158,920,000","142,608,000","152,116,000","147,509,000","158,146,000","149,524,000","145,988,000","130,994,000","133,786,000","125,269,000","131,175,000","126,022,000","133,244,000","127,951,000","125,808,000","107,951,000","101,519,000","99,174,000","103,512,000","102,030,000","106,124,000","95,932,000","98,649,000","96,619,000","114,975,000","121,369,000","129,788,000","154,516,000","154,961,000","149,436,000","136,681,000","127,200,000","131,700,000","115,100,000","116,500,000","105,600,000","104,500,000","98,600,000","105,900,000","101,400,000","103,800,000","102,300,000","91,000,000","93,900,000","100,800,000","89,300,000","90,600,000","83,700,000","84,200,000","76,200,000","66,500,000","58,600,000","57,900,000","55,300,000","55,200,000","47,000,000","37,600,000","54,000,000","55,000,000","50,300,000","54,800,000","50,500,000","55,400,000","54,700,000","56,700,000","48,300,000","54,500,000","48,300,000","52,000,000","46,900,000","46,500,000","45,800,000","53,600,000","48,800,000","51,000,000","48,200,000","53,300,000","42,600,000","44,700,000","47,500,000","45,400,000","40,600,000","38,000,000","35,000,000","38,800,000","32,000,000","32,600,000","34,800,000","38,600,000"
CostOfRevenue,"912,227,000","215,670,000","216,943,000","239,838,000","239,776,000","232,957,000","206,057,000","204,518,000","203,053,000","199,036,000","211,518,000","227,069,000","241,167,000","242,143,000","233,796,000","271,646,000","274,006,000","265,688,000","260,542,000","268,244,000","256,921,000","243,318,000","204,559,000","134,125,000","124,208,000","111,283,000","106,377,000","118,628,000","109,720,000","120,417,000","118,296,000","124,426,000","122,256,000","118,557,000","116,010,000","128,100,000","130,461,000","123,727,000","105,567,000","110,921,000","116,138,000","115,636,000","110,408,000","118,464,000","120,720,000","112,111,000","100,717,000","96,579,000","92,350,000","83,544,000","71,783,000","70,093,000","64,865,000","65,815,000","73,999,000","86,971,000","87,765,000","88,818,000","83,802,000","92,494,000","85,470,000","87,646,000","85,535,000","88,875,000","82,697,000","82,124,000","74,843,000","82,820,000","68,589,000","72,688,000","74,349,000","73,679,000","72,964,000","74,235,000","66,517,000","71,134,000","62,225,000","62,521,000","61,587,000","65,639,000","57,423,000","58,657,000","54,599,000","80,122,000","65,813,000","67,780,000","73,613,000","77,122,000","70,632,000","63,930,000","61,200,000","67,100,000","54,700,000","60,800,000","50,200,000","52,100,000","50,000,000","44,500,000","48,900,000","36,300,000","47,800,000","42,000,000","44,800,000","36,400,000","43,200,000","43,800,000","41,300,000","33,100,000","38,100,000","33,900,000","28,800,000","21,500,000","28,500,000","27,900,000","24,100,000","8,300,000","28,200,000","29,000,000","26,700,000","21,800,000","28,100,000","30,400,000","31,100,000","23,000,000","27,900,000","31,100,000","28,200,000","24,000,000","28,100,000","27,800,000","26,900,000",,,,,,,,,,,,,,,,,
GrossProfit,"629,917,000","154,534,000","167,564,000","151,836,000","155,983,000","141,025,000","119,996,000","112,233,000","95,277,000","94,111,000","109,253,000","108,395,000","98,003,000","130,717,000","149,350,000","189,902,000","208,336,000","215,430,000","217,023,000","222,054,000","207,186,000","179,515,000","141,514,000","114,336,000","94,559,000","88,599,000","83,898,000","90,994,000","78,782,000","83,304,000","82,319,000","80,918,000","74,261,000","80,665,000","77,546,000","85,041,000","83,264,000","76,331,000","77,635,000","77,733,000","80,245,000","77,648,000","80,359,000","89,497,000","90,162,000","88,769,000","82,394,000","69,819,000","74,347,000","65,613,000","51,032,000","37,500,000","33,614,000","39,607,000","50,389,000","55,029,000","69,259,000","67,124,000","60,494,000","66,426,000","57,138,000","64,470,000","61,974,000","69,271,000","66,827,000","63,864,000","56,151,000","50,966,000","56,680,000","58,487,000","51,673,000","59,565,000","54,987,000","51,573,000","41,434,000","30,385,000","36,949,000","40,991,000","40,443,000","40,485,000","38,509,000","39,992,000","42,020,000","34,853,000","55,556,000","62,008,000","80,903,000","77,839,000","78,804,000","72,751,000","66,000,000","64,600,000","60,400,000","55,700,000","55,400,000","52,400,000","48,600,000","61,400,000","52,500,000","67,500,000","54,500,000","49,000,000","49,100,000","64,400,000","46,100,000","46,800,000","42,400,000","51,100,000","38,100,000","32,600,000","29,800,000","36,400,000","26,800,000","27,300,000","22,900,000","29,300,000","25,800,000","26,000,000","23,600,000","33,000,000","22,400,000","25,000,000","23,600,000","33,700,000","20,400,000","23,400,000","20,100,000","28,000,000","18,800,000","18,700,000","18,900,000",,,,,,,,,,,,,,,,,
OperatingExpense,"445,562,000","98,759,000","124,108,000","111,394,000","111,301,000","105,265,000","103,046,000","102,518,000","96,451,000","92,397,000","98,663,000","99,821,000","105,160,000","101,850,000","96,539,000","107,393,000","107,201,000","114,879,000","107,435,000","107,509,000","106,609,000","108,426,000","104,730,000","66,297,000","68,271,000","62,595,000","56,615,000","56,698,000","58,071,000","61,172,000","58,010,000","57,024,000","57,113,000","60,625,000","61,762,000","58,981,000","61,820,000","59,434,000","57,137,000","60,875,000","53,923,000","57,311,000","55,046,000","58,056,000","61,572,000","62,482,000","56,703,000","54,084,000","51,889,000","52,608,000","45,350,000","44,507,000","46,659,000","45,466,000","59,635,000","50,209,000","60,721,000","59,041,000","59,343,000","64,200,000","60,517,000","57,973,000","53,749,000","59,993,000","54,746,000","53,729,000","46,335,000","47,347,000","44,411,000","44,468,000","42,405,000","47,592,000","45,635,000","46,440,000","42,808,000","42,639,000","39,528,000","41,489,000","36,171,000","37,570,000","48,224,000","37,820,000","37,555,000","40,344,000","43,469,000","41,581,000","63,413,000","60,356,000","64,230,000","60,302,000","54,400,000","53,600,000","51,500,000","47,900,000","49,000,000","47,900,000","51,600,000","51,100,000","40,300,000","57,400,000","40,300,000","34,900,000","35,900,000","50,900,000","35,400,000","35,600,000","32,900,000","40,700,000","30,000,000","26,700,000","24,300,000","31,700,000","22,400,000","22,500,000","20,300,000","24,200,000","22,800,000","22,500,000","21,200,000","30,300,000","24,000,000","22,100,000","22,200,000","31,800,000","22,500,000","21,900,000","19,500,000","27,900,000","18,100,000","18,100,000","17,500,000",,,,,,,,,,,,,,,,,
	SellingGeneralAndAdministration,"317,264,000","66,517,000","93,774,000","78,754,000","78,219,000","72,662,000","74,228,000","73,081,000","67,525,000","61,307,000","68,551,000","70,551,000","67,686,000","69,463,000","64,557,000","72,758,000","70,291,000","77,146,000","73,437,000","73,482,000","72,383,000","72,451,000","73,768,000","45,168,000","46,256,000","40,940,000","36,774,000","36,052,000","36,154,000","39,482,000","38,141,000","37,617,000","37,226,000","39,296,000","39,891,000","36,437,000","38,748,000","37,346,000","36,982,000","35,617,000","32,894,000","35,377,000","34,631,000","36,459,000","37,983,000","38,979,000","36,078,000","32,848,000","31,584,000","31,164,000","27,979,000","27,285,000","29,223,000","27,962,000","23,628,000","30,694,000","39,480,000","37,384,000","38,818,000","43,979,000","39,095,000","37,139,000","33,484,000","37,176,000","33,827,000","32,131,000","29,411,000","29,836,000","28,855,000","28,765,000","26,826,000","29,585,000","28,626,000","29,132,000","25,958,000","28,905,000","25,437,000","25,923,000","23,664,000","24,035,000","24,054,000","23,306,000","22,719,000","24,413,000","27,141,000","27,540,000","41,154,000","38,166,000","41,978,000","39,724,000","35,800,000","34,500,000","32,600,000","34,600,000","33,600,000","32,400,000","36,100,000","30,800,000","29,900,000","30,800,000","30,400,000","26,200,000","27,200,000","28,200,000","26,000,000","26,000,000","24,900,000","23,700,000","22,100,000","19,300,000","17,600,000","17,200,000","16,300,000","16,100,000","20,300,000","16,900,000","22,800,000","22,500,000","21,200,000","22,400,000","24,000,000","22,100,000","22,200,000","23,600,000","22,500,000","21,900,000","19,500,000","20,200,000","18,100,000","18,100,000","17,500,000",,,,,,,,,,,,,,,,,
	ResearchAndDevelopment,"125,486,000","31,679,000","29,769,000","32,056,000","31,982,000","32,007,000","28,221,000","28,821,000","28,283,000","29,794,000","28,680,000","27,258,000","30,692,000","30,461,000","28,942,000","32,108,000","34,303,000","34,783,000","31,392,000","31,063,000","30,483,000","30,536,000","27,084,000","20,265,000","21,441,000","20,955,000","19,140,000","19,988,000","21,270,000","21,024,000","19,173,000","18,674,000","19,046,000","20,413,000","20,937,000","21,556,000","21,782,000","20,146,000","19,301,000","19,852,000","19,306,000","20,323,000","18,779,000","19,718,000","21,738,000","21,246,000","18,530,000","19,192,000","18,264,000","19,488,000","15,410,000","15,500,000","15,529,000","15,610,000","14,778,000","17,464,000","19,076,000","19,428,000","18,319,000","18,047,000","19,337,000","18,884,000","18,322,000","20,456,000","18,714,000","19,263,000","14,618,000","15,187,000","13,882,000","14,175,000","14,086,000","16,512,000","15,505,000","15,538,000","14,921,000","14,124,000","12,694,000","12,261,000","11,672,000","12,496,000","12,573,000","13,616,000","13,928,000","13,842,000","14,707,000","13,257,000","15,225,000","15,180,000","15,494,000","14,388,000","12,400,000","13,200,000","11,900,000","10,800,000","10,900,000","10,900,000","11,600,000","11,600,000","10,400,000","12,000,000","9,900,000","8,700,000","8,700,000","10,300,000","9,400,000","9,600,000","8,000,000","8,000,000","7,900,000","7,400,000","6,700,000","6,600,000","6,100,000","6,400,000",,,,,,,,,,,,,,,,,,,,,,,,,,,,,,,,,,
	DepreciationAmortizationDepletionIncomeStatement,"2,812,000","563,000","565,000","584,000","1,100,000","596,000","597,000","616,000","643,000","1,296,000","1,432,000","2,012,000","6,782,000","1,926,000","3,040,000","2,527,000","2,607,000","2,950,000","2,606,000","2,964,000","3,743,000","5,439,000","3,878,000","864,000","574,000","700,000","701,000","658,000","647,000","666,000","696,000","733,000","841,000","916,000","934,000","988,000","1,290,000","1,942,000","854,000","5,406,000","1,723,000","1,611,000","1,636,000","1,879,000","1,851,000","2,257,000","2,095,000","2,044,000","2,041,000","1,956,000","1,961,000","1,722,000","1,907,000","1,894,000","1,943,000","2,051,000","2,165,000","2,229,000","2,206,000","2,174,000","2,085,000","1,950,000","1,943,000","2,361,000","2,205,000","2,335,000","2,306,000","2,324,000","1,674,000","1,528,000","1,493,000","1,495,000","1,504,000","1,770,000","1,929,000","1,968,000","1,397,000","947,000","835,000","812,000","809,000","898,000","908,000","2,089,000","1,621,000","4,842,000","7,034,000","7,010,000","6,758,000","6,190,000","6,200,000","5,900,000","7,000,000","2,500,000","4,500,000","4,600,000","3,900,000","8,700,000",,,,,,,,,,,,,,,,,,,,,,,,,,,,,,,,,,,,,,,,,,,,,,,,,,
		DepreciationAndAmortizationInIncomeStatement,"2,812,000","563,000","565,000","584,000","1,100,000","596,000","597,000","616,000","643,000","1,296,000","1,432,000","2,012,000","6,782,000","1,926,000","3,040,000","2,527,000","2,607,000","2,950,000","2,606,000","2,964,000","3,743,000","5,439,000","3,878,000","864,000","574,000","700,000","701,000","658,000","647,000","666,000","696,000","733,000","841,000","916,000","934,000","988,000","1,290,000","1,942,000","854,000","5,406,000","1,723,000","1,611,000","1,636,000","1,879,000","1,851,000","2,257,000","2,095,000","2,044,000","2,041,000","1,956,000","1,961,000","1,722,000","1,907,000","1,894,000","1,943,000","2,051,000","2,165,000","2,229,000","2,206,000","2,174,000","2,085,000","1,950,000","1,943,000","2,361,000","2,205,000","2,335,000","2,306,000","2,324,000","1,674,000","1,528,000","1,493,000","1,495,000","1,504,000","1,770,000","1,929,000","1,968,000","1,397,000","947,000","835,000","812,000","809,000","898,000","908,000","2,089,000","1,621,000","4,842,000","7,034,000","7,010,000","6,758,000","6,190,000","6,200,000","5,900,000","7,000,000","2,500,000","4,500,000","4,600,000","3,900,000","8,700,000",,,,,,,,,,,,,,,,,,,,,,,,,,,,,,,,,,,,,,,,,,,,,,,,,,
			DepreciationIncomeStatement,,,,,,,,,,,,,,,,,,,,,,,,,,,,,,,,,,,,,,,,,,,,,,,,,,,,,,,,,,,,,,,,,,,,,,,,,,,,,,,,,,,,,,"4,058,000",,,,,,,,,,,,,,,,,,,,,,,,,,,,,,,,,,,,,,,,,,,,,,,,,,,,,,,,,,,,,,
			Amortization,"2,812,000","563,000","565,000","584,000","1,100,000","596,000","597,000","616,000","643,000","1,296,000","1,432,000","2,012,000","6,782,000","1,926,000","3,040,000","2,527,000","2,607,000","2,950,000","2,606,000","2,964,000","3,743,000","5,439,000","3,878,000","864,000","574,000","700,000","701,000","658,000","647,000","666,000","696,000","733,000","841,000","916,000","934,000","988,000","1,290,000","1,942,000","854,000","5,406,000","1,723,000","1,611,000","1,636,000","1,879,000","1,851,000","2,257,000","2,095,000","2,044,000","2,041,000","1,956,000","1,961,000","1,722,000","1,907,000","1,894,000","1,943,000","2,051,000","2,165,000","2,229,000","2,206,000","2,174,000","2,085,000","1,950,000","1,943,000","2,361,000","2,205,000","2,335,000","2,306,000","2,324,000","1,674,000","1,528,000","1,493,000","1,495,000","1,504,000","1,770,000","1,929,000","1,968,000","1,397,000","947,000","835,000","812,000","809,000","898,000","908,000","2,089,000","1,621,000","784,000",,,,,,,,,,,,,,,,,,,,,,,,,,,,,,,,,,,,,,,,,,,,,,,,,,,,,,,,,,,,,,
				AmortizationOfIntangiblesIncomeStatement,"2,812,000","563,000","565,000","584,000","1,100,000","596,000","597,000","616,000","643,000","1,296,000","1,432,000","2,012,000","6,782,000","1,926,000","3,040,000","2,527,000","2,607,000","2,950,000","2,606,000","2,964,000","3,743,000","5,439,000","3,878,000","864,000","574,000","700,000","701,000","658,000","647,000","666,000","696,000","733,000","841,000","916,000","934,000","988,000","1,290,000","1,942,000","854,000","5,406,000","1,723,000","1,611,000","1,636,000","1,879,000","1,851,000","2,257,000","2,095,000","2,044,000","2,041,000","1,956,000","1,961,000","1,722,000","1,907,000","1,894,000","1,943,000","2,051,000","2,165,000","2,229,000","2,206,000","2,174,000","2,085,000","1,950,000","1,943,000","2,361,000","2,205,000","2,335,000","2,306,000","2,324,000","1,674,000","1,528,000","1,493,000","1,495,000","1,504,000","1,770,000","1,929,000","1,968,000","1,397,000","947,000","835,000","812,000","809,000","898,000","908,000","2,089,000","1,621,000","784,000",,,,,,,,,,,,,,,,,,,,,,,,,,,,,,,,,,,,,,,,,,,,,,,,,,,,,,,,,,,,,,
	OtherOperatingExpenses,,,,,,,,,,,,,,,,,,,,,,,,,,,,,,,,,,,,,,,,,,,,,,,,,,,,,,,"19,286,000",,,,,,,,,,,,,,,,,,,,,,,"2,358,000",,"227,000","10,788,000",,,,,"-4,058,000",,,,,,,,,,,,,,,,,,,,,,,,,,,,,,,,,,,,,,,,,,,,,,,,,,,,,,,,,,,,,,
OperatingIncome,"184,355,000","55,775,000","43,456,000","40,442,000","44,682,000","35,760,000","16,950,000","9,715,000","-1,174,000","1,714,000","10,590,000","8,574,000","-7,157,000","28,867,000","52,811,000","82,509,000","101,135,000","100,551,000","109,588,000","114,545,000","100,577,000","71,089,000","36,784,000","48,039,000","26,288,000","26,004,000","27,283,000","34,296,000","20,711,000","22,132,000","24,309,000","23,894,000","17,148,000","20,040,000","15,784,000","26,060,000","21,444,000","16,897,000","20,498,000","16,858,000","26,322,000","20,337,000","25,313,000","31,441,000","28,590,000","26,287,000","25,691,000","15,735,000","22,458,000","13,005,000","5,682,000","-7,007,000","-13,045,000","-5,859,000","-9,246,000","4,820,000","8,538,000","8,083,000","1,151,000","2,226,000","-3,379,000","6,497,000","8,225,000","9,278,000","12,081,000","10,135,000","9,816,000","3,619,000","12,269,000","14,019,000","9,268,000","11,973,000","9,352,000","5,133,000","-1,374,000","-12,254,000","-2,579,000","-498,000","4,272,000","2,915,000","-9,715,000","2,172,000","4,465,000","-5,491,000","12,087,000","20,427,000","17,490,000","17,483,000","14,574,000","12,449,000","11,600,000","11,000,000","8,900,000","7,800,000","6,400,000","4,500,000","-3,000,000","10,300,000","12,200,000","10,100,000","14,200,000","14,100,000","13,200,000","13,500,000","10,700,000","11,200,000","9,500,000","10,400,000","8,100,000","5,900,000","5,500,000","4,700,000","4,400,000","4,800,000","2,600,000","5,100,000","3,000,000","3,500,000","2,400,000","2,700,000","-1,600,000","2,900,000","1,400,000","1,900,000","-2,100,000","1,500,000","600,000","100,000","700,000","600,000","1,400,000","-135,700,000","48,800,000","51,000,000","48,200,000","-133,400,000","42,600,000","44,700,000","47,500,000","-110,600,000","40,600,000","38,000,000","35,000,000","-98,600,000","32,000,000","32,600,000","34,800,000","-84,200,000"
NetNonOperatingInterestIncomeExpense,"-16,482,000","-3,596,000","-4,002,000","-4,421,000","-4,462,000","-4,402,000","-4,315,000","-4,327,000","-3,777,000","-4,053,000","-3,827,000","-4,112,000","-4,717,000","-4,501,000","-4,673,000","-4,422,000","-4,293,000","-7,285,000","-8,276,000","-9,376,000","-7,212,000","-8,863,000","-7,821,000","-949,000","288,000","233,000","225,000","136,000","179,000","147,000","85,000","47,000","192,000","50,000","36,000","-35,000","11,000","52,000","38,000","20,000","-19,000","24,000","200,000","246,000","204,000","144,000","168,000","132,000","115,000","1,267,000","101,000","80,000","153,000","657,000",,,,,,,,,,,,,,,,,,,,,,,,,,,,,,,,,,,,,,,,,,,,,,,,,,,,,,,,,,,,,,,,,,,,,,,,,,,,,,,,,,,,,,,,,,,,,,
	InterestIncomeNonOperating,"447,000","168,000","93,000","97,000","90,000","110,000","162,000","147,000","269,000","370,000","267,000","216,000","257,000","418,000","228,000","216,000","444,000","440,000","471,000","530,000","282,000","135,000","143,000","289,000","351,000","263,000","240,000","155,000","183,000","161,000","96,000","79,000","201,000","58,000","59,000","69,000","48,000","63,000","50,000","28,000","52,000","29,000","202,000","307,000","258,000","161,000","183,000","159,000","274,000","1,290,000","148,000","142,000","210,000","689,000",,,,,,,,,,,,,,,,,,,,,,,,,,,,,,,,,,,,,,,,,,,,,,,,,,,,,,,,,,,,,,,,,,,,,,,,,,,,,,,,,,,,,,,,,,,,,,
	InterestExpenseNonOperating,"16,929,000","3,764,000","4,095,000","4,518,000","4,552,000","4,512,000","4,477,000","4,474,000","4,046,000","4,423,000","4,094,000","4,328,000","4,974,000","4,919,000","4,901,000","4,638,000","4,737,000","7,725,000","8,747,000","9,906,000","7,494,000","8,998,000","7,964,000","1,238,000","63,000","30,000","15,000","19,000","4,000","14,000","11,000","32,000","9,000","8,000","23,000","104,000","37,000","11,000","12,000","8,000","71,000","5,000","2,000","61,000","54,000","17,000","15,000","27,000","159,000","23,000","47,000","62,000","57,000","32,000",,,,,,,,,,,,,,,,,,,,,,,,,,,,,,,,,,,,,,,,,,,,,,,,,,,,,,,,,,,,,,,,,,,,,,,,,,,,,,,,,,,,,,,,,,,,,,
OtherIncomeExpense,"-14,014,000","-3,177,000","-3,160,000","-6,285,000","-1,393,000","-230,120,000","2,026,000","4,763,000","-505,000","-452,635,000","793,000","-1,146,000","331,000","249,000","-4,478,000","-1,405,000","-3,943,000","-2,115,000","-489,000","-3,955,000","-730,000","-1,392,000","18,409,000","-2,619,000","564,000","-2,013,000","-447,000","-696,000","-2,804,000","1,843,000","-770,000","1,709,000","-415,000","990,000","-256,000","-273,000","-964,000","1,243,000","-1,475,000","1,279,000","-1,918,000","1,888,000","318,000","-271,000","562,000","9,181,000","1,586,000","-1,132,000","-300,000","225,000","691,000","1,723,000","3,176,000",,"-23,516,000","-8,952,000","2,779,000","1,079,000","1,973,000","1,849,000","-248,000","620,000","846,000","-5,594,000","382,000","178,000","-786,000","1,490,000","-1,342,000","232,000","-790,000","2,517,000","551,000","351,000","309,000","-14,362,000","-4,472,000","1,627,000","-30,641,000","195,000","-114,399,000","2,095,000","-1,068,000","356,000","-3,394,000","-563,000","300,000","56,504,000","744,000","877,000","-1,600,000","-2,500,000","-15,300,000","500,000","400,000",,"-200,000","200,000","300,000","900,000","4,000,000","200,000","-8,700,000","500,000","2,000,000","1,000,000","1,300,000","200,000","600,000","1,800,000","500,000","700,000","700,000","600,000","500,000","400,000","400,000","500,000","900,000","100,000","1,000,000","-100,000","900,000","700,000","700,000","600,000","500,000","300,000","200,000","300,000","900,000",,,,,,,,,,,,,,,,,
	GainOnSaleOfSecurity,"-3,642,000","-2,683,000","-2,527,000","219,000","1,349,000","1,986,000","1,248,000","4,503,000","-1,004,000","-2,084,000","1,198,000","1,379,000","-524,000","-1,188,000","-4,302,000","-1,365,000","-2,252,000","-2,454,000","-380,000","-1,148,000","-1,303,000","-985,000","13,047,000","-2,586,000","535,000","-2,075,000","-447,000","-1,973,000","-748,000","1,751,000","-777,000","1,740,000","-405,000","903,000","-247,000","-271,000","-917,000","1,024,000","-1,475,000",,,,,,,,,,,,"1,067,000",,"2,259,000",,,,,,,,,,,,,,,,,,,,,,,,,,,,,,,,,,,,,,,,,,,,,,,,,,,,,,,,,,,,,,,,,,,,,,,,,,,,,,,,,,,,,,,,,,,,,,,
	EarningsFromEquityInterest,,,,,,,,,,,,,,,,,,,,,,,,,,,,,,,,,,,,,,,,,,,,,,,,,,,,,,,,,,,,,,,,,,,,,,,,,,,,,,,,,,,,,,"-1,605,000",,,,,,,,,,,,,,,,,,,,,,,,,,,,,,,,,,,,,,,,,,,,,,,,,,,,,,,,,,,,,,
	SpecialIncomeCharges,"-11,363,000","-1,044,000","-977,000","-6,764,000","-2,578,000","-231,996,000",,"0","0","-451,025,000",,"0","0","0","0","0","-611,000","110,000","-265,000","-2,916,000","0","0","5,416,000","0","0",,"0","1,316,000","-2,017,000",,,,,,,,,,,"1,279,000","-1,918,000","1,888,000","318,000","-271,000","562,000","9,181,000","1,586,000","-1,132,000","-300,000","225,000","-376,000","-4,038,000","917,000","0","-23,516,000","-8,952,000","2,779,000","1,079,000","1,973,000","1,849,000","-248,000","620,000","846,000","-5,594,000","382,000","178,000","-786,000","1,490,000","-1,342,000","232,000","-790,000","2,517,000","551,000","351,000","309,000","-14,362,000","-4,472,000","1,627,000","-30,641,000","195,000","-114,399,000","2,095,000","-1,068,000","356,000","-3,394,000","1,042,000","300,000","56,504,000","744,000","877,000","-1,600,000","-2,500,000","-15,300,000","500,000","400,000",,"-200,000","200,000","300,000","900,000","4,000,000","200,000","-8,700,000","500,000","2,000,000","1,000,000","1,300,000","200,000","600,000","1,800,000","500,000","700,000","700,000","600,000","500,000","400,000","400,000","500,000","900,000","100,000","1,000,000","-100,000","900,000","700,000","700,000","600,000","500,000","300,000","200,000","300,000","900,000",,,,,,,,,,,,,,,,,
		RestructuringAndMergernAcquisition,"6,072,000","1,044,000","977,000","1,473,000","2,578,000","231,996,000",,,,,,,,,,"0",,"0","0","0","0","0","-5,416,000","0",,,"0","-1,316,000",,,,,,,,,,,,,,,,,,,,,,,,,,,,,,,,"0",,"111,000","137,000","5,857,000","187,000","-90,000",,"39,000","-360,000","-40,000","300,000","-3,348,000","18,000",,"237,000","14,410,000","289,000","405,000","20,059,000",,,,,,,,,,,,,,,,,,,,,,,,,,,,,,,,,,,,,,,,,,,,,,,,,,,,,,,,,,,,,,,,,,,,,
		ImpairmentOfCapitalAssets,,,,"0","0","0",,"0","0","451,025,000",,,,,,,,,,,,,,,,,,,,,,,,,,,,,,,"1,723,000","1,611,000","1,636,000",,"1,851,000",,,"0","0","0","0","0","0","0",,,,,,,,,,,,,,,,,,,,,,,,,,,,,,,,,,,,,,,,,,,,,,,,,,,,,,,,,,,,,,,,,,,,,,,,,,,,,,,,,,,,,,,,,,,,,,
		WriteOff,,,,,,,,,,,,"0","0","0","0","0","611,000","-110,000","265,000","2,916,000",,,,"0","0",,,"0","2,017,000",,,,,,,,,,,,,,,,,,,,,,,,,,,,,,,,,,,,,,,,,,,,,,,,,,,,,,,,,,,,,,,,,,,,,,,,,,,,,,,,,,,,,,,,,,,,,,,,,,,,,,,,,,,,,,,,,,,,,,,
		OtherSpecialCharges,,,,,,,,,,,,,,,,,,,,,,,,,,,,,,,,,,,,,,,,,"1,937,000","-1,912,000","-518,000",,"-766,000",,,"1,132,000","300,000","-225,000","376,000","4,038,000","-917,000",,,,,,,"-1,849,000",,"-731,000","-983,000","-263,000","-569,000","-88,000",,"-1,529,000","1,702,000","-192,000","490,000","831,000","-569,000",,"-546,000","-48,000","4,183,000","-2,032,000","10,582,000",,,,,,,,,,,,,,,,,,,,,,,,,,,,,,,,,,,,,,,,,,,,,,,,,,,,,,,,,,,,,,,,,,,,,
	OtherNonOperatingIncomeExpenses,"991,000","550,000","344,000","260,000","-164,000","-110,000","778,000","260,000","499,000","474,000","-405,000","-2,525,000","855,000","1,437,000","-176,000","-40,000","-1,080,000","229,000","156,000","109,000","573,000","-407,000","-54,000","-33,000","29,000","62,000","-222,000","-39,000","-39,000","92,000","7,000","-31,000","-10,000","87,000","-9,000","-2,000","-47,000","219,000","-1,437,000",,,,,,,,,,,,,,,,,,,,,,,,,,,,,,,,,,,,,,,,,,,,,,,,,,,,,,,,,,,,,,,,,,,,,,,,,,,,,,,,,,,,,,,,,,,,,,,,,,,,,,,,,,,,,
PretaxIncome,"153,859,000","49,002,000","36,294,000","29,736,000","38,827,000","-198,762,000","14,661,000","10,151,000","-5,456,000","-454,974,000","7,556,000","3,316,000","-11,543,000","24,615,000","43,660,000","76,682,000","92,899,000","91,151,000","100,823,000","101,214,000","92,635,000","60,834,000","47,372,000","44,471,000","27,140,000","24,224,000","27,061,000","33,736,000","18,086,000","24,122,000","23,624,000","25,650,000","16,925,000","21,080,000","15,564,000","25,752,000","20,491,000","18,192,000","19,061,000","18,157,000","24,385,000","22,249,000","25,831,000","31,416,000","29,356,000","35,612,000","27,445,000","14,735,000","22,273,000","14,497,000","6,474,000","-5,204,000","-9,716,000","-7,459,000","-13,476,000","6,592,000","11,317,000","12,346,000","7,032,000","3,641,000","438,000","11,482,000","13,362,000","7,563,000","15,470,000","12,468,000","10,680,000","6,828,000","11,776,000","19,577,000","8,558,000","14,401,000","9,684,000","5,307,000","-1,193,000","-29,679,000","-5,862,000","3,892,000","-25,556,000","5,270,000","-111,645,000","4,927,000","4,247,000","-643,000","10,449,000","19,489,000","19,314,000","72,848,000","14,772,000","12,885,000","10,000,000","10,100,000","-7,900,000","7,700,000","6,300,000","5,200,000","-3,500,000","10,300,000","11,700,000","10,600,000","18,100,000","14,100,000","4,200,000","13,900,000","12,700,000","12,200,000","10,600,000","10,400,000","8,400,000","7,300,000","5,700,000","4,700,000","4,500,000","5,000,000","2,500,000","4,900,000","2,800,000","3,600,000","2,800,000","1,900,000",,"2,500,000","1,900,000","2,100,000","-1,700,000","1,800,000","800,000","300,000","600,000","600,000","2,300,000",,,,,,,,,,,,,,,,,
TaxProvision,"38,598,000","15,326,000","6,029,000","8,678,000","8,565,000","-40,547,000","14,517,000","2,462,000","3,252,000","-36,061,000","1,763,000","2,692,000","-8,444,000","3,865,000","8,110,000","3,497,000","25,929,000","25,849,000","58,920,000","28,327,000","29,764,000","18,646,000","16,674,000","13,686,000","8,490,000","6,443,000","6,775,000","6,434,000","4,822,000","5,709,000","6,194,000","6,553,000","3,926,000","5,773,000","3,861,000","5,237,000","3,806,000","3,190,000","4,908,000","5,609,000","7,177,000","6,094,000","8,780,000","36,000","10,334,000","11,889,000","8,332,000","4,882,000","7,869,000","6,017,000","2,295,000","-709,000","-2,701,000","1,671,000","1,203,000","2,445,000","2,915,000","6,221,000","2,303,000","4,967,000","1,201,000","4,200,000","2,604,000","-9,491,000","4,619,000","4,295,000","1,364,000","1,577,000","2,131,000","-4,728,000","3,347,000","4,616,000","4,261,000","2,567,000","-554,000","253,000","-3,576,000","2,033,000","-5,350,000","-1,398,000","-28,830,000","1,684,000","1,372,000","-931,000","3,791,000","6,556,000","7,249,000","27,884,000","4,875,000","4,482,000","3,300,000","2,900,000","-2,800,000","2,300,000","2,000,000","-1,000,000","-1,800,000","3,500,000","4,200,000","4,000,000","6,700,000","5,200,000","4,700,000","5,300,000","4,800,000","4,800,000","4,100,000","4,100,000","3,300,000","2,900,000","2,200,000","1,700,000","1,600,000","2,000,000","1,100,000","1,500,000","800,000","1,300,000","1,200,000","700,000",,"1,200,000","900,000","1,000,000","400,000","900,000","500,000","2,000,000","500,000","500,000","1,200,000",,,,,,,,,,,,,,,,,
NetIncomeCommonStockholders,"115,261,000","33,676,000","30,265,000","21,058,000","30,262,000","-158,215,000","144,000","7,689,000","-8,708,000","-418,913,000","5,793,000","624,000","-3,099,000","20,750,000","35,550,000","73,185,000","66,970,000","65,302,000","41,901,000","73,752,000","61,117,000","41,845,000","30,408,000","30,785,000","18,650,000","17,781,000","20,286,000","27,302,000","13,264,000","18,413,000","17,430,000","19,097,000","12,999,000","15,307,000","11,703,000","20,515,000","16,685,000","15,002,000","14,153,000","12,548,000","17,208,000","16,155,000","17,051,000","31,380,000","19,022,000","23,723,000","19,113,000","9,853,000","14,404,000","8,480,000","4,179,000","-4,495,000","-7,015,000","-9,130,000","-14,679,000","4,147,000","8,402,000","6,125,000","4,729,000","-1,326,000","-763,000","7,282,000","10,758,000","17,054,000","10,851,000","8,173,000","9,316,000","5,251,000","9,645,000","19,577,000","5,391,000","9,768,000","5,154,000","3,103,000","-306,000","-25,049,000","-2,286,000","1,927,000","-20,483,000","6,425,000","-81,130,000","3,007,000","2,730,000","-365,000","74,172,000","14,712,000","12,231,000","44,964,000","9,897,000","8,403,000","6,700,000","7,200,000","-5,100,000","5,400,000","4,300,000","6,200,000","-1,700,000","6,800,000","7,500,000","6,600,000","11,400,000","8,900,000","-500,000","8,600,000","7,900,000","7,400,000","6,500,000","6,300,000","5,100,000","4,400,000","3,500,000","4,200,000","2,900,000","3,000,000","1,400,000","4,600,000","2,000,000","2,300,000","1,600,000","1,200,000","-900,000","1,300,000","1,000,000","1,100,000","-2,100,000","900,000","300,000","-1,700,000","100,000","100,000","1,100,000",,,,,,,,,,,,,,,,,
	NetIncome,"115,261,000","33,676,000","30,265,000","21,058,000","30,262,000","-158,215,000","144,000","7,689,000","-8,708,000","-418,913,000","5,793,000","624,000","-3,099,000","20,750,000","35,550,000","73,185,000","66,970,000","65,302,000","41,901,000","73,752,000","61,117,000","41,845,000","30,408,000","30,785,000","18,650,000","17,781,000","20,286,000","27,302,000","13,264,000","18,413,000","17,430,000","19,097,000","12,999,000","15,307,000","11,703,000","20,515,000","16,685,000","15,002,000","14,153,000","12,548,000","17,208,000","16,155,000","17,051,000","31,380,000","19,022,000","23,723,000","19,113,000","9,853,000","14,404,000","8,480,000","4,179,000","-4,495,000","-7,015,000","-9,130,000","-14,679,000","4,147,000","8,402,000","6,125,000","4,729,000","-1,326,000","-763,000","7,282,000","10,758,000","17,054,000","10,851,000","8,173,000","9,316,000","5,251,000","9,645,000","19,577,000","5,391,000","9,768,000","5,154,000","3,103,000","-306,000","-25,049,000","-2,286,000","1,927,000","-20,483,000","6,425,000","-81,130,000","3,007,000","2,730,000","-365,000","74,172,000","14,712,000","12,231,000","44,964,000","9,897,000","8,403,000","6,700,000","7,200,000","-5,100,000","5,400,000","4,300,000","6,200,000","-1,700,000","6,800,000","7,500,000","6,600,000","11,400,000","8,900,000","-500,000","8,600,000","7,900,000","7,400,000","6,500,000","6,300,000","5,100,000","4,400,000","3,500,000","4,200,000","2,900,000","3,000,000","1,400,000","4,600,000","2,000,000","2,300,000","1,600,000","1,200,000","-900,000","1,300,000","1,000,000","1,100,000","-2,100,000","900,000","300,000","-1,700,000","100,000","100,000","1,100,000",,,,,,,,,,,,,,,,,
		NetIncomeIncludingNoncontrollingInterests,"115,261,000","33,676,000","30,265,000","21,058,000","30,262,000","-158,215,000","144,000","7,689,000","-8,708,000","-418,913,000","5,793,000","624,000","-3,099,000","20,750,000","35,550,000","73,185,000","66,970,000","65,302,000","41,901,000","73,752,000","61,117,000","41,845,000","30,408,000","30,785,000","18,650,000","17,781,000","20,286,000","27,302,000","13,264,000","18,413,000","17,430,000","19,097,000","12,999,000","15,307,000","11,703,000","20,515,000","16,685,000","15,002,000","14,153,000","12,548,000","17,208,000","16,155,000","17,051,000","31,380,000","19,022,000","23,723,000","19,113,000","9,853,000","14,404,000","8,480,000","4,179,000","-4,495,000","-7,015,000","-9,130,000","-14,679,000","4,147,000","8,402,000","6,125,000","4,729,000","-1,326,000","-763,000","7,282,000","10,758,000","17,054,000","10,851,000","8,173,000","9,316,000","5,251,000","9,645,000","19,577,000","5,211,000","9,785,000","5,423,000","2,958,000","-639,000","-28,393,000","-3,392,000","1,859,000","-20,206,000","6,559,000","-81,218,000","3,243,000","2,875,000","-3,163,000","74,494,000","14,712,000","13,643,000","46,918,000","9,897,000","8,403,000","6,700,000","7,200,000","-5,100,000","5,600,000","4,500,000","6,200,000","-1,700,000","6,800,000","7,800,000","6,600,000","11,400,000","8,900,000","-500,000","8,600,000","7,900,000","7,400,000","6,500,000","6,300,000","5,100,000","4,400,000","3,500,000","4,200,000","2,900,000","3,000,000","1,400,000","4,600,000","2,000,000","2,300,000","1,600,000","1,200,000","-900,000","1,300,000","1,000,000","1,100,000","-2,100,000","900,000","300,000","-1,700,000","100,000","100,000","1,100,000","2,300,000","2,400,000","1,900,000","2,100,000","900,000","-3,200,000","100,000","900,000","900,000","-700,000","-500,000","-800,000","-1,700,000","-700,000","400,000","1,100,000","2,200,000"
			NetIncomeContinuousOperations,"115,261,000","33,676,000","30,265,000","21,058,000","30,262,000","-158,215,000","144,000","7,689,000","-8,708,000","-418,913,000","5,793,000","624,000","-3,099,000","20,750,000","35,550,000","73,185,000","66,970,000","65,302,000","41,903,000","72,887,000","62,871,000","42,188,000","30,698,000","30,785,000","18,650,000","17,781,000","20,286,000","27,302,000","13,264,000","18,413,000","17,430,000","19,097,000","12,999,000","15,307,000","11,703,000","20,515,000","16,685,000","15,002,000","14,153,000","12,548,000","17,208,000","16,155,000","17,051,000","31,380,000","19,022,000","23,723,000","19,113,000","9,853,000","14,404,000","8,480,000","4,179,000","-4,495,000","-7,015,000","-9,130,000","-14,679,000","4,147,000","8,402,000","6,125,000","4,729,000","-1,326,000","-763,000","7,282,000","10,758,000","17,054,000","10,851,000","8,173,000","9,316,000","5,251,000","9,645,000","19,577,000","5,391,000","9,768,000","5,154,000","2,885,000","-306,000","-25,691,000","-2,286,000","1,927,000","-20,483,000","6,241,000","-82,815,000","3,007,000","2,730,000","-253,000","6,658,000","11,328,000","12,065,000","44,964,000","9,897,000","8,403,000","6,700,000","7,200,000","-5,100,000","5,400,000","4,300,000","6,200,000","-1,700,000","6,800,000","7,500,000","6,600,000","11,400,000","8,900,000","-500,000","8,600,000","7,900,000","7,400,000","6,500,000","6,300,000","5,100,000","4,400,000","3,500,000","3,000,000","2,900,000","3,000,000","1,400,000","3,400,000","2,000,000","2,300,000","1,600,000","1,200,000","-900,000","1,300,000","1,000,000","1,100,000","-2,100,000","900,000","300,000","-1,700,000","100,000","100,000","1,100,000","2,300,000","2,400,000","1,900,000","2,100,000","900,000","-3,200,000","100,000","900,000","900,000","-700,000","-500,000","-800,000","-1,700,000","-700,000","400,000","1,100,000","2,200,000"
			NetIncomeDiscontinuousOperations,,,,,,,,,,,,"0","0","0","0","0",,"0","-2,000","865,000","-1,754,000","-343,000","-290,000",,,,,,,,,,,,,,,,,,,,,,,,,,,,,,,,,,,,,,,,,,,,,,,,,"0",,"218,000",,,,,,"184,000","1,685,000",,,"0","67,514,000","3,384,000",,,,,,,,,,,,,,,,,,,,,,,,,,,,,,,,,,,,,,,,,,,,,,,,,,,,,,,,,,,,,,
			NetIncomeExtraordinary,,,,,,,,,,,,,,,,,,,,,,,,,,,,,,,,,,,,,,,,,,,,,,,,,,,,,,,,,,,,,,,,,,,,,,,,,,,,,,,,,,,,"-112,000",,,"166,000",,,,,,,,,,,,,,,,,,,,,,,,,,,,,,,,,,,,,,,,,,,,,,,,,,,,,,,,,,,,,
		MinorityInterests,,,,,,,,,,,,,,,,,,,,,,,,,,,,,,,,,,,,,,,,,,,,,,,,,,,,,,,,,,,,,,,,,,,,"0",,,"180,000","-17,000","-269,000","145,000","333,000","3,344,000","1,106,000","68,000","-277,000","-134,000","88,000","-236,000","-145,000","2,798,000","-322,000",,"-1,412,000",,,,,,,"-200,000","-200,000",,,,"-300,000",,,,,,,,,,,,,,,,,,,,,,,,,,,,,,,,,,,,,,,,,,,,,,,,,
DilutedNIAvailtoComStockholders,"115,261,000","33,676,000","30,265,000","21,058,000","30,262,000","-158,215,000","144,000","7,689,000","-8,708,000","-418,913,000","5,793,000","624,000","-3,099,000","20,750,000","35,550,000","73,185,000","66,970,000","65,302,000","41,901,000","73,752,000","61,117,000","41,845,000","30,408,000","30,785,000","18,650,000","17,781,000","20,286,000","27,302,000","13,264,000","18,413,000","17,430,000","19,097,000","12,999,000","15,307,000","11,703,000","20,515,000","16,685,000","15,002,000","14,153,000","12,548,000","17,208,000","16,155,000","17,051,000","31,380,000","19,022,000","23,723,000","19,113,000","9,853,000","14,404,000","8,480,000","4,179,000","-4,495,000","-7,015,000","-9,130,000","-14,679,000","4,147,000","8,402,000","6,125,000","4,729,000","-1,326,000","-763,000","7,282,000","10,758,000","17,054,000","10,851,000","8,173,000","9,316,000","5,251,000","9,645,000","19,577,000","5,391,000","9,768,000","5,154,000","3,103,000","-306,000","-25,049,000","-2,286,000","1,927,000","-20,483,000","6,425,000","-81,130,000","3,007,000","2,730,000","-365,000","74,172,000","14,712,000","12,231,000","44,964,000","9,897,000","8,403,000","6,700,000","7,200,000","-5,100,000","5,400,000","4,300,000","6,200,000","-1,700,000","6,800,000","7,500,000","6,600,000","11,400,000","8,900,000","-500,000","8,600,000","7,900,000","7,400,000","6,500,000","6,300,000","5,100,000","4,400,000","3,500,000","4,200,000","2,900,000","3,000,000","1,400,000","4,600,000","2,000,000","2,300,000","1,600,000","1,200,000","-900,000","1,300,000","1,000,000","1,100,000","-2,100,000","900,000","300,000","-1,700,000","100,000","100,000","1,100,000",,,,,,,,,,,,,,,,,
BasicEPS,,"1.36","1.23","0.86","1.24","-6.49","0.01","0.32","-0.36","-17.39","0.24","0.03","-0.13","0.86","1.46","3.02","2.72","2.64","1.7","3","2.49","1.71","1.25","1.27","0.77","0.74","0.85","1.11","0.54","0.75","0.7","0.77","0.52","0.62","0.48","0.84","0.69","0.62","0.6",,"0.73","0.69","0.73",,"0.76","0.94","0.77",,"0.58","0.34","0.17",,"-0.29","-0.38","-0.61",,"0.36","0.2","0.15",,"-0.02","0.23","0.34",,"0.35","0.27","0.3",,"0.31","0.64","0.18",,"0.17","0.1","-0.01",,"-0.08","0.07","-0.7",,"-2.81","0.1","0.1",,"2.66","0.54","0.45",,"0.39","0.34","0.27",,"-0.21","0.22","0.18",,"-0.07","0.29","0.33",,"0.5","0.39","-0.02",,"0.34","0.32","0.29",,"0.23","0.2","0.17",,"0.14","0.15","0.07",,"0.1","0.12","0.08",,"-0.05","0.07","0.06",,"-0.12","0.05","0.02",,"0.01","0.01","0.06",,"0.13","0.11","0.12",,"-0.19","0.01","0.06",,"-0.05","-0.03","-0.05",,"-0.05","0.03","0.07",
DilutedEPS,,"1.35","1.21","0.85","1.22","-6.49","0.01","0.32","-0.36","-17.39","0.24","0.03","-0.13","0.85","1.45","2.99","2.69","2.61","1.67","2.96","2.46","1.69","1.23","1.25","0.76","0.73","0.84","1.1","0.53","0.74","0.69","0.76","0.52","0.61","0.47","0.83","0.68","0.61","0.58",,"0.72","0.67","0.71",,"0.74","0.92","0.76",,"0.57","0.34","0.17",,"-0.29","-0.38","-0.61",,"0.35","0.19","0.15",,"-0.02","0.23","0.33",,"0.34","0.26","0.3",,"0.31","0.63","0.17",,"0.17","0.1","-0.01",,"-0.08","0.07","-0.7",,"-2.81","0.1","0.09",,"2.57","0.51","0.43",,"0.36","0.31","0.26",,"-0.21","0.22","0.18",,"-0.07","0.29","0.32",,"0.48","0.38","-0.02",,"0.34","0.32","0.29",,"0.23","0.2","0.17",,"0.14","0.15","0.07",,"0.1","0.12","0.08",,"-0.05","0.07","0.06",,"-0.12","0.05","0.02",,"0.01","0.01","0.06",,"0.13","0.11","0.12",,"-0.19","0.01","0.06",,"-0.05","-0.03","-0.05",,"-0.05","0.03","0.07",
BasicAverageShares,,"24,708,000","24,542,000","24,472,000","24,435,000","24,389,000","24,264,000","24,193,000","24,159,000","24,095,000","23,971,000","23,919,000","24,054,000","24,232,000","24,268,000","24,236,000","24,658,000","24,761,000","24,635,000","24,568,000","24,537,000","24,496,000","24,347,000","24,244,000","24,192,000","24,137,000","23,996,000","24,632,000","24,737,000","24,709,000","24,936,000","24,880,000","24,837,000","24,782,000","24,542,000","24,385,000","24,310,000","24,085,000","23,770,000",,"23,633,000","23,521,000","23,462,000",,"25,066,000","25,246,000","24,688,000",,"25,022,000","24,704,000","24,469,000",,"24,331,000","24,258,000","24,145,000",,"23,514,000","31,394,000","31,417,000",,"31,417,000","31,417,000","31,339,000",,"30,868,000","30,754,000","31,124,000",,"30,856,000","30,628,000","30,482,000",,"30,243,000","30,121,000","30,001,000",,"29,537,000","29,265,000","29,134,000",,"28,922,000","28,684,000","28,511,000",,"27,870,000","27,397,000","27,230,000",,"25,314,000","24,892,000","24,517,000",,"24,285,714","24,545,455","23,888,889",,"24,285,714","23,448,276","22,727,273",,"22,800,000","22,820,513","25,000,000",,"23,235,294","23,125,000","22,413,793",,"22,173,913","22,000,000","20,588,235",,"20,714,286","20,000,000","20,000,000",,"20,000,000","19,166,667","20,000,000",,"18,000,000","18,571,429","16,666,667",,"17,500,000","18,000,000","15,000,000",,"17,142,857","18,333,333","18,333,333",,"17,712,000","17,486,000","17,410,000",,"16,968,000","16,590,000","16,428,000",,"15,980,000","15,980,000","15,980,000",,"15,766,000","15,730,000","15,572,000",
DilutedAverageShares,,"24,935,000","24,919,000","24,899,000","24,842,000","24,389,000","24,455,000","24,360,000","24,159,000","24,095,000","24,160,000","24,118,000","24,196,000","24,332,000","24,472,000","24,490,000","24,877,000","25,010,000","25,025,000","24,883,000","24,823,000","24,757,000","24,644,000","24,582,000","24,467,000","24,362,000","24,236,000","24,914,000","24,972,000","24,891,000","25,197,000","25,230,000","25,115,000","25,044,000","24,915,000","24,836,000","24,690,000","24,475,000","24,222,000",,"24,054,000","23,996,000","23,961,000",,"25,587,000","25,832,000","25,268,000",,"25,438,000","24,996,000","24,678,000",,"24,331,000","24,258,000","24,145,000",,"24,110,000","31,874,000","31,959,000",,"31,417,000","31,937,000","32,125,000",,"31,592,000","31,316,000","31,475,000",,"31,454,000","31,112,000","30,867,000",,"30,620,000","30,551,000","30,001,000",,"29,537,000","29,503,000","29,134,000",,"28,922,000","29,268,000","29,079,000",,"28,908,000","28,736,000","28,537,000",,"27,500,000","27,412,000","25,776,000",,"24,285,714","24,545,455","23,888,889",,"24,285,714","23,448,276","23,437,500",,"23,750,000","23,421,053","25,000,000",,"23,235,294","23,125,000","22,413,793",,"22,173,913","22,000,000","20,588,235",,"20,714,286","20,000,000","20,000,000",,"20,000,000","19,166,667","20,000,000",,"18,000,000","18,571,429","16,666,667",,"17,500,000","18,000,000","15,000,000",,"17,142,857","18,333,333","18,333,333",,"17,712,000","17,486,000","17,410,000",,"16,968,000","16,590,000","16,428,000",,"15,980,000","15,980,000","15,980,000",,"15,766,000","15,730,000","15,572,000",
TotalOperatingIncomeAsReported,"178,283,000","54,731,000","42,479,000","38,969,000","42,104,000","-196,236,000","16,950,000","9,715,000","-1,174,000","-449,311,000","10,590,000","8,574,000","-7,157,000","28,867,000","52,811,000","82,509,000","100,524,000","100,661,000","109,323,000","111,629,000","100,577,000","71,089,000","42,200,000","48,039,000","26,288,000","26,004,000","27,283,000","35,612,000","18,694,000","22,132,000","24,309,000","23,894,000","17,148,000","20,040,000","15,784,000","26,060,000","21,444,000","16,897,000","20,498,000","16,858,000","26,322,000","20,337,000","25,313,000","31,441,000","28,590,000","26,287,000","25,691,000","15,735,000","22,458,000","13,005,000","5,682,000","-7,007,000","-13,045,000","-5,859,000","-9,246,000","4,820,000","8,538,000","8,083,000","1,151,000","2,226,000","-5,579,000","6,386,000","8,088,000","3,421,000","11,894,000","10,225,000","9,126,000","3,580,000","11,052,000","14,059,000","8,968,000","15,321,000","9,334,000","5,133,000","-1,611,000","-28,572,000","-7,298,000","-903,000","-15,787,000","2,915,000","-9,715,000","2,172,000","4,465,000","-5,491,000","9,616,000","16,369,000","17,490,000","17,483,000","14,574,000","12,449,000","11,600,000","11,000,000","8,900,000","7,800,000","6,400,000","4,500,000","-3,000,000","10,300,000","12,200,000","10,100,000","14,200,000","14,100,000","13,200,000","13,500,000","10,700,000","11,200,000","9,500,000","10,400,000","8,100,000","5,900,000","5,500,000","4,700,000","4,400,000","4,800,000","2,600,000","5,100,000","3,000,000","3,500,000","2,400,000","2,700,000","-1,600,000","2,900,000","1,400,000","1,900,000","-2,100,000","1,500,000","600,000","100,000","700,000","600,000","1,400,000",,,,,,,,,,,,,,,,,
TotalExpenses,"1,357,789,000","314,429,000","341,051,000","351,232,000","351,077,000","338,222,000","309,103,000","307,036,000","299,504,000","291,433,000","310,181,000","326,890,000","346,327,000","343,993,000","330,335,000","379,039,000","381,207,000","380,567,000","367,977,000","375,753,000","363,530,000","351,744,000","309,289,000","200,422,000","192,479,000","173,878,000","162,992,000","175,326,000","167,791,000","181,589,000","176,306,000","181,450,000","179,369,000","179,182,000","177,772,000","187,081,000","192,281,000","183,161,000","162,704,000","171,796,000","170,061,000","172,947,000","165,454,000","176,520,000","182,292,000","174,593,000","157,420,000","150,663,000","144,239,000","136,152,000","117,133,000","114,600,000","111,524,000","111,281,000","133,634,000","137,180,000","148,486,000","147,859,000","143,145,000","156,694,000","145,987,000","145,619,000","139,284,000","148,868,000","137,443,000","135,853,000","121,178,000","130,167,000","113,000,000","117,156,000","116,754,000","121,271,000","118,599,000","120,675,000","109,325,000","113,773,000","101,753,000","104,010,000","97,758,000","103,209,000","105,647,000","96,477,000","92,154,000","120,466,000","109,282,000","109,361,000","137,026,000","137,478,000","134,862,000","124,232,000","115,600,000","120,700,000","106,200,000","108,700,000","99,200,000","100,000,000","101,600,000","95,600,000","89,200,000","93,700,000","88,100,000","76,900,000","80,700,000","87,300,000","78,600,000","79,400,000","74,200,000","73,800,000","68,100,000","60,600,000","53,100,000","53,200,000","50,900,000","50,400,000","44,400,000","32,500,000","51,000,000","51,500,000","47,900,000","52,100,000","52,100,000","52,500,000","53,300,000","54,800,000","50,400,000","53,000,000","47,700,000","51,900,000","46,200,000","45,900,000","44,400,000",,,,,,,,,,,,,,,,,
NetIncomeFromContinuingAndDiscontinuedOperation,"115,261,000","33,676,000","30,265,000","21,058,000","30,262,000","-158,215,000","144,000","7,689,000","-8,708,000","-418,913,000","5,793,000","624,000","-3,099,000","20,750,000","35,550,000","73,185,000","66,970,000","65,302,000","41,901,000","73,752,000","61,117,000","41,845,000","30,408,000","30,785,000","18,650,000","17,781,000","20,286,000","27,302,000","13,264,000","18,413,000","17,430,000","19,097,000","12,999,000","15,307,000","11,703,000","20,515,000","16,685,000","15,002,000","14,153,000","12,548,000","17,208,000","16,155,000","17,051,000","31,380,000","19,022,000","23,723,000","19,113,000","9,853,000","14,404,000","8,480,000","4,179,000","-4,495,000","-7,015,000","-9,130,000","-14,679,000","4,147,000","8,402,000","6,125,000","4,729,000","-1,326,000","-763,000","7,282,000","10,758,000","17,054,000","10,851,000","8,173,000","9,316,000","5,251,000","9,645,000","19,577,000","5,391,000","9,768,000","5,154,000","3,103,000","-306,000","-25,049,000","-2,286,000","1,927,000","-20,483,000","6,425,000","-81,130,000","3,007,000","2,730,000","-253,000","74,172,000","14,712,000","12,065,000","44,964,000","9,897,000","8,403,000","6,700,000","7,200,000","-5,100,000","5,400,000","4,300,000","6,200,000","-1,700,000","6,800,000","7,500,000","6,600,000","11,400,000","8,900,000","-500,000","8,600,000","7,900,000","7,400,000","6,500,000","6,300,000","5,100,000","4,400,000","3,500,000","4,200,000","2,900,000","3,000,000","1,400,000","-1,000,000","2,000,000","2,300,000","1,600,000","1,200,000","-900,000","1,300,000","1,000,000","1,100,000","-2,100,000","900,000","300,000","-1,700,000","100,000","100,000","1,100,000",,,,,,,,,,,,,,,,,
NormalizedIncome,"126,501,754.879","36,236,449","33,187,336","25,692,941.149","31,219,391","24,872,960","-767,040","4,278,147.178","-7,975,080","-1,599,611","4,874,134","-382,670","-2,716,480","21,751,484","39,051,828","74,487,750.646","69,034,223","66,980,304","42,290,000","75,813,598.771","63,755,737","42,870,605","18,733,976","32,575,155.607","18,282,455","19,304,050","20,621,250","27,833,699.49","15,290,745","17,076,987","18,003,426","17,801,530.994","13,310,040","14,651,422","11,888,744","20,730,888.669","17,431,438","14,157,200","15,248,925","11,664,104.423","18,561,493.705","14,784,123.107","16,841,088.731","31,650,689.458","18,657,837.171","17,607,059.783","18,008,492.148","10,609,945.775","14,598,010.686","8,333,750","3,732,955.978","-5,983,256.149","-9,308,087.69","-9,130,000","606,400","9,778,666.262","6,338,806.751","5,423,650","3,402,163.111","-2,527,850","-601,800","6,888,789.758","10,076,869.331","20,410,400","10,583,056.755","8,056,317.774","10,001,615.73","4,105,131.517","10,744,149.966","19,437,800","5,872,034.12","8,057,782.307","4,823,400","2,674,400","-491,400","-17,073,800","397,200","950,800","3,743,484.818","6,124,000","2,042,836.759","1,628,050.335","3,452,980.928","-466,600","8,820,623.409","10,636,523.475","11,877,597.08","10,088,013.617","9,398,532.088","7,831,061.234","7,772,000","8,982,178.218","4,777,215.19","5,049,350.649","4,026,984.127","6,200,000","-1,580,000","6,667,961.165","7,307,692.308","6,039,622.642","8,880,662.983","8,773,758.865","4,720,000","8,290,647.482","6,655,905.512","6,793,442.623","5,702,830.189","6,178,846.154","4,735,714.286","3,315,068.493","3,192,982.456","2,553,191.489","2,448,888.889","2,640,000","1,100,000","3,122,448.98","1,714,285.714","1,980,555.556","1,060,000","1,136,842.105","-1,500,000","1,360,000","460,000","680,000","-2,520,000","540,000","0","-1,880,000","-20,000","-80,000","560,000",,,,,,,,,,,,,,,,,
InterestIncome,"447,000","168,000","93,000","97,000","90,000","110,000","162,000","147,000","269,000","370,000","267,000","216,000","257,000","418,000","228,000","216,000","444,000","440,000","471,000","530,000","282,000","135,000","143,000","289,000","351,000","263,000","240,000","155,000","183,000","161,000","96,000","79,000","201,000","58,000","59,000","69,000","48,000","63,000","50,000","28,000","52,000","29,000","202,000","307,000","258,000","161,000","183,000","159,000","274,000","1,290,000","148,000","142,000","210,000","689,000",,,,,,,,,,,,,,,,,,,,,,,,,,,,,,,,,,,,,,,,,,,,,,,,,,,,,,,,,,,,,,,,,,,,,,,,,,,,,,,,,,,,,,,,,,,,,,
InterestExpense,"16,929,000","3,764,000","4,095,000","4,518,000","4,552,000","4,512,000","4,477,000","4,474,000","4,046,000","4,423,000","4,094,000","4,328,000","4,974,000","4,919,000","4,901,000","4,638,000","4,737,000","7,725,000","8,747,000","9,906,000","7,494,000","8,998,000","7,964,000","1,238,000","63,000","30,000","15,000","19,000","4,000","14,000","11,000","32,000","9,000","8,000","23,000","104,000","37,000","11,000","12,000","8,000","71,000","5,000","2,000","61,000","54,000","17,000","15,000","27,000","159,000","23,000","47,000","62,000","57,000","32,000",,,,,,,,,,,,,,,,,,,,,,,,,,,,,,,,,,,,,,,,,,,,,,,,,,,,,,,,,,,,,,,,,,,,,,,,,,,,,,,,,,,,,,,,,,,,,,
NetInterestIncome,"-16,482,000","-3,596,000","-4,002,000","-4,421,000","-4,462,000","-4,402,000","-4,315,000","-4,327,000","-3,777,000","-4,053,000","-3,827,000","-4,112,000","-4,717,000","-4,501,000","-4,673,000","-4,422,000","-4,293,000","-7,285,000","-8,276,000","-9,376,000","-7,212,000","-8,863,000","-7,821,000","-949,000","288,000","233,000","225,000","136,000","179,000","147,000","85,000","47,000","192,000","50,000","36,000","-35,000","11,000","52,000","38,000","20,000","-19,000","24,000","200,000","246,000","204,000","144,000","168,000","132,000","115,000","1,267,000","101,000","80,000","153,000","657,000",,,,,,,,,,,,,,,,,,,,,,,,,,,,,,,,,,,,,,,,,,,,,,,,,,,,,,,,,,,,,,,,,,,,,,,,,,,,,,,,,,,,,,,,,,,,,,
EBIT,"170,788,000","52,766,000","40,389,000","34,254,000","43,379,000","-194,250,000","19,138,000","14,625,000","-1,410,000","-450,551,000","11,650,000","7,644,000","-6,569,000","29,534,000","48,561,000","81,320,000","97,636,000","98,876,000","109,570,000","111,120,000","100,129,000","69,832,000","55,336,000","45,709,000","27,203,000","24,254,000","27,076,000","33,755,000","18,090,000","24,136,000","23,635,000","25,682,000","16,934,000","21,088,000","15,587,000","25,856,000","20,528,000","18,203,000","19,073,000","18,165,000","24,456,000","22,254,000","25,833,000","31,477,000","29,410,000","35,629,000","27,460,000","14,762,000","22,432,000","14,520,000","6,521,000","-5,142,000","-9,659,000","-7,427,000","-9,246,000","4,820,000","8,538,000","8,083,000","1,151,000","2,226,000","-3,379,000","6,497,000","8,225,000","9,278,000","12,081,000","10,135,000","9,816,000","3,619,000","12,269,000","14,019,000","9,268,000","11,973,000","9,352,000","5,133,000","-1,374,000","-12,254,000","-2,579,000","-498,000","4,272,000","2,915,000","-9,715,000","2,172,000","4,465,000","-5,491,000","12,087,000","20,427,000","17,490,000","17,483,000","14,574,000","12,449,000","11,600,000","11,000,000","8,900,000","7,800,000","6,400,000","4,500,000","-3,000,000","10,300,000","12,200,000","10,100,000","14,200,000","14,100,000","13,200,000","13,500,000","10,700,000","11,200,000","9,500,000","10,400,000","8,100,000","5,900,000","5,500,000","4,700,000","4,400,000","4,800,000","2,600,000","5,100,000","3,000,000","3,500,000","2,400,000","2,700,000","-1,600,000","2,900,000","1,400,000","1,900,000","-2,100,000","1,500,000","600,000","100,000","700,000","600,000","1,400,000","-135,700,000","48,800,000","51,000,000","48,200,000","-133,400,000","42,600,000","44,700,000","47,500,000","-110,600,000","40,600,000","38,000,000","35,000,000","-98,600,000","32,000,000","32,600,000","34,800,000","-84,200,000"
EBITDA,"241,905,000"
ReconciledCostOfRevenue,"843,922,000","199,965,000","201,286,000","220,695,000","221,976,000","215,666,000","189,007,000","187,837,000","186,378,000","171,653,000","183,378,000","201,883,000","215,551,000","216,263,000","207,853,000","245,165,000","248,068,000","240,465,000","235,493,000","242,842,000","233,594,000","221,031,000","187,354,000","126,245,000","116,223,000","103,408,000","98,601,000","110,856,000","102,390,000","112,821,000","110,602,000","116,245,000","114,213,000","110,214,000","107,800,000","119,664,000","122,428,000","115,582,000","99,132,000","108,827,000","110,465,000","109,958,000","104,580,000","112,778,000","115,584,000","107,161,000","95,950,000","91,629,000","87,318,000","77,621,000","66,031,000","65,267,000","60,213,000","60,828,000","69,270,000","81,329,000","82,329,000","82,558,000","77,821,000","81,632,000","78,650,000","80,879,000","79,023,000","81,755,000","76,104,000","75,428,000","68,358,000","75,989,000","61,554,000","65,585,000","67,039,000","66,741,000","65,669,000","65,788,000","59,658,000","63,263,000","55,051,000","55,501,000","54,650,000","59,226,000","50,972,000","52,923,000","49,119,000","76,061,000","58,270,000","69,373,000","73,613,000","77,122,000","70,632,000","63,930,000","61,200,000","67,100,000","54,700,000","60,800,000","50,200,000","52,100,000","50,000,000","44,500,000","48,900,000","36,300,000","47,800,000","42,000,000","44,800,000","36,400,000","43,200,000","43,800,000","41,300,000","33,100,000","38,100,000","33,900,000","28,800,000","21,500,000","28,500,000","27,900,000","24,100,000","8,300,000","28,200,000","29,000,000","26,700,000","21,800,000","28,100,000","30,400,000","31,100,000","23,000,000","27,900,000","31,100,000","28,200,000","24,000,000","28,100,000","27,800,000","26,900,000",,,,,,,,,,,,,,,,,
ReconciledDepreciation,"71,117,000","16,268,000","16,222,000","19,727,000","18,900,000","17,887,000","17,647,000","17,297,000","17,318,000","28,679,000","29,572,000","27,198,000","32,398,000","27,806,000","28,983,000","29,008,000","28,545,000","28,173,000","27,655,000","28,366,000","27,070,000","27,726,000","21,083,000","8,744,000","8,559,000","8,575,000","8,477,000","8,430,000","7,977,000","8,262,000","8,390,000","8,914,000","8,884,000","9,259,000","9,144,000","9,424,000","9,323,000","10,087,000","7,289,000","7,500,000","7,396,000","7,289,000","7,464,000","7,565,000","6,987,000","7,207,000","6,862,000","6,994,000","7,073,000","7,879,000","7,713,000","6,548,000","6,559,000","6,881,000","6,672,000","7,693,000","7,601,000","8,489,000","8,187,000","13,036,000","8,905,000","8,717,000","8,455,000","9,481,000","8,798,000","9,031,000","8,791,000","9,155,000","8,709,000","8,631,000","8,803,000","8,433,000","8,799,000","10,217,000","8,788,000","9,839,000","8,571,000","7,967,000","7,772,000","7,225,000","7,260,000","6,632,000","6,388,000","6,150,000","9,164,000","3,249,000","7,034,000","7,010,000","6,758,000","6,190,000","6,200,000","5,900,000","7,000,000","2,500,000","4,500,000","4,600,000","3,900,000","8,700,000",,,,,,,,,,,,,,,,,,,,,,,,,,,,,,,,,,,,,,,,,,,,,,,,,,
NetIncomeFromContinuingOperationNetMinorityInterest,"115,261,000","33,676,000","30,265,000","21,058,000","30,262,000","-158,215,000","144,000","7,689,000","-8,708,000","-418,913,000","5,793,000","624,000","-3,099,000","20,750,000","35,550,000","73,185,000","66,970,000","65,302,000","41,903,000","72,887,000","62,871,000","42,188,000","30,698,000","30,785,000","18,650,000","17,781,000","20,286,000","27,302,000","13,264,000","18,413,000","17,430,000","19,097,000","12,999,000","15,307,000","11,703,000","20,515,000","16,685,000","15,002,000","14,153,000","12,548,000","17,208,000","16,155,000","17,051,000","31,380,000","19,022,000","23,723,000","19,113,000","9,853,000","14,404,000","8,480,000","4,179,000","-4,495,000","-7,015,000","-9,130,000","-14,679,000","4,147,000","8,402,000","6,125,000","4,729,000","-1,326,000","-763,000","7,282,000","10,758,000","17,054,000","10,851,000","8,173,000","9,316,000","5,251,000","9,645,000","19,577,000","5,391,000","9,768,000","5,154,000","2,885,000","-306,000","-25,691,000","-2,286,000","1,927,000","-20,483,000","6,241,000","-82,815,000","3,007,000","2,730,000","-253,000","6,658,000","11,328,000","12,065,000","44,964,000","9,897,000","8,403,000","6,700,000","7,200,000","-5,100,000","5,400,000","4,300,000","6,200,000","-1,700,000","6,800,000","7,500,000","6,600,000","11,400,000","8,900,000","-500,000","8,600,000","7,900,000","7,400,000","6,500,000","6,300,000","5,100,000","4,400,000","3,500,000","3,000,000","2,900,000","3,000,000","1,400,000","3,400,000","2,000,000","2,300,000","1,600,000","1,200,000","-900,000","1,300,000","1,000,000","1,100,000","-2,100,000","900,000","300,000","-1,700,000","100,000","100,000","1,100,000",,,,,,,,,,,,,,,,,
TotalUnusualItemsExcludingGoodwill,"-15,005,000","-3,727,000","-3,504,000","-6,545,000","-1,229,000","-230,010,000","1,248,000","4,503,000","-1,004,000","-453,109,000","1,198,000","1,379,000","-524,000","-1,188,000","-4,302,000","-1,365,000","-2,863,000","-2,344,000","-645,000","-4,064,000","-1,303,000","-985,000","18,463,000","-2,586,000","535,000","-2,075,000","-447,000","-657,000","-2,765,000","1,751,000","-777,000","1,740,000","-405,000","903,000","-247,000","-271,000","-917,000","1,024,000","-1,475,000","1,279,000","-1,918,000","1,888,000","318,000","-271,000","562,000","9,181,000","1,586,000","-1,132,000","-300,000","225,000","691,000","1,723,000","3,176,000","0","-23,516,000","-8,952,000","2,779,000","1,079,000","1,973,000","1,849,000","-248,000","620,000","846,000","-5,594,000","382,000","178,000","-786,000","1,490,000","-1,342,000","232,000","-790,000","2,517,000","551,000","351,000","309,000","-14,362,000","-4,472,000","1,627,000","-30,641,000","195,000","-114,399,000","2,095,000","-1,068,000","356,000","-3,394,000","1,042,000","300,000","56,504,000","744,000","877,000","-1,600,000","-2,500,000","-15,300,000","500,000","400,000",,"-200,000","200,000","300,000","900,000","4,000,000","200,000","-8,700,000","500,000","2,000,000","1,000,000","1,300,000","200,000","600,000","1,800,000","500,000","700,000","700,000","600,000","500,000","400,000","400,000","500,000","900,000","100,000","1,000,000","-100,000","900,000","700,000","700,000","600,000","500,000","300,000","200,000","300,000","900,000",,,,,,,,,,,,,,,,,
TotalUnusualItems,"-15,005,000","-3,727,000","-3,504,000","-6,545,000","-1,229,000","-230,010,000","1,248,000","4,503,000","-1,004,000","-453,109,000","1,198,000","1,379,000","-524,000","-1,188,000","-4,302,000","-1,365,000","-2,863,000","-2,344,000","-645,000","-4,064,000","-1,303,000","-985,000","18,463,000","-2,586,000","535,000","-2,075,000","-447,000","-657,000","-2,765,000","1,751,000","-777,000","1,740,000","-405,000","903,000","-247,000","-271,000","-917,000","1,024,000","-1,475,000","1,279,000","-1,918,000","1,888,000","318,000","-271,000","562,000","9,181,000","1,586,000","-1,132,000","-300,000","225,000","691,000","1,723,000","3,176,000","0","-23,516,000","-8,952,000","2,779,000","1,079,000","1,973,000","1,849,000","-248,000","620,000","846,000","-5,594,000","382,000","178,000","-786,000","1,490,000","-1,342,000","232,000","-790,000","2,517,000","551,000","351,000","309,000","-14,362,000","-4,472,000","1,627,000","-30,641,000","195,000","-114,399,000","2,095,000","-1,068,000","356,000","-3,394,000","1,042,000","300,000","56,504,000","744,000","877,000","-1,600,000","-2,500,000","-15,300,000","500,000","400,000",,"-200,000","200,000","300,000","900,000","4,000,000","200,000","-8,700,000","500,000","2,000,000","1,000,000","1,300,000","200,000","600,000","1,800,000","500,000","700,000","700,000","600,000","500,000","400,000","400,000","500,000","900,000","100,000","1,000,000","-100,000","900,000","700,000","700,000","600,000","500,000","300,000","200,000","300,000","900,000",,,,,,,,,,,,,,,,,
NormalizedEBITDA,"256,910,000","72,761,000","60,115,000","60,526,000","63,508,000","53,647,000","35,537,000","27,419,000","16,912,000","31,237,000","40,024,000","33,463,000","26,353,000","58,528,000","81,846,000","111,693,000","129,044,000","129,393,000","137,870,000","143,550,000","128,502,000","98,543,000","57,956,000","57,039,000","35,227,000","34,904,000","36,000,000","42,842,000","28,832,000","30,647,000","32,802,000","32,856,000","26,223,000","29,444,000","24,978,000","35,551,000","30,768,000","27,266,000","27,837,000","24,386,000","33,770,000","27,655,000","32,979,000","39,313,000","35,835,000","33,655,000","32,736,000","22,888,000","29,805,000","22,174,000","13,543,000","-317,000","-6,276,000","-546,000","20,942,000","21,465,000","13,360,000","15,493,000","7,365,000","13,413,000","5,774,000","14,594,000","15,834,000","24,353,000","20,497,000","18,988,000","19,393,000","11,284,000","22,320,000","22,418,000","18,861,000","17,889,000","17,600,000","14,999,000","7,105,000","11,947,000","10,464,000","5,842,000","42,685,000","9,945,000","111,944,000","6,709,000","11,921,000","303,000","24,645,000","24,227,000","24,224,000","-32,011,000","20,588,000","17,762,000","19,400,000","19,400,000","31,200,000","9,800,000","10,500,000","9,100,000","1,100,000","18,800,000","11,900,000","9,200,000","10,200,000","13,900,000","21,900,000","13,000,000","8,700,000","10,200,000","8,200,000","10,200,000","7,500,000","4,100,000","5,000,000","4,000,000","3,700,000","4,200,000","2,100,000","4,700,000","2,600,000","3,000,000","1,500,000","2,600,000","-2,600,000","3,000,000","500,000","1,200,000","-2,800,000","900,000","100,000","-200,000","500,000","300,000","500,000","-135,700,000","48,800,000","51,000,000","48,200,000","-133,400,000","42,600,000","44,700,000","47,500,000","-110,600,000","40,600,000","38,000,000","35,000,000","-98,600,000","32,000,000","32,600,000","34,800,000","-84,200,000"
TaxRateForCalcs,"0.251","0.313","0.166","0.292","0.221","0.204","0.27","0.243","0.27","0.079","0.233","0.27","0.27","0.157","0.186","0.046","0.279","0.284","0.4","0.28","0.321","0.307","0.352","0.308","0.313","0.266","0.25","0.191","0.267","0.237","0.262","0.255","0.232","0.274","0.248","0.203","0.186","0.175","0.257","0.309","0.294","0.274","0.34","0.001","0.352","0.334","0.304","0.331","0.353","0.35","0.354","0.136","0.278","0.35","0.35","0.371","0.258","0.35","0.328","0.35","0.35","0.366","0.195","0.4","0.299","0.344","0.128","0.231","0.181","0.4","0.391","0.321","0.4","0.4","0.4","0.4","0.4","0.4","0.209","0.4","0.258","0.342","0.323","0.4","0.363","0.336","0.375","0.383","0.33","0.348","0.33","0.287","0.354","0.299","0.317","0.4","0.4","0.34","0.359","0.377","0.37","0.369","0.4","0.381","0.378","0.393","0.387","0.394","0.393","0.397","0.386","0.362","0.356","0.4","0.4","0.306","0.286","0.361","0.4","0.368","0.4","0.4","0.4","0.4","0.4","0.4","0.4","0.4","0.4","0.4","0.4",,,,,,,,,,,,,,,,,
TaxEffectOfUnusualItems,"-3,764,245.121","-1,166,551","-581,664","-1,910,058.851","-271,609","-46,922,040","336,960","1,092,147.178","-271,080","-35,795,611","279,134","372,330","-141,480","-186,516","-800,172","-62,249.354","-798,777","-665,696","-258,000","-1,137,401.229","-418,263","-302,395","6,498,976","-795,844.393","167,455","-551,950","-111,750","-125,300.51","-738,255","414,987","-203,574","444,530.994","-93,960","247,422","-61,256","-55,111.331","-170,562","179,200","-379,075","395,104.423","-564,506.295","517,123.107","108,088.731","-310.542","197,837.171","3,065,059.783","481,492.148","-375,054.225","-105,989.314","78,750","244,955.978","234,743.851","882,912.31","0","-8,230,600","-3,320,333.738","715,806.751","377,650","646,163.111","647,150","-86,800","226,789.758","164,869.331","-2,237,600","114,056.755","61,317.774","-100,384.27","344,131.517","-242,850.034","92,800","-308,965.88","806,782.307","220,400","140,400","123,600","-5,744,800","-1,788,800","650,800","-6,414,515.182","78,000","-29,541,163.241","716,050.335","-345,019.072","142,400","-1,231,376.591","350,523.475","112,597.08","21,628,013.617","245,532.088","305,061.234","-528,000","-717,821.782","-5,422,784.81","149,350.649","126,984.127","0","-80,000","67,961.165","107,692.308","339,622.642","1,480,662.983","73,758.865","-3,480,000","190,647.482","755,905.512","393,442.623","502,830.189","78,846.154","235,714.286","715,068.493","192,982.456","253,191.489","248,888.889","240,000","200,000","122,448.98","114,285.714","180,555.556","360,000","36,842.105","400,000","-40,000","360,000","280,000","280,000","240,000","200,000","120,000","80,000","120,000","360,000",,,,,,,,,,,,,,,,,