name,ttm,03/31/2022,12/31/2021,09/30/2021,06/30/2021,03/31/2021,12/31/2020,09/30/2020,06/30/2020,03/31/2020,12/31/2019,09/30/2019,06/30/2019,03/31/2019,12/31/2018,09/30/2018,06/30/2018,03/31/2018,12/31/2017,09/30/2017,06/30/2017,03/31/2017,12/31/2016,09/30/2016,06/30/2016,03/31/2016,12/31/2015,09/30/2015,06/30/2015,03/31/2015,12/31/2014,09/30/2014,06/30/2014,03/31/2014,12/31/2013,09/30/2013,06/30/2013,03/31/2013,12/31/2012,09/30/2012,06/30/2012,03/31/2012,12/31/2011,09/30/2011,06/30/2011,03/31/2011,12/31/2010,09/30/2010,06/30/2010,03/31/2010,12/31/2009,09/30/2009,06/30/2009,03/31/2009,12/31/2008,09/30/2008,06/30/2008,03/31/2008,12/31/2007,09/30/2007,06/30/2007,03/31/2007,12/31/2006,09/30/2006,06/30/2006,03/31/2006,12/31/2005,09/30/2005,06/30/2005,03/31/2005,12/31/2004,09/30/2004,06/30/2004,03/31/2004,12/31/2003,09/30/2003,06/30/2003,03/31/2003,12/31/2002,09/30/2002,06/30/2002,03/31/2002,12/31/2001,09/30/2001,06/30/2001,03/31/2001,12/31/2000,09/30/2000,06/30/2000,03/31/2000,12/31/1999,09/30/1999,06/30/1999,03/31/1999,12/31/1998,09/30/1998,06/30/1998,03/31/1998,12/31/1997,09/30/1997,06/30/1997,03/31/1997,12/31/1996,09/30/1996,06/30/1996,03/31/1996,12/31/1995,09/30/1995,06/30/1995,03/31/1995,12/31/1994,09/30/1994,06/30/1994,03/31/1994,12/31/1993,09/30/1993,06/30/1993,03/31/1993,12/31/1992,09/30/1992,06/30/1992,03/31/1992,12/31/1991,09/30/1991,06/30/1991,03/31/1991,12/31/1990,09/30/1990,06/30/1990,03/31/1990,12/31/1989,09/30/1989,06/30/1989,03/31/1989,12/31/1988,09/30/1988,06/30/1988,03/31/1988,12/31/1987,09/30/1987,06/30/1987,03/31/1987,12/31/1986,09/30/1986,06/30/1986,03/31/1986,12/31/1985,09/30/1985
TotalRevenue,"859,483,000","197,757,000","191,860,000","225,063,000","244,803,000","225,488,000","202,355,000","150,647,000","144,084,000","138,921,000","142,011,000","143,498,000","150,011,000","147,809,000","170,637,000","86,164,000","99,817,000","95,150,000","84,090,000","93,651,000","93,866,000","81,097,000","70,694,000","69,259,000","76,353,000","65,778,000","63,484,000","67,512,000","75,211,000","68,068,000","96,168,000","94,441,000","77,850,000","68,417,000","64,670,000","59,962,000","66,652,000","56,016,000","50,714,000","57,748,000","59,404,000","53,296,000","66,559,000","71,813,000","80,896,000","89,700,000","96,902,000","86,066,000","74,869,000","64,830,000","52,193,000","44,062,000","38,424,000","36,582,000","41,401,000","48,016,000","51,833,000","58,409,000","57,124,000","64,490,000","66,407,000","53,368,000","76,607,000","74,787,000","61,942,000","58,251,000","74,131,000","68,610,000","51,765,000","44,396,000","38,092,000","54,869,000","47,337,000","35,939,000","40,891,000","34,512,000","32,084,000","31,079,000","28,014,000","36,811,000","38,307,000","31,588,000","28,121,000","25,430,000","29,281,000","43,718,000","53,158,000","77,216,000","86,723,000","72,467,000","74,100,000","61,700,000","43,500,000","29,500,000","25,300,000","34,300,000","55,200,000","56,700,000","55,600,000","52,800,000","44,600,000","34,800,000","28,500,000","34,800,000","45,900,000","50,200,000","52,400,000","49,000,000","45,200,000","32,200,000","30,900,000","31,700,000","22,600,000","17,500,000","18,100,000","19,600,000","20,400,000","17,300,000","15,600,000","13,300,000","13,300,000","12,300,000","12,300,000","12,300,000","12,200,000","11,400,000","12,700,000","11,300,000","10,100,000","9,800,000","9,000,000","9,400,000","8,500,000","8,500,000","7,800,000","8,800,000","8,900,000","8,100,000","8,000,000","7,400,000","7,300,000","7,000,000","6,900,000","6,700,000","7,800,000","7,400,000","7,500,000","7,700,000"
	OperatingRevenue,"859,483,000","197,757,000","191,860,000","225,063,000","244,803,000","225,488,000","202,355,000","150,647,000","144,084,000","138,921,000","142,011,000","143,498,000","150,011,000","147,809,000","170,637,000","86,164,000","99,817,000","95,150,000","84,090,000","93,651,000","93,866,000","81,097,000","70,694,000","69,259,000","76,353,000","65,778,000","63,484,000","67,512,000","75,211,000","68,068,000","96,168,000","94,441,000","77,850,000","68,417,000","64,670,000","59,962,000","66,652,000","56,016,000","50,714,000","57,748,000","59,404,000","53,296,000","66,559,000","71,813,000","80,896,000","89,700,000","96,902,000","86,066,000","74,869,000","64,830,000","52,193,000","44,062,000","38,424,000","36,582,000","41,401,000","48,016,000","51,833,000","58,409,000","57,124,000","64,490,000","66,407,000","53,368,000","76,607,000","74,787,000","61,942,000","58,251,000","74,131,000","68,610,000","51,765,000","44,396,000","38,092,000","54,869,000","47,337,000","35,939,000","40,891,000","34,512,000","32,084,000","31,079,000","28,014,000","36,811,000","38,307,000","31,588,000","28,121,000","25,430,000","29,281,000","43,718,000","53,158,000","77,216,000","86,723,000","72,467,000","74,100,000","61,700,000","43,500,000","29,500,000","25,300,000","34,300,000","55,200,000","56,700,000","55,600,000","52,800,000","44,600,000","34,800,000","28,500,000","34,800,000","45,900,000","50,200,000","52,400,000","49,000,000","45,200,000","32,200,000","30,900,000","31,700,000","22,600,000","17,500,000","18,100,000","19,600,000","20,400,000","17,300,000","15,600,000","13,300,000","13,300,000","12,300,000","12,300,000","12,300,000","12,200,000","11,400,000","12,700,000","11,300,000","10,100,000","9,800,000","9,000,000","9,400,000","8,500,000","8,500,000","7,800,000","8,800,000","8,900,000","8,100,000","8,000,000","7,400,000","7,300,000","7,000,000","6,900,000","6,700,000","7,800,000","7,400,000","7,500,000","7,700,000"
CostOfRevenue,"483,571,000","106,601,000","107,466,000","129,358,000","140,146,000","123,283,000","111,114,000","87,147,000","83,127,000","82,837,000","87,936,000","84,565,000","87,605,000","93,394,000","126,759,000","51,786,000","58,316,000","55,599,000","49,667,000","56,742,000","56,736,000","48,841,000","45,212,000","46,038,000","49,669,000","46,337,000","43,087,000","44,718,000","49,509,000","46,309,000","64,793,000","61,265,000","52,366,000","44,616,000","45,722,000","45,441,000","45,179,000","40,432,000","34,065,000","39,622,000","41,740,000","37,757,000","45,147,000","48,458,000","54,349,000","60,885,000","64,411,000","55,989,000","47,441,000","44,831,000","35,745,000","27,845,000","26,096,000","29,187,000","33,238,000","30,458,000","33,393,000","37,602,000","37,886,000","43,885,000","47,103,000","33,703,000","52,308,000","48,130,000","40,197,000","37,568,000","43,936,000","41,430,000","31,537,000","26,468,000","23,233,000","34,503,000","26,425,000","21,017,000","25,871,000","23,986,000","21,109,000","20,696,000","18,117,000","24,463,000","22,920,000","19,547,000","18,288,000","21,387,000","20,165,000","31,200,000","33,134,000","45,739,000","50,519,000","43,984,000","43,800,000","36,100,000","25,100,000","18,500,000","21,000,000","24,800,000","35,000,000","32,800,000","30,600,000","28,900,000","24,700,000","19,500,000","16,100,000","19,400,000","24,400,000","26,900,000","28,500,000","28,800,000","26,900,000","19,000,000","17,700,000","19,600,000","13,800,000","10,300,000","6,900,000","12,900,000","13,800,000","11,600,000",,,,,,,,,,,,,,,,,,,,,,,,,,,,,,
GrossProfit,"375,912,000","91,156,000","84,394,000","95,705,000","104,657,000","102,205,000","91,241,000","63,500,000","60,957,000","56,084,000","54,075,000","58,933,000","62,406,000","54,415,000","43,878,000","34,378,000","41,501,000","39,551,000","34,423,000","36,909,000","37,130,000","32,256,000","25,482,000","23,221,000","26,684,000","19,441,000","20,397,000","22,794,000","25,702,000","21,759,000","31,375,000","33,176,000","25,484,000","23,801,000","18,948,000","14,521,000","21,473,000","15,584,000","16,649,000","18,126,000","17,664,000","15,539,000","21,412,000","23,355,000","26,547,000","28,815,000","32,491,000","30,077,000","27,428,000","19,999,000","16,448,000","16,217,000","12,328,000","7,395,000","8,163,000","17,558,000","18,440,000","20,807,000","19,238,000","20,605,000","19,304,000","19,665,000","24,299,000","26,657,000","21,745,000","20,683,000","30,195,000","27,180,000","20,228,000","17,928,000","14,859,000","20,366,000","20,912,000","14,922,000","15,020,000","10,526,000","10,975,000","10,383,000","9,897,000","12,348,000","15,387,000","12,041,000","9,833,000","4,043,000","9,116,000","12,518,000","20,024,000","31,477,000","36,204,000","28,483,000","30,300,000","25,600,000","18,400,000","11,000,000","4,300,000","9,500,000","20,200,000","23,900,000","25,000,000","23,900,000","19,900,000","15,300,000","12,400,000","15,400,000","21,500,000","23,300,000","23,900,000","20,200,000","18,300,000","13,200,000","13,200,000","12,100,000","8,800,000","7,200,000","11,200,000","6,700,000","6,600,000","5,700,000",,,,,,,,,,,,,,,,,,,,,,,,,,,,,,
OperatingExpense,"252,202,000","62,887,000","61,965,000","62,048,000","65,302,000","65,135,000","66,244,000","61,616,000","60,900,000","65,358,000","64,970,000","64,142,000","68,523,000","71,038,000","85,545,000","27,599,000","27,703,000","29,538,000","29,757,000","26,491,000","25,486,000","24,236,000","22,445,000","22,225,000","23,320,000","21,173,000","21,370,000","20,528,000","21,542,000","23,464,000","24,306,000","23,768,000","24,439,000","27,219,000","25,414,000","26,481,000","25,918,000","28,513,000","22,354,000","20,733,000","19,729,000","19,246,000","20,207,000","20,695,000","20,718,000","21,173,000","21,993,000","21,296,000","18,501,000","18,528,000","17,030,000","17,015,000","16,428,000","17,010,000","17,462,000","18,833,000","19,409,000","18,992,000","17,818,000","19,436,000","18,173,000","19,097,000","19,617,000","21,965,000","15,457,000","16,846,000","18,175,000","17,283,000","15,627,000","13,987,000","15,315,000","14,854,000","13,806,000","13,044,000","13,517,000","11,924,000","11,584,000","12,853,000","13,874,000","14,151,000","14,787,000","13,686,000","12,883,000","5,730,000","14,864,000","15,977,000","15,890,000","18,039,000","17,299,000","14,653,000","13,500,000","15,200,000","12,000,000","10,100,000","10,700,000","9,700,000","12,700,000","12,200,000","11,600,000","11,000,000","9,900,000","8,500,000","7,500,000","7,600,000","9,700,000","10,800,000","9,700,000","9,700,000","10,200,000","7,600,000","7,600,000","7,000,000","5,300,000","4,700,000","8,200,000","3,700,000","3,500,000","3,500,000",,,,,,,,,,,,,,,,,,,,,,,,,,,,,,
	SellingGeneralAndAdministration,"125,580,000","31,246,000","31,123,000","30,377,000","32,834,000","32,739,000","33,584,000","31,336,000","30,949,000","33,352,000","34,532,000","33,690,000","36,428,000","38,286,000","45,828,000","16,511,000","16,652,000","17,763,000","17,871,000","16,882,000","16,020,000","14,460,000","12,346,000","13,591,000","15,015,000","13,370,000","13,164,000","11,923,000","13,811,000","13,835,000","14,124,000","14,089,000","14,259,000","16,047,000","13,632,000","14,845,000","14,200,000","15,053,000","12,377,000","11,597,000","11,041,000","10,876,000","11,168,000","11,871,000","11,434,000","12,090,000","12,252,000","12,497,000","9,489,000","9,879,000","9,088,000","8,731,000","8,655,000","9,045,000","8,960,000","9,693,000","8,968,000","8,991,000","8,780,000","9,861,000","8,732,000","8,815,000","9,105,000","10,698,000","8,731,000","9,069,000","9,793,000","9,668,000","8,517,000","7,307,000","7,368,000","7,666,000","7,230,000","6,860,000","6,864,000","6,347,000","6,028,000","5,915,000","5,503,000","6,015,000","6,400,000","6,115,000","5,280,000","6,472,000","6,706,000","6,514,000","6,408,000","8,062,000","8,125,000","7,139,000","7,200,000","8,400,000","6,200,000","5,100,000","5,500,000","4,200,000","6,200,000","6,200,000","5,700,000","5,700,000","5,200,000","4,800,000","7,100,000","7,100,000","9,300,000","10,400,000","9,300,000","9,000,000","9,800,000","7,200,000","7,200,000","6,700,000","5,100,000","4,500,000","7,900,000","3,200,000","3,300,000","3,300,000",,,,,,,,,,,,,,,,,,,,,,,,,,,,,,
	ResearchAndDevelopment,"91,917,000","23,106,000","22,596,000","22,792,000","23,423,000","23,152,000","22,762,000","20,497,000","20,424,000","22,468,000","20,823,000","20,483,000","22,108,000","22,733,000","22,520,000","11,088,000","11,051,000","11,775,000","11,886,000","9,609,000","9,466,000","9,776,000","10,099,000","8,634,000","8,305,000","7,803,000","8,206,000","8,605,000","7,731,000","9,629,000","10,182,000","9,679,000","10,180,000","11,172,000","11,782,000","11,636,000","11,718,000","13,460,000","9,977,000","9,136,000","8,688,000","8,370,000","9,039,000","8,824,000","9,284,000","9,083,000","9,741,000","8,799,000","9,012,000","8,649,000","7,942,000","8,284,000","7,773,000","7,965,000","8,502,000","9,140,000","10,441,000","10,001,000","9,038,000","9,575,000","9,441,000","10,282,000","10,512,000","11,267,000","9,689,000","7,777,000","8,382,000","7,615,000","7,110,000","6,680,000","7,947,000","7,188,000","6,576,000","6,184,000","6,653,000","5,577,000","5,556,000","6,938,000","8,371,000","8,136,000","8,387,000","7,571,000","7,603,000","7,004,000","6,637,000","8,430,000","8,371,000","9,123,000","8,313,000","6,755,000","5,400,000","5,800,000","5,100,000","4,300,000","4,400,000","4,700,000","5,900,000","5,400,000","5,200,000","4,700,000","4,300,000","3,300,000",,,,,,,,,,,,,,,,,,,,,,,,,,,,,,,,,,,,,,,,,,,,,,
	DepreciationAmortizationDepletionIncomeStatement,"34,705,000","8,535,000","8,246,000","8,879,000","9,045,000","9,244,000","9,898,000","9,783,000","9,527,000","9,538,000","9,615,000","9,969,000","9,987,000","10,019,000","14,080,000",,,,,,,,,,,,,,,,,,,,,,,,,,,,,,,,,,,,,,,,,,,,,,,,,,,,,,,,,,,,,,,,,,,,,,"1,521,000","1,033,000","1,111,000","854,000","861,000","759,000","900,000","1,000,000","700,000","700,000","800,000","800,000","600,000","600,000","700,000","600,000","400,000","400,000","400,000","500,000","400,000","400,000","400,000","700,000","400,000","400,000","400,000","300,000","200,000","200,000","300,000","500,000","200,000","200,000",,,,,,,,,,,,,,,,,,,,,,,,,,,,,,
		DepreciationAndAmortizationInIncomeStatement,"34,705,000","8,535,000","8,246,000","8,879,000","9,045,000","9,244,000","9,898,000","9,783,000","9,527,000","9,538,000","9,615,000","9,969,000","9,987,000","10,019,000","14,080,000",,,,,,,,,,,,,,,,,,,,,,,,,,,,,,,,,,,,,,,,,,,,,,,,,,,,,,,,,,,,,,,,,,,,,,"1,521,000","1,033,000","1,111,000","854,000","861,000","759,000","900,000","1,000,000","700,000","700,000","800,000","800,000","600,000","600,000","700,000","600,000","400,000","400,000","400,000","500,000","400,000","400,000","400,000","700,000","400,000","400,000","400,000","300,000","200,000","200,000","300,000","500,000","200,000","200,000",,,,,,,,,,,,,,,,,,,,,,,,,,,,,,
			Amortization,"34,705,000","8,535,000","8,246,000","8,879,000","9,045,000","9,244,000","9,898,000","9,783,000","9,527,000","9,538,000","9,615,000","9,969,000","9,987,000","10,019,000","14,080,000",,,,,,,,,,,,,,,,,,,,,,,,,,,,,,,,,,,,,,,,,,,,,,,,,,,,,,,,,,,,,,,,,,,,,,,,,,,,,,,,,,,,,,,,,,,,,,,,,,,,,,,,,,,,,,,,,,,,,,,,,,,,,,,,,,,,,
				AmortizationOfIntangiblesIncomeStatement,"34,705,000","8,535,000","8,246,000","8,879,000","9,045,000","9,244,000","9,898,000","9,783,000","9,527,000","9,538,000","9,615,000","9,969,000","9,987,000","10,019,000","14,080,000",,,,,,,,,,,,,,,,,,,,,,,,,,,,,,,,,,,,,,,,,,,,,,,,,,,,,,,,,,,,,,,,,,,,,,,,,,,,,,,,,,,,,,,,,,,,,,,,,,,,,,,,,,,,,,,,,,,,,,,,,,,,,,,,,,,,,
	OtherOperatingExpenses,,,,,,,,,,,,,,,,,,,,,,,,,,,,,,,,,,,,,,,,,,,,,,,,,,,,,,,,,,,,,,,"0",,"-2,963,000",,,,,,,,,,,,,,,,,,"0","-7,746,000",,,,,,,,,,,,,,,,,,,,,,,,,,,,,,,,,,,,,,,,,,,,,,,,,,,,,,,,,,,,,,,,
OperatingIncome,"123,710,000","28,269,000","22,429,000","33,657,000","39,355,000","37,070,000","24,997,000","1,884,000","57,000","-9,274,000","-10,895,000","-5,209,000","-6,117,000","-16,623,000","-41,667,000","6,779,000","13,798,000","10,013,000","4,666,000","10,418,000","11,644,000","8,020,000","3,037,000","996,000","3,364,000","-1,732,000","-973,000","2,266,000","4,160,000","-1,705,000","7,069,000","9,408,000","1,045,000","-3,418,000","-6,466,000","-11,960,000","-4,445,000","-12,929,000","-5,705,000","-2,607,000","-2,065,000","-3,707,000","1,205,000","2,660,000","5,829,000","7,642,000","10,498,000","8,781,000","8,927,000","1,471,000","-582,000","-798,000","-4,100,000","-9,615,000","-9,299,000","-1,275,000","-969,000","1,815,000","1,420,000","1,169,000","1,131,000","568,000","4,682,000","4,692,000","6,288,000","3,837,000","12,020,000","9,897,000","4,601,000","3,941,000","-456,000","5,512,000","7,106,000","1,878,000","1,503,000","-1,398,000","-609,000","-2,470,000","-3,977,000","-1,803,000","600,000","-1,645,000","-3,050,000","-1,687,000","-5,748,000","-3,459,000","4,134,000","13,438,000","18,905,000","13,830,000","16,800,000","10,400,000","6,400,000","900,000","-6,400,000","-200,000","7,500,000","11,700,000","13,400,000","12,900,000","10,000,000","6,800,000","4,900,000","7,800,000","11,800,000","12,500,000","14,200,000","10,500,000","8,100,000","5,600,000","5,600,000","5,100,000","3,500,000","2,500,000","3,000,000","3,000,000","3,100,000","2,200,000","-32,900,000","13,300,000","13,300,000","12,300,000","-31,800,000","12,300,000","12,200,000","11,400,000","-27,000,000","11,300,000","10,100,000","9,800,000","-22,600,000","9,400,000","8,500,000","8,500,000","-21,800,000","8,800,000","8,900,000","8,100,000","-18,700,000","7,400,000","7,300,000","7,000,000","-19,800,000","6,700,000","7,800,000","7,400,000","-21,400,000","7,700,000"
NetNonOperatingInterestIncomeExpense,"-4,519,000","-870,000","-999,000","-913,000","-1,737,000","-2,525,000","-2,841,000","-2,979,000","-3,435,000","-4,280,000","-4,606,000","-4,810,000","-5,091,000","-5,285,000","-4,670,000","326,000","318,000","236,000","200,000","174,000","142,000","101,000","169,000","71,000","59,000","43,000","25,000","9,000","4,000","6,000","5,000","6,000","5,000","15,000","12,000","16,000","16,000","10,000","47,000","739,000","89,000","92,000","102,000","114,000","116,000","110,000","122,000","127,000","138,000","174,000","172,000","302,000","343,000","483,000",,,,,,,,,,,,,,,,,,,,,,,,,,,,,,,,,,,,,,,,,,,,,,,,,,,,,,,,,,,,,,,,,,,,,,,,,,,,,,,,,,,,,,,,,,,,,,
	InterestIncomeNonOperating,"300,000","111,000","42,000","53,000","94,000","50,000","14,000","42,000","21,000","147,000","161,000","190,000","191,000","222,000","307,000","326,000","318,000","236,000",,,,,,,,,,,,,,,,,,,,,,,,,,,,,,,,,,,,,,,,,,,,,,,,,,,,,,,,,,,,,,,,,,,,,,,,,,,,,,,,,,,,,,,,,,,,,,,,,,,,,,,,,,,,,,,,,,,,,,,,,,,,,,,,,,
	InterestExpenseNonOperating,"4,819,000","981,000","1,041,000","966,000","1,831,000","2,575,000","2,855,000","3,021,000","3,456,000","4,427,000","4,767,000","5,000,000","5,282,000","5,507,000","4,944,000",,,,,,,,,,,,,,,,,,,,,,,,,"739,000",,,,,,,,,,,,,,,,,,,,,,,,,,,,,,,,,,,,,,,,,,,,,,,,,,,,,,,,,,,,,,,,,,,,,,,,,,,,,,,,,,,,,,,,,,,,,,,,,,,,,,,,,,,,
	TotalOtherFinanceCost,,,,,,,,,,,,,,,,"-326,000","-318,000","-236,000","-200,000","-174,000","-142,000","-101,000","-169,000","-71,000","-59,000","-43,000","-25,000","-9,000","-4,000","-6,000","-5,000","-6,000","-5,000","-15,000","-12,000","-16,000","-16,000","-10,000","-47,000","-739,000","-89,000","-92,000","-102,000","-114,000","-116,000","-110,000",,"-127,000","-138,000","-174,000",,"-302,000","-343,000","-483,000",,,,,,,,,,,,,,,,,,,,,,,,,,,,,,,,,,,,,,,,,,,,,,,,,,,,,,,,,,,,,,,,,,,,,,,,,,,,,,,,,,,,,,,,,,,,,,
OtherIncomeExpense,"69,834,000","464,000","-4,148,000","-1,619,000","75,137,000","-3,363,000","-6,890,000","-4,435,000","-1,225,000","-4,756,000","-4,023,000","816,000","-9,091,000","-1,143,000","-18,265,000",,,,,,,,,,,,"3,198,000",,,,"-5,000,000",,,,,,,,,,,,,,,,,,,,,,,,,,,,,,,,"0",,"2,963,000",,,,,,,,,,"0",,"5,373,000",,,,,,"0","5,696,000",,,,,,,,,,,"1,100,000","800,000","800,000","800,000","800,000","700,000","700,000","700,000","700,000","500,000","400,000","400,000","300,000","200,000","100,000",,,,,,,,,,,,,,,,,,,,,,,,,,,,,,,,,,,,,,,
	GainOnSaleOfSecurity,"1,817,000","1,144,000","726,000","-28,000","-25,000","-262,000","-642,000","-1,484,000","-640,000","-404,000","-1,259,000","1,630,000","-546,000","218,000","439,000",,,,,,,,,,,,,,,,,,,,,,,,,,,,,,,,,,,,,,,,,,,,,,,,,,,,,,,,,,,,,,,,,,,,,,,,,,,,,,,,,,,,,,,,,,,,,,,,,,,,,,,,,,,,,,,,,,,,,,,,,,,,,,,,,,,,,
	SpecialIncomeCharges,"68,017,000","-680,000","-4,874,000","-1,591,000","75,162,000","-3,101,000","-6,248,000","-2,951,000","-585,000","-4,352,000","-2,764,000","-814,000","-8,545,000","-1,361,000","-18,704,000",,,,,,,,"0",,,,"3,198,000",,,,"-5,000,000",,,,,,,,,,,,,,,,,,,,,,,,,,,,,,,,"0",,"2,963,000",,,,,,,,,,"0",,"5,373,000",,,,,,"0","5,696,000",,,,,,,,,,,"1,100,000","800,000","800,000","800,000","800,000","700,000","700,000","700,000","700,000","500,000","400,000","400,000","300,000","200,000","100,000",,,,,,,,,,,,,,,,,,,,,,,,,,,,,,,,,,,,,,,
		RestructuringAndMergernAcquisition,"1,059,000","576,000","-165,000","31,000","617,000","1,340,000","6,223,000","412,000","585,000","403,000","2,764,000","814,000","8,545,000","1,361,000","18,704,000",,,,,,,,,,,,,,,,,,,,,,,,,,,,,,,,,,,,,,,,,,,,,,,,,,,,,,,,,,,,,,,,,,,,,,,,,,,,,,,,,,,,,,,,,,,,,,,,,,,,,,,,,,,,,,,,,,,,,,,,,,,,,,,,,,,,,
		ImpairmentOfCapitalAssets,,,"100,000","0","0","0","0","7,300,000","0","3,949,000",,,,,,,,,,,,,,,,,,,,,"5,000,000",,,,,,,,,,,,,,,,,,,,,,,,,,,,,,,,,,,,,,,,,,,,,,,,,,,,,,,,,,,,,,,,,,,,,,,,,,,,,,,,,,,,,,,,,,,,,,,,,,,,,,,,,,,,,,,,,,,,,
		WriteOff,,,,,"0","0","0","7,300,000","0","3,949,000",,,,,,,,,,,,,,,,,,,,,,,,,,,,,,,,,,,,,,,,,,,,,,,,,,,,,,,,,,,,,,,,,,,,,,,,,,,,,,,,,,,,,,,,,,,,,,,,,,,,,,,,,,,,,,,,,,,,,,,,,,,,,,,,,,,,,,,,,,
		OtherSpecialCharges,"1,754,000","104,000","0","1,650,000",,"1,761,000","25,000","-293,000",,,,,,,,,,,,,,,,,,,,,,,,,,,,,,,,,,,,,,,,,,,,,,,,,,,,,,,,,,,,,,,,,,,,,,,,,,,,,,,,,,,,,,,,,,,,,,,,,,,,,,,,,,,,,,,,,,,,,,,,,,,,,,,,,,,,,,,,,,,,
		GainOnSaleOfBusiness,,,"-4,939,000","90,000","75,779,000",,,,,,,,,,,,,,,,,,,,,,,,,,,,,,,,,,,,,,,,,,,,,,,,,,,,,,,,,,,,,,,,,,,,,,,,,,,,,,,,,,,,,,,,,,,,,,,,,,,,,,,,,,,,,,,,,,,,,,,,,,,,,,,,,,,,,,,,,,,,,,,
		GainOnSaleOfPPE,"115,000","0","0","0","0",,"0","4,468,000",,,,,,,,,,,,,,,"0",,,,"3,198,000",,,,,,,,,,,,,,,,,,,,,,,,,,,,,,,,,,,,,,,,,,,,,,,,,,,,,,,,,,,,,,,,,,,,,,,,,,,,,,,,,,,,,,,,,,,,,,,,,,,,,,,,,,,,,,,,,,,,,,,,,
PretaxIncome,"189,025,000","27,863,000","17,282,000","31,125,000","112,755,000","31,182,000","15,266,000","-5,530,000","-4,603,000","-18,310,000","-19,524,000","-9,203,000","-20,299,000","-23,051,000","-63,382,000","7,105,000","14,116,000","10,249,000","4,866,000","10,592,000","11,786,000","8,121,000","3,206,000","1,067,000","3,423,000","-1,689,000","2,250,000","2,275,000","4,164,000","-1,699,000","2,074,000","9,414,000","1,050,000","-3,403,000","-6,454,000","-11,944,000","-4,429,000","-12,919,000","-5,658,000","-1,868,000","-1,976,000","-3,615,000","1,307,000","2,774,000","5,945,000","7,752,000","10,620,000","8,908,000","9,065,000","1,645,000","-410,000","-496,000","-3,757,000","-9,132,000","-10,675,000","116,000","474,000","3,263,000","3,534,000","3,275,000","3,249,000","2,630,000","6,553,000","6,456,000","7,945,000","5,223,000","13,390,000","10,862,000","5,491,000","4,631,000","61,000","5,902,000","7,442,000","2,498,000","1,932,000","-715,000","5,206,000","-1,770,000","-2,866,000","-1,155,000","1,322,000","-879,000","-2,152,000","-2,642,000","-4,631,000","-2,142,000","5,689,000","15,012,000","20,214,000","15,123,000","17,800,000","11,500,000","7,600,000","2,100,000","-5,300,000","600,000","8,200,000","12,500,000","14,000,000","13,500,000","10,800,000","7,500,000","5,400,000","8,300,000","12,200,000","12,900,000","14,400,000","10,700,000","8,100,000","5,700,000","5,600,000","5,000,000","3,500,000","2,600,000","2,900,000","2,900,000","3,000,000","2,200,000",,,,,,,,,,,,,,,,,,,,,,,,,,,,,,
TaxProvision,"27,738,000","6,294,000","-3,607,000","7,392,000","17,659,000","3,575,000","405,000","1,116,000","137,000","-992,000","-3,243,000","1,277,000","-916,000","-200,000","-6,266,000","2,302,000","2,468,000","2,127,000","-2,029,000","1,837,000","1,078,000","1,358,000","915,000","849,000","761,000","222,000","-40,000","940,000","277,000","1,041,000","737,000","2,493,000","119,000","-56,000","-4,000","-1,124,000","-384,000","-816,000","-497,000","-119,000","133,000","-391,000","588,000","-602,000","895,000","1,178,000","1,192,000","1,297,000","2,367,000","738,000","-1,180,000","-425,000","18,848,000","-2,870,000","-3,069,000","79,000","300,000","1,311,000","1,504,000","1,040,000","1,209,000","914,000","1,202,000","1,958,000","2,753,000","1,800,000","1,100,000","1,300,000","-100,000","-1,900,000","-2,400,000","700,000","500,000","400,000","4,100,000","-100,000","1,100,000","-400,000","-2,300,000","-600,000","500,000","-300,000","-1,300,000","-1,200,000","-1,800,000","-800,000","1,500,000","5,200,000","7,100,000","5,200,000","5,600,000","4,000,000","2,700,000","700,000","-2,900,000","100,000","2,900,000","4,300,000","5,000,000","5,000,000","3,900,000","2,800,000","1,900,000","3,100,000","4,600,000","5,000,000","5,700,000","4,200,000","3,200,000","2,200,000","2,300,000","2,000,000","1,300,000","1,000,000","1,100,000","1,100,000","1,200,000","900,000",,,,,,,,,,,,,,,,,,,,,,,,,,,,,,
NetIncomeCommonStockholders,"161,287,000","21,569,000","20,889,000","23,733,000","95,096,000","27,607,000","14,861,000","-6,646,000","-4,740,000","-17,276,000","-17,266,000","-10,468,000","-19,323,000","-22,643,000","-56,754,000","4,803,000","11,648,000","8,122,000","6,895,000","8,755,000","10,430,000","6,763,000","2,074,000","269,000","2,607,000","-1,911,000","1,949,000","1,113,000","-72,000","-2,740,000","374,000","7,519,000","4,163,000","-3,347,000","-6,450,000","-10,820,000","-4,045,000","-12,103,000","-5,161,000","-1,749,000","-2,109,000","-3,224,000","719,000","3,376,000","5,050,000","6,574,000","9,428,000","7,611,000","6,698,000","907,000","770,000","-71,000","-22,605,000","-6,262,000","-7,606,000","37,000","174,000","1,952,000","2,030,000","2,235,000","2,022,000","1,691,000","5,341,000","4,197,000","4,720,000","3,423,000","12,290,000","9,562,000","5,591,000","6,531,000","2,461,000","5,202,000","6,942,000","2,098,000","-2,168,000","-615,000","4,106,000","-1,370,000","-566,000","-555,000","822,000","-579,000","-852,000","-1,442,000","-2,831,000","-1,342,000","890,000","9,812,000","13,114,000","9,923,000","12,200,000","7,500,000","4,900,000","1,400,000","-2,400,000","500,000","5,300,000","8,200,000","9,000,000","8,500,000","6,900,000","4,700,000","3,500,000","5,200,000","7,600,000","7,900,000","8,700,000","6,500,000","4,900,000","3,500,000","3,300,000","3,000,000","2,200,000","1,600,000","1,800,000","1,800,000","1,800,000","1,300,000","800,000","900,000","800,000","600,000",,,,,,,,,,,,,,,,,,,,,,,,,,
	NetIncome,"161,287,000","21,569,000","20,889,000","23,733,000","95,096,000","27,607,000","14,861,000","-6,646,000","-4,740,000","-17,276,000","-17,266,000","-10,468,000","-19,323,000","-22,643,000","-56,754,000","4,803,000","11,648,000","8,122,000","6,895,000","8,755,000","10,430,000","6,763,000","2,074,000","269,000","2,607,000","-1,911,000","1,949,000","1,113,000","-72,000","-2,740,000","374,000","7,519,000","4,163,000","-3,347,000","-6,450,000","-10,820,000","-4,045,000","-12,103,000","-5,161,000","-1,749,000","-2,109,000","-3,224,000","719,000","3,376,000","5,050,000","6,574,000","9,428,000","7,611,000","6,698,000","907,000","770,000","-71,000","-22,605,000","-6,262,000","-7,606,000","37,000","174,000","1,952,000","2,030,000","2,235,000","2,022,000","1,691,000","5,341,000","4,197,000","4,720,000","3,423,000","12,290,000","9,562,000","5,591,000","6,531,000","2,461,000","5,202,000","6,942,000","2,098,000","-2,168,000","-615,000","4,106,000","-1,370,000","-566,000","-555,000","822,000","-579,000","-852,000","-1,442,000","-2,831,000","-1,342,000","890,000","9,812,000","13,114,000","9,923,000","12,200,000","7,500,000","4,900,000","1,400,000","-2,400,000","500,000","5,300,000","8,200,000","9,000,000","8,500,000","6,900,000","4,700,000","3,500,000","5,200,000","7,600,000","7,900,000","8,700,000","6,500,000","4,900,000","3,500,000","3,300,000","3,000,000","2,200,000","1,600,000","1,800,000","1,800,000","1,800,000","1,300,000","800,000","900,000","800,000","600,000",,,,,,,,,,,,,,,,,,,,,,,,,,
		NetIncomeIncludingNoncontrollingInterests,"161,287,000","21,569,000","20,889,000","23,733,000","95,096,000","27,607,000","14,861,000","-6,646,000","-4,740,000","-17,276,000","-17,320,000","-10,326,000","-19,359,000","-22,687,000","-56,997,000","4,803,000","11,648,000","8,122,000","6,895,000","8,755,000","10,430,000","6,763,000","2,074,000","269,000","2,607,000","-1,911,000","1,949,000","1,113,000","-72,000","-2,740,000","374,000","7,519,000","4,163,000","-3,347,000","-6,450,000","-10,820,000","-4,045,000","-12,103,000","-5,161,000","-1,749,000","-2,109,000","-3,224,000","719,000","3,376,000","5,050,000","6,574,000","9,428,000","7,611,000","6,698,000","907,000","770,000","-71,000","-22,605,000","-6,262,000","-7,606,000","37,000","174,000","1,952,000","2,030,000","2,235,000","2,022,000","1,691,000","5,341,000","4,197,000","4,720,000","3,423,000","12,290,000","9,562,000","5,591,000","6,531,000","2,461,000","5,202,000","6,942,000","2,098,000","-2,168,000","-615,000","4,106,000","-1,370,000","-566,000","-555,000","822,000","-579,000","-852,000","-1,442,000","-2,831,000","-1,342,000","890,000","9,812,000","13,114,000","9,923,000","12,200,000","7,500,000","4,900,000","1,400,000","-2,400,000","500,000","5,300,000","8,200,000","9,000,000","8,500,000","6,900,000","4,700,000","3,500,000","5,200,000","7,600,000","7,900,000","8,700,000","6,500,000","4,900,000","3,500,000","3,300,000","3,000,000","2,200,000","1,600,000","1,800,000","1,800,000","1,800,000","1,300,000","800,000","900,000","800,000","600,000","600,000","700,000","800,000","500,000","600,000","700,000","700,000","700,000","500,000","600,000","700,000","700,000","700,000","700,000","700,000","600,000","700,000","500,000","400,000","300,000","-300,000","300,000","300,000","200,000","-200,000","400,000"
			NetIncomeContinuousOperations,"161,287,000","21,569,000","20,889,000","23,733,000","95,096,000","27,607,000","14,861,000","-6,646,000","-4,740,000","-17,318,000","-16,281,000","-10,480,000","-19,383,000","-22,851,000","-57,116,000","4,803,000","11,648,000","8,122,000","6,895,000","8,755,000","10,708,000","6,763,000","2,291,000","218,000","2,662,000","-1,911,000","2,290,000","1,335,000","3,887,000","-2,740,000","1,337,000","6,921,000","931,000","-3,347,000","-6,450,000","-10,820,000","-4,045,000","-12,103,000","-5,161,000","-1,749,000","-2,109,000","-3,224,000","719,000","3,376,000","5,050,000","6,574,000","9,428,000","7,611,000","6,698,000","907,000","770,000","-71,000","-22,605,000","-6,262,000","-7,606,000","37,000","174,000","1,952,000","2,030,000","2,235,000","2,040,000","1,716,000","5,351,000","4,498,000","5,192,000","3,423,000","12,290,000","9,562,000","5,591,000","6,531,000","2,461,000","5,202,000","6,942,000","2,098,000","-2,168,000","-615,000","4,106,000","-1,370,000","-566,000","-555,000","822,000","-579,000","-852,000","-1,442,000","-2,831,000","-1,342,000","4,189,000","9,812,000","13,114,000","9,923,000","12,200,000","7,500,000","4,900,000","1,400,000","-2,400,000","500,000","5,300,000","8,200,000","9,000,000","8,500,000","6,900,000","4,700,000","3,500,000","5,200,000","7,600,000","7,900,000","8,700,000","6,500,000","4,900,000","3,500,000","3,300,000","3,000,000","2,200,000","1,600,000","1,800,000","1,800,000","1,800,000","1,300,000","1,200,000","900,000","800,000","600,000","600,000","700,000","800,000","500,000","600,000","700,000","700,000","700,000","500,000","600,000","700,000","700,000","700,000","700,000","700,000","600,000","700,000","500,000","400,000","300,000","-300,000","300,000","300,000","200,000","-200,000","400,000"
			NetIncomeDiscontinuousOperations,,,"0","0","0","0","0","0","0","42,000","-1,039,000","154,000","24,000","164,000","119,000","0","0","0","0","0","-278,000","0","-217,000","51,000","-55,000","0","-341,000","-222,000","-3,959,000","0","-963,000","598,000","3,232,000",,,,,,,,,,,,,,,,,,,,,,,,,,"0",,"-18,000","-25,000","-10,000","-301,000","-472,000",,,,,,,,,,,,,,,,,,,,,,,,,,,,,,,,,,,,,,,,,,,,,,,,,,,,,,,,,,,,,,,,,,,,,,,,,,,,,,,,,,,
		MinorityInterests,,,,,,,"0","0","0","0","54,000","-142,000","36,000","44,000","243,000",,,,,,,,,,,,,,,,,,,,,,,,,,,,,,,,,,,,,,,,,,,,,,,,,,,,,,,,,,,,,,,,,,,,,,,,,,,,,,,,,,,,,,,,,,,,,,,,,,,,,,,,,,,,,,,,,,,,,,,,,,,,,,,,,,,,,
DilutedNIAvailtoComStockholders,"161,287,000","21,569,000","20,889,000","23,733,000","95,096,000","27,607,000","14,861,000","-6,646,000","-4,740,000","-17,276,000","-17,266,000","-10,468,000","-19,323,000","-22,643,000","-56,754,000","4,803,000","11,648,000","8,122,000","6,895,000","8,755,000","10,430,000","6,763,000","2,074,000","269,000","2,607,000","-1,911,000","1,949,000","1,113,000","-72,000","-2,740,000","374,000","7,519,000","4,163,000","-3,347,000","-6,450,000","-10,820,000","-4,045,000","-12,103,000","-5,161,000","-1,749,000","-2,109,000","-3,224,000","719,000","3,376,000","5,050,000","6,574,000","9,428,000","7,611,000","6,698,000","907,000","770,000","-71,000","-22,605,000","-6,262,000","-7,606,000","37,000","174,000","1,952,000","2,030,000","2,235,000","2,022,000","1,691,000","5,341,000","4,197,000","4,720,000","3,423,000","12,290,000","9,562,000","5,591,000","6,531,000","2,461,000","5,202,000","6,942,000","2,098,000","-2,168,000","-615,000","4,106,000","-1,370,000","-566,000","-555,000","822,000","-579,000","-852,000","-1,442,000","-2,831,000","-1,342,000","890,000","9,812,000","13,114,000","9,923,000","12,200,000","7,500,000","4,900,000","1,400,000","-2,400,000","500,000","5,300,000","8,200,000","9,000,000","8,500,000","6,900,000","4,700,000","3,500,000","5,200,000","7,600,000","7,900,000","8,700,000","6,500,000","4,900,000","3,500,000","3,300,000","3,000,000","2,200,000","1,600,000","1,800,000","1,800,000","1,800,000","1,300,000","800,000","900,000","800,000","600,000",,,,,,,,,,,,,,,,,,,,,,,,,,
BasicEPS,,"0.44","0.43","0.49","1.96","0.63","0.35","-0.16","-0.11","-0.42","-0.42","-0.25","-0.47","-0.55","-1.4","0.17","0.4","0.28","0.24","0.31","0.38","0.25","0.08","0.01","0.1","-0.07","0.07","0.04","0","-0.11","0.01","0.3","0.16","-0.13","-0.26","-0.43","-0.16","-0.49","-0.21","-0.07","-0.09","-0.13","0.03","0.14","0.21","0.27",,"0.32","0.28","0.04",,"0","-0.97","-0.27",,"0","0.01","0.08",,"0.1","0.09","0.07",,"0.19","0.21","0.15",,"0.43","0.26","0.3",,"0.24","0.32","0.1",,"-0.03","0.19","-0.07",,"-0.03","0.04","-0.03",,"-0.07","-0.14","-0.07",,"0.48","0.65","0.49",,"0.38","0.125","0.035",,"0.015","0.14","0.215",,"0.225","0.185","0.125",,"0.14","0.205","0.215",,"0.17","0.13","0.048",,"0.043","0.033","0.025",,"0.028","0.028","0.01",,"0.008","0.006","0.005",,"0.006","0.008","0.004",,"0.006","0.006","0.006",,"0.005","0.006","0.006",,"0.006","0.006","0.005",,"0.005","0.004","0.004",,"0.003","0.004","0.003",,"0.005"
DilutedEPS,,"0.44","0.42","0.48","1.92","0.61","0.34","-0.16","-0.11","-0.42","-0.42","-0.25","-0.47","-0.55","-1.4","0.16","0.39","0.28","0.23","0.3","0.36","0.24","0.08","0.01","0.1","-0.07","0.07","0.04","0","-0.11","0.01","0.29","0.16","-0.13","-0.26","-0.43","-0.16","-0.49","-0.21","-0.07","-0.09","-0.13","0.03","0.14","0.21","0.27",,"0.32","0.28","0.04",,"0","-0.97","-0.27",,"0","0.01","0.08",,"0.1","0.09","0.07",,"0.18","0.21","0.15",,"0.42","0.25","0.3",,"0.24","0.32","0.1",,"-0.03","0.19","-0.07",,"-0.03","0.04","-0.03",,"-0.07","-0.14","-0.07",,"0.47","0.62","0.47",,"0.36","0.12","0.035",,"0.015","0.135","0.205",,"0.215","0.175","0.12",,"0.135","0.195","0.205",,"0.17","0.13","0.048",,"0.043","0.033","0.025",,"0.028","0.028","0.01",,"0.008","0.006","0.005",,"0.006","0.008","0.004",,"0.006","0.006","0.006",,"0.005","0.006","0.006",,"0.006","0.006","0.005",,"0.005","0.004","0.004",,"0.003","0.004","0.003",,"0.005"
BasicAverageShares,,"48,778,000","48,657,000","48,666,000","48,555,000","43,756,000","42,125,000","41,947,000","41,844,000","41,502,000","41,409,000","41,229,000","41,125,000","40,872,000","40,660,000","28,948,000","28,893,000","28,602,000","28,503,000","28,155,000","27,708,000","26,978,000","26,848,000","26,761,000","26,711,000","26,317,000","26,241,000","26,175,000","26,059,000","25,751,000","25,646,000","25,481,000","25,324,000","25,123,000","25,031,000","24,929,000","24,817,000","24,657,000","24,572,000","24,479,000","24,432,000","24,353,000","24,259,000","24,158,000","24,103,000","24,018,000",,"23,802,000","23,657,000","23,549,000",,"23,429,000","23,381,000","23,344,000",,"23,233,000","23,140,000","23,053,000",,"22,945,000","22,827,000","22,717,000",,"22,609,000","22,581,000","22,500,000",,"22,021,000","21,704,000","21,633,000",,"21,538,000","21,484,000","21,419,000",,"21,255,000","21,098,000","20,912,000",,"20,795,000","20,750,000","20,620,000",,"20,470,000","20,417,000","20,341,000",,"20,246,000","20,209,000","20,051,000",,"19,818,000","39,452,000","39,228,000",,"19,476,000","19,472,000","19,410,000",,"18,984,000","18,878,000","18,770,000",,"18,592,000","18,544,000","18,476,000",,"18,010,000","17,954,000","17,884,000",,"17,548,000","16,288,000","16,288,000",,"16,168,000","16,164,000","16,088,000",,"15,960,000","15,856,000","15,832,000",,"15,824,000","15,824,000","15,824,000",,"15,624,000","15,624,000","15,624,000",,"15,544,000","15,512,000","15,000,000",,"15,000,000","14,904,000","14,568,000",,"14,568,000","14,568,000","14,568,000",,"14,568,000","14,568,000","14,392,000",,"14,344,000"
DilutedAverageShares,,"49,569,000","49,427,000","49,457,000","49,474,000","45,482,000","43,486,000","41,947,000","41,844,000","41,502,000","41,409,000","41,229,000","41,125,000","40,872,000","40,660,000","29,770,000","29,651,000","29,531,000","29,584,000","29,105,000","28,725,000","28,252,000","27,774,000","27,367,000","27,358,000","26,317,000","27,115,000","26,796,000","26,722,000","25,751,000","26,338,000","26,174,000","25,797,000","25,123,000","25,031,000","24,929,000","24,817,000","24,657,000","24,572,000","24,479,000","24,432,000","24,353,000","24,559,000","24,478,000","24,484,000","24,483,000",,"24,111,000","24,086,000","23,870,000",,"23,429,000","23,381,000","23,344,000",,"23,477,000","23,429,000","23,235,000",,"23,433,000","23,302,000","23,111,000",,"22,806,000","22,845,000","23,025,000",,"22,915,000","22,204,000","22,108,000",,"21,912,000","21,978,000","22,075,000",,"21,255,000","21,631,000","20,912,000",,"20,795,000","21,690,000","20,620,000",,"20,470,000","20,417,000","20,341,000",,"20,910,000","21,248,000","21,305,000",,"20,699,000","40,692,000","40,236,000",,"19,476,000","19,472,000","19,410,000",,"18,984,000","18,878,000","18,770,000",,"18,592,000","18,544,000","18,476,000",,"18,010,000","17,954,000","17,884,000",,"17,548,000","16,288,000","16,288,000",,"16,168,000","16,164,000","16,088,000",,"15,960,000","15,856,000","15,832,000",,"15,824,000","15,824,000","15,824,000",,"15,624,000","15,624,000","15,624,000",,"15,544,000","15,512,000","15,000,000",,"15,000,000","14,904,000","14,568,000",,"14,568,000","14,568,000","14,568,000",,"14,568,000","14,568,000","14,392,000",,"14,344,000"
TotalOperatingIncomeAsReported,"193,481,000","27,693,000","17,555,000","33,716,000","114,517,000","35,730,000","18,774,000","-1,360,000","-528,000","-13,626,000","-13,659,000","-6,023,000","-14,662,000","-17,984,000","-60,371,000","6,779,000","13,798,000","10,013,000","4,666,000","10,418,000","11,644,000","8,020,000","3,037,000","996,000","3,364,000","-1,732,000","2,225,000","2,266,000","4,160,000","-1,705,000","2,069,000","9,408,000","1,045,000","-3,418,000","-6,466,000","-11,960,000","-4,445,000","-12,929,000","-5,705,000","-2,607,000","-2,065,000","-3,707,000","1,205,000","2,660,000","5,829,000","7,642,000","10,498,000","8,781,000","8,927,000","1,471,000","-582,000","-798,000","-4,100,000","-9,615,000","-11,876,000","-1,275,000","-969,000","1,815,000","1,420,000","1,169,000","1,131,000","568,000","4,682,000","4,692,000","6,288,000","3,837,000","12,020,000","9,897,000","4,601,000","3,941,000","-456,000","5,512,000","7,106,000","1,878,000","1,503,000","-1,398,000","-609,000","-2,470,000","-3,977,000","-1,803,000","600,000","-1,645,000","-3,050,000","-3,737,000","-5,748,000","-3,459,000","4,134,000","13,438,000","18,905,000","13,830,000","16,800,000","10,400,000","6,400,000","900,000","-6,400,000","-200,000","7,500,000","11,700,000","13,400,000","12,900,000","10,000,000","6,800,000","4,900,000","7,800,000","11,800,000","12,500,000","14,200,000","10,500,000","8,100,000","5,600,000","5,600,000","5,100,000","3,500,000","2,500,000","3,000,000","3,000,000","3,100,000","2,200,000",,,,,,,,,,,,,,,,,,,,,,,,,,,,,,
TotalExpenses,"735,773,000","169,488,000","169,431,000","191,406,000","205,448,000","188,418,000","177,358,000","148,763,000","144,027,000","148,195,000","152,906,000","148,707,000","156,128,000","164,432,000","212,304,000","79,385,000","86,019,000","85,137,000","79,424,000","83,233,000","82,222,000","73,077,000","67,657,000","68,263,000","72,989,000","67,510,000","64,457,000","65,246,000","71,051,000","69,773,000","89,099,000","85,033,000","76,805,000","71,835,000","71,136,000","71,922,000","71,097,000","68,945,000","56,419,000","60,355,000","61,469,000","57,003,000","65,354,000","69,153,000","75,067,000","82,058,000","86,404,000","77,285,000","65,942,000","63,359,000","52,775,000","44,860,000","42,524,000","46,197,000","50,700,000","49,291,000","52,802,000","56,594,000","55,704,000","63,321,000","65,276,000","52,800,000","71,925,000","70,095,000","55,654,000","54,414,000","62,111,000","58,713,000","47,164,000","40,455,000","38,548,000","49,357,000","40,231,000","34,061,000","39,388,000","35,910,000","32,693,000","33,549,000","31,991,000","38,614,000","37,707,000","33,233,000","31,171,000","27,117,000","35,029,000","47,177,000","49,024,000","63,778,000","67,818,000","58,637,000","57,300,000","51,300,000","37,100,000","28,600,000","31,700,000","34,500,000","47,700,000","45,000,000","42,200,000","39,900,000","34,600,000","28,000,000","23,600,000","27,000,000","34,100,000","37,700,000","38,200,000","38,500,000","37,100,000","26,600,000","25,300,000","26,600,000","19,100,000","15,000,000","15,100,000","16,600,000","17,300,000","15,100,000",,,,,,,,,,,,,,,,,,,,,,,,,,,,,,
NetIncomeFromContinuingAndDiscontinuedOperation,"161,287,000","21,569,000","20,889,000","23,733,000","95,096,000","27,607,000","14,861,000","-6,646,000","-4,740,000","-17,276,000","-17,266,000","-10,468,000","-19,323,000","-22,643,000","-56,754,000","4,803,000","11,648,000","8,122,000","6,895,000","8,755,000","10,430,000","6,763,000","2,074,000","269,000","2,607,000","-1,911,000","1,949,000","1,113,000","-72,000","-2,740,000","374,000","7,519,000","4,163,000","-3,347,000","-6,450,000","-10,820,000","-4,045,000","-12,103,000","-5,161,000","-1,749,000","-2,109,000","-3,224,000","719,000","3,376,000","5,050,000","6,574,000","9,428,000","7,611,000","6,698,000","907,000","770,000","-71,000","-22,605,000","-6,262,000","-7,606,000","37,000","174,000","1,952,000","2,030,000","2,235,000","2,022,000","1,691,000","5,341,000","4,197,000","4,720,000","3,423,000","12,290,000","9,562,000","5,591,000","6,531,000","2,461,000","5,202,000","6,942,000","2,098,000","-2,168,000","-615,000","4,106,000","-1,370,000","-566,000","-555,000","822,000","-579,000","-852,000","-1,442,000","-2,831,000","-1,342,000","4,189,000","9,812,000","13,114,000","9,923,000","12,200,000","7,500,000","4,900,000","1,400,000","-2,400,000","500,000","5,300,000","8,200,000","9,000,000","8,500,000","6,900,000","4,700,000","3,500,000","5,200,000","7,600,000","7,900,000","8,700,000","6,500,000","4,900,000","3,500,000","3,300,000","3,000,000","2,200,000","1,600,000","1,800,000","1,800,000","1,800,000","1,300,000","1,200,000","900,000","800,000","600,000",,,,,,,,,,,,,,,,,,,,,,,,,,
NormalizedIncome,"101,700,615.352","21,209,864","23,917,040","24,968,297","31,755,509","30,583,255","21,568,211.45","-3,408,450","-3,845,750","-12,818,824","-12,872,233.405","-11,324,576","-10,665,095","-21,674,287","-56,873,000","4,803,000","11,648,000","8,122,000","6,895,000","8,755,000","10,708,000","6,763,000","2,291,000","218,000","2,662,000","-1,911,000","2,290,000","1,335,000","3,887,000","-2,740,000","1,337,000","6,921,000","931,000","-3,347,000","-6,450,000","-10,820,000","-4,045,000","-12,103,000","-5,161,000","-1,749,000","-2,109,000","-3,224,000","719,000","3,376,000","5,050,000","6,574,000","9,428,000","7,611,000","6,698,000","907,000","770,000","-71,000","-22,605,000","-6,262,000","-7,606,000","37,000","174,000","1,952,000","2,030,000","2,235,000","2,040,000","1,716,000","5,351,000","4,498,000","3,255,700.944","3,423,000","12,290,000","9,562,000","5,591,000","6,531,000","2,461,000","5,202,000","6,942,000","2,098,000","-2,168,000","-615,000","-131,713.792","-1,370,000","-566,000","-555,000","822,000","-579,000","-852,000","-4,859,600","-2,831,000","-1,342,000","4,189,000","9,812,000","13,114,000","9,923,000","12,200,000","7,500,000","4,900,000","1,400,000","-3,060,000","-166,666.667","4,782,926.829","7,675,200","8,485,714.286","8,059,259.259","6,452,777.778","4,261,333.333","3,046,296.296","4,886,746.988","7,350,819.672","7,655,038.76","8,518,750","6,378,504.673","4,839,506.173","3,500,000","3,300,000","3,000,000","2,200,000","1,600,000","1,800,000","1,800,000","1,800,000","1,300,000","1,200,000","900,000","800,000","600,000",,,,,,,,,,,,,,,,,,,,,,,,,,
InterestIncome,"300,000","111,000","42,000","53,000","94,000","50,000","14,000","42,000","21,000","147,000","161,000","190,000","191,000","222,000","307,000","326,000","318,000","236,000",,,,,,,,,,,,,,,,,,,,,,,,,,,,,,,,,,,,,,,,,,,,,,,,,,,,,,,,,,,,,,,,,,,,,,,,,,,,,,,,,,,,,,,,,,,,,,,,,,,,,,,,,,,,,,,,,,,,,,,,,,,,,,,,,,
InterestExpense,"4,819,000","981,000","1,041,000","966,000","1,831,000","2,575,000","2,855,000","3,021,000","3,456,000","4,427,000","4,767,000","5,000,000","5,282,000","5,507,000","4,944,000",,,,,,,,,,,,,,,,,,,,,,,,,"739,000",,,,,,,,,,,,,,,,,,,,,,,,,,,,,,,,,,,,,,,,,,,,,,,,,,,,,,,,,,,,,,,,,,,,,,,,,,,,,,,,,,,,,,,,,,,,,,,,,,,,,,,,,,,,
NetInterestIncome,"-4,519,000","-870,000","-999,000","-913,000","-1,737,000","-2,525,000","-2,841,000","-2,979,000","-3,435,000","-4,280,000","-4,606,000","-4,810,000","-5,091,000","-5,285,000","-4,670,000","326,000","318,000","236,000","200,000","174,000","142,000","101,000","169,000","71,000","59,000","43,000","25,000","9,000","4,000","6,000","5,000","6,000","5,000","15,000","12,000","16,000","16,000","10,000","47,000","739,000","89,000","92,000","102,000","114,000","116,000","110,000","122,000","127,000","138,000","174,000","172,000","302,000","343,000","483,000",,,,,,,,,,,,,,,,,,,,,,,,,,,,,,,,,,,,,,,,,,,,,,,,,,,,,,,,,,,,,,,,,,,,,,,,,,,,,,,,,,,,,,,,,,,,,,
EBIT,"193,844,000","28,844,000","18,323,000","32,091,000","114,586,000","33,757,000","18,121,000","-2,509,000","-1,147,000","-13,883,000","-14,757,000","-4,203,000","-15,017,000","-17,544,000","-57,525,000","6,779,000","13,798,000","10,013,000","4,666,000","10,418,000","11,644,000","8,020,000","3,037,000","996,000","3,364,000","-1,732,000","-973,000","2,266,000","4,160,000","-1,705,000","7,069,000","9,408,000","1,045,000","-3,418,000","-6,466,000","-11,960,000","-4,445,000","-12,929,000","-5,705,000","-2,607,000","-2,065,000","-3,707,000","1,205,000","2,660,000","5,829,000","7,642,000","10,498,000","8,781,000","8,927,000","1,471,000","-582,000","-798,000","-4,100,000","-9,615,000","-9,299,000","-1,275,000","-969,000","1,815,000","1,420,000","1,169,000","1,131,000","568,000","4,682,000","4,692,000","6,288,000","3,837,000","12,020,000","9,897,000","4,601,000","3,941,000","-456,000","5,512,000","7,106,000","1,878,000","1,503,000","-1,398,000","-609,000","-2,470,000","-3,977,000","-1,803,000","600,000","-1,645,000","-3,050,000","-1,687,000","-5,748,000","-3,459,000","4,134,000","13,438,000","18,905,000","13,830,000","16,800,000","10,400,000","6,400,000","900,000","-6,400,000","-200,000","7,500,000","11,700,000","13,400,000","12,900,000","10,000,000","6,800,000","4,900,000","7,800,000","11,800,000","12,500,000","14,200,000","10,500,000","8,100,000","5,600,000","5,600,000","5,100,000","3,500,000","2,500,000","3,000,000","3,000,000","3,100,000","2,200,000","-32,900,000","13,300,000","13,300,000","12,300,000","-31,800,000","12,300,000","12,200,000","11,400,000","-27,000,000","11,300,000","10,100,000","9,800,000","-22,600,000","9,400,000","8,500,000","8,500,000","-21,800,000","8,800,000","8,900,000","8,100,000","-18,700,000","7,400,000","7,300,000","7,000,000","-19,800,000","6,700,000","7,800,000","7,400,000","-21,400,000","7,700,000"
EBITDA,"241,512,000"
ReconciledCostOfRevenue,"470,608,000","103,469,000","104,246,000","126,132,000","136,761,000","119,960,000","107,549,000","83,685,000","79,572,000","79,419,000","84,033,000","79,324,000","82,493,000","88,369,000","126,759,000","51,786,000","58,316,000","55,599,000","49,667,000","56,742,000","56,736,000","48,841,000","45,212,000","46,038,000","49,669,000","46,337,000","43,087,000","44,718,000","49,509,000","46,309,000","64,793,000","61,265,000","52,366,000","44,616,000","45,722,000","45,441,000","45,179,000","40,432,000","34,065,000","39,622,000","41,740,000","37,757,000","45,147,000","48,458,000","54,349,000","60,885,000","64,411,000","55,989,000","47,441,000","44,831,000","35,745,000","27,845,000","26,096,000","29,187,000","33,238,000","30,458,000","33,393,000","37,602,000","37,886,000","43,885,000","47,103,000","33,703,000","52,308,000","48,130,000","40,197,000","37,568,000","43,936,000","41,430,000","31,537,000","26,468,000","23,233,000","34,503,000","26,425,000","21,017,000","25,871,000","23,986,000","21,109,000","20,696,000","18,117,000","24,463,000","22,920,000","19,547,000","18,288,000","21,387,000","20,165,000","31,200,000","33,134,000","45,739,000","50,519,000","43,984,000","43,800,000","36,100,000","25,100,000","18,500,000","21,000,000","24,800,000","35,000,000","32,800,000","30,600,000","28,900,000","24,700,000","19,500,000","16,100,000","19,400,000","24,400,000","26,900,000","28,500,000","28,800,000","26,900,000","19,000,000","17,700,000","19,600,000","13,700,000","10,300,000","6,900,000","13,100,000","13,800,000","11,600,000",,,,,,,,,,,,,,,,,,,,,,,,,,,,,,
ReconciledDepreciation,"47,668,000","11,667,000","11,466,000","12,105,000","12,430,000","12,567,000","13,463,000","13,245,000","13,082,000","12,956,000","13,518,000","15,210,000","15,099,000","15,044,000","18,771,000","2,402,000","2,417,000","2,457,000","2,464,000","2,392,000","2,137,000","2,202,000","2,323,000","2,724,000","2,696,000","2,669,000","2,740,000","2,757,000","2,863,000","2,913,000","3,299,000","3,354,000","3,423,000","3,452,000","3,392,000","3,858,000","3,088,000","3,131,000","2,315,000","2,212,000","2,434,000","2,442,000","2,471,000","2,383,000","2,444,000","2,769,000","2,852,000","2,561,000","2,809,000","2,766,000","2,503,000","2,882,000","3,004,000","2,640,000","1,857,000","1,544,000","1,729,000","1,813,000","1,798,000","2,158,000","1,867,000","1,616,000","1,619,000","1,559,000","1,786,000","1,515,000","1,750,000","1,416,000","1,403,000","1,206,000","1,398,000","976,000","1,002,000","973,000","893,000","950,000","1,082,000","1,071,000","1,569,000","891,000","1,092,000","1,082,000","960,000","1,109,000","1,521,000","1,033,000","1,111,000","854,000","861,000","759,000","900,000","1,000,000","700,000","700,000","800,000","800,000","600,000","600,000","700,000","600,000","400,000","400,000","400,000","500,000","400,000","400,000","400,000","700,000","400,000","400,000","400,000","300,000","300,000","200,000","300,000","300,000","200,000","200,000",,,,,,,,,,,,,,,,,,,,,,,,,,,,,,
NetIncomeFromContinuingOperationNetMinorityInterest,"161,287,000","21,569,000","20,889,000","23,733,000","95,096,000","27,607,000","14,861,000","-6,646,000","-4,740,000","-17,318,000","-16,227,000","-10,622,000","-19,347,000","-22,807,000","-56,873,000","4,803,000","11,648,000","8,122,000","6,895,000","8,755,000","10,708,000","6,763,000","2,291,000","218,000","2,662,000","-1,911,000","2,290,000","1,335,000","3,887,000","-2,740,000","1,337,000","6,921,000","931,000","-3,347,000","-6,450,000","-10,820,000","-4,045,000","-12,103,000","-5,161,000","-1,749,000","-2,109,000","-3,224,000","719,000","3,376,000","5,050,000","6,574,000","9,428,000","7,611,000","6,698,000","907,000","770,000","-71,000","-22,605,000","-6,262,000","-7,606,000","37,000","174,000","1,952,000","2,030,000","2,235,000","2,040,000","1,716,000","5,351,000","4,498,000","5,192,000","3,423,000","12,290,000","9,562,000","5,591,000","6,531,000","2,461,000","5,202,000","6,942,000","2,098,000","-2,168,000","-615,000","4,106,000","-1,370,000","-566,000","-555,000","822,000","-579,000","-852,000","-1,442,000","-2,831,000","-1,342,000","4,189,000","9,812,000","13,114,000","9,923,000","12,200,000","7,500,000","4,900,000","1,400,000","-2,400,000","500,000","5,300,000","8,200,000","9,000,000","8,500,000","6,900,000","4,700,000","3,500,000","5,200,000","7,600,000","7,900,000","8,700,000","6,500,000","4,900,000","3,500,000","3,300,000","3,000,000","2,200,000","1,600,000","1,800,000","1,800,000","1,800,000","1,300,000","1,200,000","900,000","800,000","600,000",,,,,,,,,,,,,,,,,,,,,,,,,,
TotalUnusualItemsExcludingGoodwill,"69,834,000","464,000","-4,148,000","-1,619,000","75,137,000","-3,363,000","-6,890,000","-4,435,000","-1,225,000","-4,756,000","-4,023,000","816,000","-9,091,000","-1,143,000","-18,265,000",,,,,,,,"0",,,,"3,198,000",,,,"-5,000,000",,,,,,,,,,,,,,,,,,,,,,,,,,,,,,,,"0",,"2,963,000",,,,,,,,,,"0",,"5,373,000",,,,,,"0","5,696,000",,,,,,,,,,,"1,100,000","800,000","800,000","800,000","800,000","700,000","700,000","700,000","700,000","500,000","400,000","400,000","300,000","200,000","100,000",,,,,,,,,,,,,,,,,,,,,,,,,,,,,,,,,,,,,,,
TotalUnusualItems,"69,834,000","464,000","-4,148,000","-1,619,000","75,137,000","-3,363,000","-6,890,000","-4,435,000","-1,225,000","-4,756,000","-4,023,000","816,000","-9,091,000","-1,143,000","-18,265,000",,,,,,,,"0",,,,"3,198,000",,,,"-5,000,000",,,,,,,,,,,,,,,,,,,,,,,,,,,,,,,,"0",,"2,963,000",,,,,,,,,,"0",,"5,373,000",,,,,,"0","5,696,000",,,,,,,,,,,"1,100,000","800,000","800,000","800,000","800,000","700,000","700,000","700,000","700,000","500,000","400,000","400,000","300,000","200,000","100,000",,,,,,,,,,,,,,,,,,,,,,,,,,,,,,,,,,,,,,,
NormalizedEBITDA,"171,678,000","40,047,000","33,937,000","45,815,000","51,879,000","49,687,000","38,474,000","15,171,000","13,160,000","3,829,000","2,784,000","10,191,000","9,173,000","-1,357,000","-38,754,000","9,181,000","16,215,000","12,470,000","7,130,000","12,810,000","13,781,000","10,222,000","5,360,000","3,720,000","6,060,000","937,000","1,767,000","5,023,000","7,023,000","1,208,000","10,368,000","12,762,000","4,468,000","34,000","-3,074,000","-8,102,000","-1,357,000","-9,798,000","-3,390,000","-395,000","369,000","-1,265,000","3,676,000","5,043,000","8,273,000","10,411,000","13,350,000","11,342,000","11,736,000","4,237,000","1,921,000","2,084,000","-1,096,000","-6,975,000","-7,442,000","269,000","760,000","3,628,000","3,218,000","3,327,000","2,998,000","2,184,000","6,301,000","6,251,000","5,111,000","5,352,000","13,770,000","11,313,000","6,004,000","5,147,000","942,000","6,488,000","8,108,000","2,851,000","2,396,000","-448,000","-4,900,000","-1,399,000","-2,408,000","-912,000","1,692,000","-563,000","-2,090,000","-6,274,000","-4,227,000","-2,426,000","5,245,000","14,292,000","19,766,000","14,589,000","17,700,000","11,400,000","7,100,000","1,600,000","-6,700,000","-200,000","7,300,000","11,500,000","13,300,000","12,800,000","9,700,000","6,500,000","4,600,000","7,800,000","11,800,000","12,500,000","14,300,000","11,000,000","8,400,000","6,000,000","6,000,000","5,400,000","3,800,000","2,700,000","3,300,000","3,500,000","3,300,000","2,400,000","-32,900,000","13,300,000","13,300,000","12,300,000","-31,800,000","12,300,000","12,200,000","11,400,000","-27,000,000","11,300,000","10,100,000","9,800,000","-22,600,000","9,400,000","8,500,000","8,500,000","-21,800,000","8,800,000","8,900,000","8,100,000","-18,700,000","7,400,000","7,300,000","7,000,000","-19,800,000","6,700,000","7,800,000","7,400,000","-21,400,000","7,700,000"
TaxRateForCalcs,"0.147","0.226","0.27","0.237","0.157","0.115","0.027","0.27","0.27","0.054","0.166","0.139","0.045","0.009","0.099","0.324","0.175","0.208","0.4","0.173","0.091","0.167","0.285","0.4","0.222","0.4","0.4","0.4","0.067","0.4","0.355","0.265","0.113","0.016","0.001","0.094","0.087","0.063","0.088","0.064","0.35","0.108","0.35","0.35","0.151","0.152","0.112","0.146","0.261","0.35","0.35","0.35","0.35","0.314","0.287","0.35","0.35","0.4","0.35","0.318","0.372","0.348","0.183","0.303","0.347","0.345","0.082","0.12","0.4","0.4","0.4","0.119","0.067","0.16","0.4","0.14","0.211","0.226","0.4","0.4","0.378","0.341","0.4","0.4","0.389","0.373","0.264","0.346","0.351","0.344","0.315","0.348","0.355","0.333","0.4","0.167","0.354","0.344","0.357","0.37","0.361","0.373","0.352","0.373","0.377","0.388","0.396","0.393","0.395","0.386","0.4","0.4","0.371","0.385","0.379","0.379","0.4","0.4","0.4","0.4","0.4","0.4",,,,,,,,,,,,,,,,,,,,,,,,,,
TaxEffectOfUnusualItems,"10,247,615.352","104,864","-1,119,960","-383,703","11,796,509","-386,745","-182,788.55","-1,197,450","-330,750","-256,824","-668,233.405","113,424","-409,095","-10,287","0","0","0","0","0","0","0","0","0","0","0","0","0","0","0","0","0","0","0","0","0","0","0","0","0","0","0","0","0","0","0","0","0","0","0","0","0","0","0","0","0","0","0","0","0","0","0","0","0","0","1,026,700.944","0","0","0","0","0","0","0","0","0","0","0","1,135,286.208","0","0","0","0","0","0","2,278,400","0","0","0","0","0","0","0","0","0","0","440,000","133,333.333","282,926.829","275,200","285,714.286","259,259.259","252,777.778","261,333.333","246,296.296","186,746.988","150,819.672","155,038.76","118,750","78,504.673","39,506.173","0","0","0","0","0","0","0","0","0","0","0","0","0",,,,,,,,,,,,,,,,,,,,,,,,,,