name,ttm,03/31/2022,12/31/2021,09/30/2021,06/30/2021,03/31/2021,12/31/2020,09/30/2020,06/30/2020,03/31/2020
TotalRevenue,"7,204,768,000","1,166,436,000","2,498,463,000","1,311,908,000","2,227,962,000","1,801,112,000","585,112,000","315,357,000","186,382,000","190,630,000"
	OperatingRevenue,"6,922,663,000","1,164,891,000","2,490,026,000","1,234,736,000","2,033,011,000","1,596,981,000","497,091,000","286,663,000","178,331,000","179,082,000"
CostOfRevenue,"1,311,684,000","277,826,000","501,181,000","197,251,000","335,426,000","234,066,000","49,946,000","36,766,000","23,395,000","25,407,000"
GrossProfit,"5,893,084,000","888,610,000","1,997,282,000","1,114,657,000","1,892,536,000","1,567,046,000","535,166,000","278,591,000","162,987,000","165,223,000"
OperatingExpense,"4,358,690,000","1,443,073,000","1,074,958,000","822,849,000","1,017,811,000","579,333,000","308,581,000","177,086,000","120,901,000","126,448,000"
	SellingGeneralAndAdministration,"1,947,642,000","613,782,000","541,896,000","348,037,000","443,928,000","239,221,000","121,002,000","83,410,000","63,371,000","68,879,000"
		GeneralAndAdministrativeExpense,"1,201,739,000","413,578,000","297,324,000","242,642,000","248,195,000","121,231,000","97,501,000","71,433,000","51,988,000","58,958,000"
			OtherGandA,"1,201,739,000","413,578,000","297,324,000","242,642,000","248,195,000","121,231,000","97,501,000","71,433,000","51,988,000","58,958,000"
		SellingAndMarketingExpense,"745,903,000","200,204,000","244,572,000","105,395,000","195,733,000","117,990,000","23,501,000","11,977,000","11,383,000","9,921,000"
	ResearchAndDevelopment,"1,678,000,000","570,664,000","459,611,000","356,264,000","291,461,000","184,225,000","90,498,000","73,319,000","60,777,000","47,138,000"
	OtherOperatingExpenses,"733,048,000","258,627,000","73,451,000","118,548,000","282,422,000","155,887,000","97,081,000","20,357,000","-3,247,000","10,431,000"
OperatingIncome,"1,534,394,000","-554,463,000","922,324,000","291,808,000","874,725,000","987,713,000","226,585,000","101,505,000","42,086,000","38,775,000"
NetNonOperatingInterestIncomeExpense,,"-22,138,000",,,,,,,,
	InterestExpenseNonOperating,,"22,138,000",,,,,,,,
OtherIncomeExpense,"-91,420,000","-32,844,000","-31,784,000","-20,948,000","-5,844,000","8,953,000","6,183,000","1,211,000","-3,280,000","-3,866,000"
	OtherNonOperatingIncomeExpenses,"-91,420,000","-32,844,000","-31,784,000","-20,948,000","-5,844,000","8,953,000","6,183,000","1,211,000","-3,280,000","-3,866,000"
PretaxIncome,"1,420,836,000","-609,445,000","890,540,000","270,860,000","868,881,000","996,666,000","232,768,000","102,716,000","38,806,000","34,909,000"
TaxProvision,"-1,002,162,000","-179,786,000","50,332,000","-135,240,000","-737,468,000","225,203,000","55,983,000","21,417,000","6,546,000","2,936,000"
NetIncomeCommonStockholders,"2,365,403,000","-429,659,000","855,168,000","402,343,000","1,589,713,000","301,896,000","281,305,000","17,437,000","0","0"
	NetIncome,"2,422,998,000","-429,659,000","840,208,000","406,100,000","1,606,349,000","771,463,000","176,785,000","81,299,000","32,260,000","31,973,000"
		NetIncomeIncludingNoncontrollingInterests,"2,422,998,000","-429,659,000","840,208,000","406,100,000","1,606,349,000","771,463,000","176,785,000","81,299,000","32,260,000","31,973,000"
			NetIncomeContinuousOperations,"2,422,998,000","-429,659,000","840,208,000","406,100,000","1,606,349,000","771,463,000","176,785,000","81,299,000","32,260,000","31,973,000"
	OtherunderPreferredStockDividend,"57,595,000","0","-14,960,000","3,757,000","16,636,000","469,567,000",,"63,862,000","32,260,000","31,973,000"
AverageDilutionEarnings,"7,623,000","0","-3,171,000","2,997,000","3,437,000","85,823,000",,"3,068,000",,"0"
DilutedNIAvailtoComStockholders,"2,373,026,000","-429,659,000","851,997,000","405,340,000","1,593,150,000","387,719,000","274,271,000","20,505,000","0","0"
BasicEPS,,"-1.98",,"1.92","7.77","3.921",,"0.094","0","0"
DilutedEPS,,"-1.98",,"1.62","6.42","3.921",,"0.094","0","0"
BasicAverageShares,,"217,472,000",,"209,604,000","204,728,000","199,200,000",,"185,986,111","182,945,000","182,945,000"
DilutedAverageShares,,"217,472,000",,"250,536,000","248,147,000","199,200,000",,"185,986,111","205,575,000","205,575,000"
TotalOperatingIncomeAsReported,"1,534,394,000","-554,463,000","922,324,000","291,808,000","874,725,000","987,713,000","226,585,000","101,505,000","42,086,000","38,775,000"
TotalExpenses,"5,670,374,000","1,720,899,000","1,576,139,000","1,020,100,000","1,353,237,000","813,399,000","358,527,000","213,852,000","144,296,000","151,855,000"
NetIncomeFromContinuingAndDiscontinuedOperation,"2,422,998,000","-429,659,000","840,208,000","406,100,000","1,606,349,000","771,463,000","176,785,000","81,299,000","32,260,000","31,973,000"
NormalizedIncome,"2,422,998,000","-429,659,000","840,208,000","406,100,000","1,606,349,000","771,463,000","176,785,000","81,299,000","32,260,000","31,973,000"
InterestExpense,,"22,138,000",,,,,,,,
NetInterestIncome,,"-22,138,000",,,,,,,,
EBIT,"1,492,597,000","-587,307,000","922,324,000","291,808,000","874,725,000","987,713,000","226,585,000","101,505,000","42,086,000","38,775,000"
EBITDA,"1,576,906,000"
ReconciledCostOfRevenue,"1,311,684,000","277,826,000","501,181,000","197,251,000","335,426,000","234,066,000","49,946,000","36,766,000","23,395,000","25,407,000"
ReconciledDepreciation,"84,309,000","31,580,000","23,018,000","17,099,000","12,612,000","10,922,000","8,577,000","8,007,000","7,484,000","6,894,000"
NetIncomeFromContinuingOperationNetMinorityInterest,"2,422,998,000","-429,659,000","840,208,000","406,100,000","1,606,349,000","771,463,000","176,785,000","81,299,000","32,260,000","31,973,000"
TotalUnusualItemsExcludingGoodwill,"0"
TotalUnusualItems,"0"
NormalizedEBITDA,"1,576,906,000","-555,727,000","945,342,000","308,907,000","887,337,000","998,635,000","235,162,000","109,512,000","49,570,000","45,669,000"
TaxRateForCalcs,"0.4","0.295","0.057","0.27","0.27","0.226","0.241","0.209","0.168","0.084"
TaxEffectOfUnusualItems,"0","0","0","0","0","0","0","0","0","0"