name,ttm,03/31/2022,12/31/2021,09/30/2021,06/30/2021,03/31/2021,12/31/2020,09/30/2020,06/30/2020,03/31/2020,12/31/2019,09/30/2019,06/30/2019,03/31/2019,12/31/2018,09/30/2018,06/30/2018,03/31/2018,12/31/2017,09/30/2017,06/30/2017,03/31/2017,12/31/2016,09/30/2016,06/30/2016,03/31/2016,12/31/2015,09/30/2015,06/30/2015,03/31/2015,12/31/2014,09/30/2014,06/30/2014,03/31/2014,12/31/2013,09/30/2013,06/30/2013,03/31/2013,12/31/2012,09/30/2012,06/30/2012,03/31/2012,12/31/2011,09/30/2011,06/30/2011,03/31/2011,12/31/2010,09/30/2010,06/30/2010,03/31/2010,12/31/2009,09/30/2009,06/30/2009,03/31/2009,12/31/2008,09/30/2008,06/30/2008,03/31/2008,12/31/2007,09/30/2007,06/30/2007,03/31/2007,12/31/2006,09/30/2006,06/30/2006,03/31/2006,12/31/2005,09/30/2005,06/30/2005,03/31/2005,12/31/2004,09/30/2004,06/30/2004,03/31/2004,12/31/2003,09/30/2003,06/30/2003,03/31/2003,12/31/2002,09/30/2002,06/30/2002,03/31/2002,12/31/2001,09/30/2001,06/30/2001,03/31/2001,12/31/2000,09/30/2000,06/30/2000,03/31/2000,12/31/1999,09/30/1999,06/30/1999,03/31/1999,12/31/1998,09/30/1998,06/30/1998,03/31/1998,12/31/1997,09/30/1997,06/30/1997,03/31/1997,12/31/1996,09/30/1996,06/30/1996,03/31/1996,12/31/1995,09/30/1995,06/30/1995,03/31/1995,12/31/1994,09/30/1994,06/30/1994,03/31/1994
TotalRevenue,"2,462,367,000","777,218,000","692,188,000","552,562,000","440,399,000","359,881,000","294,812,000","290,026,000","157,234,000","289,919,000","196,095,000","155,378,000","167,052,000","153,047,000","161,895,000","161,214,000","137,075,000","127,440,000","118,213,000","84,614,000","82,283,000","81,363,000","69,081,000","55,927,000","45,145,000","30,698,000","33,563,000","34,316,000","39,242,000","30,391,000","38,418,000","39,657,000","40,502,000","33,285,000","26,471,000","30,797,000","22,760,000","22,541,000","28,676,000","27,402,000","25,360,000","29,294,000","31,812,000","33,550,000","36,834,000","25,449,000","24,443,000","20,485,000","21,569,000","23,385,000","70,985,000","21,320,000","25,025,000","24,815,000","15,540,000","32,783,000","48,029,000","44,960,000","43,941,000","37,869,000","43,474,000","45,484,000","44,752,000","44,878,000","47,057,000","45,581,000","24,888,000","31,722,000","41,668,000","43,012,000","25,139,000","25,138,000","37,606,000","31,919,000","18,938,000","15,082,000","18,409,000","21,268,000","19,997,000","15,768,000","20,107,000","11,236,000","12,105,000","12,404,000","17,066,000","20,812,000","18,357,000","15,960,000","14,312,000","9,448,000","10,300,000","10,200,000","8,600,000","8,000,000","6,700,000","8,600,000","9,300,000","11,000,000","12,500,000","8,700,000","8,400,000","12,500,000","7,200,000","6,300,000","6,000,000","6,400,000","5,800,000","6,200,000","5,800,000","5,700,000","4,700,000","3,400,000","2,200,000","2,100,000"
	OperatingRevenue,"2,462,367,000","777,218,000","692,188,000","552,562,000","440,399,000","359,881,000","294,812,000","290,026,000","157,234,000","289,919,000","196,095,000","155,378,000","167,052,000","153,047,000","161,895,000","161,214,000","137,075,000","127,440,000","118,213,000","84,614,000","82,283,000","81,363,000","69,081,000","55,927,000","45,145,000","30,698,000","33,563,000","34,316,000","39,242,000","30,391,000","38,418,000","39,657,000","40,502,000","33,285,000","26,471,000","30,797,000","22,760,000","22,541,000","28,676,000","27,402,000","25,360,000","29,294,000","31,812,000","33,550,000","36,834,000","25,449,000","24,443,000","20,485,000","21,569,000","23,385,000","70,985,000","21,320,000","25,025,000","24,815,000","15,540,000","32,783,000","48,029,000","44,960,000","43,941,000","37,869,000","43,474,000","45,484,000","44,752,000","44,878,000","47,057,000","45,581,000","24,888,000","31,722,000","41,668,000","43,012,000","25,139,000","25,138,000","37,606,000","31,919,000","18,938,000","15,082,000","18,409,000","21,268,000","24,987,000","15,763,000","20,107,000","11,054,000","12,105,000","12,404,000","17,066,000","20,177,000","18,357,000","15,960,000","14,312,000","9,448,000","10,300,000","10,200,000","8,600,000","8,000,000","6,700,000","8,600,000","9,300,000","11,000,000","12,500,000","8,700,000","8,400,000","12,500,000","7,200,000","6,300,000","6,000,000","6,400,000","5,800,000","6,200,000","5,800,000","5,700,000","4,700,000","3,400,000","2,200,000","2,100,000"
CostOfRevenue,"1,093,169,000","340,031,000","303,379,000","228,933,000","220,826,000","188,777,000","207,544,000","219,663,000","220,166,000","217,904,000","96,109,000","87,536,000","96,828,000","94,647,000","93,467,000","77,045,000","59,413,000","56,919,000","55,969,000","45,593,000","43,178,000","43,274,000","39,892,000","30,742,000","26,059,000","24,899,000","25,155,000","26,481,000","27,114,000","27,328,000","28,142,000","24,632,000","18,610,000","16,685,000","15,647,000","18,168,000","16,725,000","17,339,000","55,790,000","5,859,000","5,821,000","8,784,000","4,023,000","5,980,000","5,299,000","5,045,000","4,706,000","4,327,000","4,031,000","4,648,000","4,790,000","4,962,000","4,656,000","4,039,000","5,459,000","3,701,000","4,870,000","5,178,000","7,245,000","5,338,000","8,613,000","6,599,000","7,541,000","8,070,000","7,365,000","5,905,000","5,995,000","5,649,000","6,197,000","6,536,000","5,246,000","5,771,000","6,123,000","5,168,000","3,298,000","2,659,000","2,512,000","2,832,000","2,829,000","2,832,000","2,805,000","2,564,000","2,289,000","3,238,000","3,052,000","2,673,000","-155,000","3,164,000","3,191,000","2,694,000","3,100,000","2,700,000","1,700,000","1,400,000","1,500,000","1,600,000","1,900,000","1,700,000","1,600,000","1,900,000","1,500,000","2,200,000","2,100,000","2,000,000","1,800,000","1,700,000","1,500,000","2,000,000","1,500,000","1,600,000","1,000,000","1,000,000","700,000","700,000"
GrossProfit,"1,369,198,000","437,187,000","388,809,000","323,629,000","219,573,000","171,104,000","87,268,000","70,363,000","-62,932,000","72,015,000","99,986,000","67,842,000","70,224,000","58,400,000","68,428,000","84,169,000","77,662,000","70,521,000","62,244,000","39,021,000","39,105,000","38,089,000","29,189,000","25,185,000","19,086,000","5,799,000","8,408,000","7,835,000","12,128,000","3,063,000","10,276,000","15,025,000","21,892,000","16,600,000","10,824,000","12,629,000","6,035,000","5,202,000","-27,114,000","21,543,000","19,539,000","20,510,000","27,789,000","27,570,000","31,535,000","20,404,000","19,737,000","16,158,000","17,538,000","18,737,000","66,195,000","16,358,000","20,369,000","20,776,000","10,081,000","29,082,000","43,159,000","39,782,000","36,696,000","32,531,000","34,861,000","38,885,000","37,211,000","36,808,000","39,692,000","39,676,000","18,893,000","26,073,000","35,471,000","36,476,000","19,893,000","19,367,000","31,483,000","26,751,000","15,640,000","12,423,000","15,897,000","18,436,000","17,168,000","12,936,000","17,302,000","8,672,000","9,816,000","9,166,000","14,014,000","18,139,000","18,512,000","12,796,000","11,121,000","6,754,000","7,200,000","7,500,000","6,900,000","6,600,000","5,200,000","7,000,000","7,400,000","9,300,000","10,900,000","6,800,000","6,900,000","10,300,000","5,100,000","4,300,000","4,200,000","4,700,000","4,300,000","4,200,000","4,300,000","4,100,000","3,700,000","2,400,000","1,500,000","1,400,000"
OperatingExpense,"54,171,000","17,121,000","13,116,000","9,503,000","13,502,000","17,728,000","12,710,000","12,649,000","14,159,000","8,325,000","13,186,000","9,355,000","11,715,000","15,018,000","8,762,000","9,923,000","8,495,000","8,987,000","7,802,000","7,390,000","12,989,000","5,390,000","6,758,000","8,078,000","6,697,000","5,742,000","6,355,000","4,444,000","5,897,000","12,311,000","1,625,000","3,463,000","9,812,000","11,035,000","6,653,000","6,284,000","5,078,000","4,304,000","-30,942,000","18,980,000","16,780,000","17,794,000","18,680,000","17,046,000","17,334,000","14,615,000","15,622,000","11,364,000","12,075,000","11,697,000","12,480,000","10,559,000","14,638,000","12,270,000","28,097,000","14,350,000","6,290,000","17,681,000","18,943,000","18,537,000","21,090,000","24,068,000","23,716,000","17,911,000","16,745,000","15,652,000","10,452,000","17,381,000","18,294,000","18,342,000","17,602,000","14,982,000","17,273,000","13,304,000","2,585,000","7,285,000","9,475,000","8,637,000","16,857,000","14,936,000","13,701,000","12,059,000","13,053,000","8,762,000","8,700,000","8,641,000","8,504,000","4,691,000","4,673,000","3,885,000","4,800,000","4,400,000","5,600,000","5,300,000","6,000,000","6,000,000","6,300,000","7,400,000","6,600,000","4,800,000","5,400,000","5,000,000","3,200,000","3,500,000","3,400,000","3,400,000","3,500,000","3,600,000","3,400,000","4,100,000","3,100,000","2,800,000","2,100,000","1,300,000"
	SellingGeneralAndAdministration,"50,805,000","17,121,000","13,116,000","9,503,000","11,065,000","16,799,000","10,614,000","8,224,000","10,024,000","8,325,000","13,626,000","9,388,000","10,564,000","14,777,000","8,514,000","9,721,000","8,289,000","8,769,000","7,648,000","7,259,000","12,781,000","5,206,000","6,562,000","7,891,000","6,302,000","5,562,000","6,180,000","4,302,000","5,763,000","12,102,000","1,402,000","3,261,000","9,639,000","10,807,000","6,424,000","5,826,000","4,545,000","3,739,000","4,512,000","6,441,000","4,374,000","5,031,000","5,149,000","3,464,000","3,799,000","4,224,000","2,618,000","3,371,000","5,033,000","4,304,000","3,763,000","3,698,000","6,186,000","1,819,000","6,691,000","1,451,000","2,943,000","2,652,000","2,778,000","2,606,000","2,271,000","2,221,000","2,033,000","2,908,000","1,954,000","1,726,000","1,992,000","1,598,000","2,801,000","2,934,000","1,919,000","1,509,000","2,451,000","3,793,000","1,009,000","1,068,000","2,128,000","1,235,000","1,197,000","1,070,000","1,299,000","1,139,000","1,090,000","843,000","1,579,000","1,123,000","1,191,000","992,000","930,000","1,042,000","1,200,000","1,000,000","1,400,000","1,100,000","1,200,000","1,400,000","1,200,000","1,500,000","1,100,000","900,000","1,400,000","1,000,000","1,100,000","600,000","800,000","900,000","900,000","900,000","900,000","1,200,000","-400,000","1,600,000","1,200,000","600,000"
		GeneralAndAdministrativeExpense,"50,805,000","17,121,000","13,116,000","9,503,000","11,065,000","16,799,000","10,614,000","8,224,000","10,024,000","8,325,000","13,626,000","9,388,000","10,564,000","14,777,000","8,514,000","9,721,000","8,289,000","8,769,000","7,648,000","7,259,000","12,781,000","5,206,000","6,562,000","7,891,000","6,302,000","5,562,000","6,180,000","4,302,000","5,763,000","12,102,000","1,402,000","3,261,000","9,639,000","10,807,000","6,424,000","5,826,000","4,545,000","3,739,000","4,512,000","6,441,000","4,374,000","5,031,000",,"3,464,000","3,799,000","4,224,000","4,421,000","3,371,000","4,411,000","4,304,000","3,145,000","3,000,000","5,391,000","1,819,000",,,,,,,,,,,,,,,,,,,,,,,,,,,,,,,,,,,,,,,,,,,,,,,,,,,,,,,,,,,,
			SalariesAndWages,,,,,,,,,,,"2,331,000","1,525,000","1,687,000","4,524,000","1,802,000","1,730,000","1,587,000","1,105,000","4,287,000","0","6,351,000",,,,,,,,,,,,,,,,,,,,,,,,,,,,,,,,,,,,,,,,,,,,,,,,,,,,,,,,,,,,,,,,,,,,,,,,,,,,,,,,,,,,,,,,,,,,,
			RentAndLandingFees,,,,,,,,,,,,,,,,,"13,141,000","13,039,000","13,201,000","11,624,000","12,145,000","12,937,000","14,124,000","9,961,000","7,311,000","6,957,000","6,308,000","7,194,000","6,575,000","6,959,000","7,509,000",,"4,363,000","4,230,000","3,367,000","5,270,000","5,384,000","5,758,000",,,,,,,,,,,,,,,,,,,,,,,,,,,,,,,,,,,,,,,,,,,,,,,,,,,,,,,,,,,,,,,,,,,,,,,,,,,,
			OtherGandA,"50,805,000","17,121,000","13,116,000","9,503,000","11,065,000","16,799,000","10,614,000","8,224,000","10,024,000","8,325,000","11,295,000","7,863,000","8,877,000","10,253,000","6,712,000","7,991,000","6,702,000","7,664,000","3,361,000","7,259,000","6,430,000","5,206,000","6,562,000","7,891,000","6,302,000","5,562,000","6,180,000","4,302,000","5,763,000","12,102,000","1,402,000","3,261,000","9,639,000","10,807,000","6,424,000","5,826,000","4,545,000","3,739,000",,,,,,,,,,,,,,,,,,,,,,,,,,,,,,,,,,,,,,,,,,,,,,,,,,,,,,,,,,,,,,,,,,,,,,,,,,,,
	DepreciationAmortizationDepletionIncomeStatement,,,,,,,,,,,,,,,,,,,,,,,,,,,,,,,,,,,,,,,,"11,965,000","11,844,000","12,189,000","12,960,000","13,013,000","12,952,000","9,776,000","10,558,000","7,392,000","7,042,000","6,813,000","8,717,000","6,861,000","8,452,000","9,413,000","22,294,000","11,513,000","15,218,000","15,029,000","16,165,000","15,931,000","18,819,000","21,847,000","21,683,000","14,973,000","14,791,000","13,836,000","6,554,000","9,313,000","13,671,000","15,408,000","10,995,000","10,147,000","14,476,000","11,835,000","7,484,000","6,416,000","6,951,000","7,402,000","8,256,000","6,763,000","6,489,000","5,588,000","6,308,000","4,722,000","5,154,000","4,897,000","7,313,000","3,699,000","3,743,000","2,843,000","3,600,000","3,400,000","4,200,000","4,200,000","4,800,000","4,600,000","5,100,000","5,900,000","5,500,000","3,900,000","4,000,000","4,000,000","2,100,000","2,900,000","2,600,000","2,500,000","2,600,000","2,700,000","2,500,000","2,900,000","3,500,000","1,200,000","900,000","700,000"
		DepreciationAndAmortizationInIncomeStatement,,,,,,,,,,,,,,,,,,,,,,,,,,,,,,,,,,,,,,,,,,,,,,,,,,,,,,,,"11,513,000","15,218,000","15,029,000","16,165,000","15,931,000","18,819,000","21,847,000","21,683,000","14,973,000","14,791,000","13,836,000","6,554,000","9,313,000","13,671,000","15,408,000","10,995,000","10,147,000","14,476,000","11,835,000","7,484,000","6,416,000","6,951,000","7,402,000","8,256,000","6,763,000","6,489,000","5,588,000","6,308,000","4,722,000","5,154,000","4,897,000","7,313,000","3,699,000","3,743,000","2,843,000","3,600,000","3,400,000","4,200,000","4,200,000","4,800,000","4,600,000","5,100,000","5,900,000","5,500,000","3,900,000","4,000,000","4,000,000","2,100,000","2,900,000","2,600,000","2,500,000","2,600,000","2,700,000","2,500,000","2,900,000","3,500,000","1,200,000","900,000","700,000"
	OtherTaxes,"51,518,000",,,,,,,"16,110,000","10,361,000","19,680,000","8,841,000","11,866,000","11,131,000","10,813,000","9,490,000","10,263,000","7,539,000","8,463,000","6,228,000","5,444,000","4,820,000","5,904,000","3,717,000","3,478,000","2,455,000","2,220,000","1,993,000","2,583,000","2,952,000","2,265,000","2,544,000","2,247,000","2,265,000","1,917,000","1,916,000","991,000","687,000","539,000",,,,,,,,,,,,,,,,,,,,,,,,,,,,,,,,,,,,,,,,,,,,,,,,,,,,,,,,,,,,,,,,,,,,,,,,,,,,
	OtherOperatingExpenses,,,"0",,"2,437,000","929,000","2,096,000","4,425,000","4,135,000",,"-440,000","-33,000","1,151,000","241,000","248,000","202,000","206,000","218,000","154,000","131,000","208,000","184,000","196,000","187,000","395,000","180,000","175,000","142,000","134,000","209,000","223,000","202,000","173,000","228,000","229,000","458,000","533,000","565,000","544,000","574,000","562,000","574,000","571,000","569,000","583,000","615,000",,"601,000",,"580,000",,,,"1,038,000","-888,000","1,386,000","-11,871,000",,,,,,"0","30,000",,"90,000","1,906,000","6,470,000","1,822,000",,"4,688,000","3,326,000","346,000","-2,324,000","-5,908,000","-199,000","396,000",,"7,404,000","7,103,000","5,913,000","5,332,000","5,655,000","3,197,000","1,967,000","2,621,000",,,,,,,,,,,,,,,,,,,,,,,,,,,,
OperatingIncome,"1,315,027,000","420,066,000","375,693,000","314,126,000","206,071,000","153,376,000","74,558,000","57,714,000","-77,091,000","63,690,000","86,800,000","58,487,000","58,509,000","43,382,000","59,666,000","74,246,000","69,167,000","61,534,000","54,442,000","31,631,000","26,116,000","32,699,000","22,431,000","17,107,000","12,389,000","57,000","2,053,000","3,391,000","6,231,000","-9,248,000","8,651,000","11,562,000","12,080,000","5,565,000","4,171,000","6,345,000","957,000","898,000","3,828,000","2,563,000","2,759,000","2,716,000","9,109,000","10,524,000","14,201,000","5,789,000","4,115,000","4,794,000","5,463,000","7,040,000","53,715,000","5,799,000","5,731,000","8,506,000","-18,016,000","14,732,000","36,869,000","22,101,000","17,753,000","13,994,000","13,771,000","14,817,000","13,495,000","18,897,000","22,947,000","24,024,000","8,441,000","8,692,000","17,177,000","18,134,000","2,291,000","4,385,000","14,210,000","13,447,000","13,055,000","5,138,000","6,422,000","9,799,000","311,000","-2,000,000","3,601,000","-3,387,000","-3,237,000","404,000","5,314,000","9,498,000","10,008,000","8,105,000","6,448,000","2,869,000","2,400,000","3,100,000","1,300,000","1,300,000","-800,000","1,000,000","1,100,000","1,900,000","4,300,000","2,000,000","1,500,000","5,300,000","1,900,000","800,000","800,000","1,300,000","800,000","600,000","900,000","0","600,000","-400,000","-600,000","100,000"
NetNonOperatingInterestIncomeExpense,"-99,154,000","-21,558,000","-25,226,000","-27,736,000","-24,634,000","-24,416,000","-26,486,000","-24,683,000","-22,682,000","-20,478,000","-689,000","-739,000","-741,000","-738,000","-735,000","-711,000","-594,000","-460,000","-461,000","-444,000","-589,000","-665,000","-1,369,000","-831,000","-4,180,000","-5,491,000","-5,544,000","-5,603,000","-5,106,000","-4,858,000","-4,765,000","-2,205,000","-1,825,000","-977,000","-1,625,000","-1,417,000","-1,537,000","-1,515,000","-2,012,000","-2,135,000","-2,384,000","-2,577,000","-2,805,000","-2,722,000","-2,698,000","-3,492,000","-3,635,000","-3,133,000","-3,198,000","-3,594,000","1,448,000","-6,801,000","-6,789,000","-6,338,000",,,,,,,,,,,,,,,,,,,,,,,,,,,,,,,,,,,,,,,,,,,,,,,,,,,,,,,,,,,,
	InterestExpenseNonOperating,"81,573,000","17,808,000","6,917,000","27,736,000","24,634,000","24,416,000","26,486,000","24,683,000","22,682,000","20,478,000","689,000","739,000","741,000","738,000","735,000","711,000","594,000","460,000","461,000","444,000","589,000","665,000","1,369,000","831,000","4,180,000","5,491,000","5,544,000","5,603,000","5,106,000","4,858,000","4,765,000","2,205,000","1,825,000","977,000","1,625,000","1,417,000","1,537,000","1,515,000","2,012,000","2,135,000","2,384,000","2,577,000","2,805,000","2,722,000","2,698,000","3,492,000","3,387,000","3,133,000","3,198,000","3,594,000","6,233,000","6,801,000","6,789,000","6,338,000",,,,,,,,,,,,,,,,,,,,,,,,,,,,,,,,,,,,,,,,,,,,,,,,,,,,,,,,,,,,
	TotalOtherFinanceCost,"17,581,000","3,750,000",,,,,,,,,,,,,,,,,,,,,,,,,,,,,,,,,,,,,,,,,,,,,,,,,,,,,,,,,,,,,,,,,,,,,,,,,,,,,,,,,,,,,,,,,,,,,,,,,,,,,,,,,,,,,,,,
OtherIncomeExpense,"-728,993,000","-358,287,000","-65,953,000","-112,072,000","-193,610,000","-210,288,000","-546,388,000","-713,415,000","-1,413,707,000","237,401,000","-103,797,000","15,988,000","14,103,000","-67,336,000","102,910,000","-34,117,000","-17,618,000","-4,818,000","-30,910,000","-13,869,000","8,185,000","15,561,000","-22,760,000","4,801,000","-78,306,000","-35,675,000","-109,679,000","-63,926,000","-8,208,000","-1,168,000","25,580,000","10,005,000","-1,387,000","-1,384,000","2,869,000","-3,407,000","2,025,000","-373,000","-1,582,000","-1,835,000","5,028,000","375,000","2,134,000","393,000","4,113,000","1,770,000","2,000","-202,000","-228,000","361,000","-1,436,000","-110,000","-61,000","95,000","-477,778,000","-3,421,000","-25,183,000","-1,479,000","-1,590,000","-1,317,000","-1,646,000","-1,738,000","-1,579,000","-1,496,000","-1,553,000","-2,068,000","2,468,000","-6,118,000","-169,000","728,000","4,594,000","-2,941,000","943,000","-6,346,000","-13,011,000","-1,275,000","-323,000","-1,623,000","-5,561,000","-18,000",,"-776,000",,,,,,,,,,"300,000","500,000","400,000","-98,100,000","700,000","500,000","400,000","300,000","500,000","400,000","300,000","400,000","300,000",,"100,000","100,000","100,000","300,000","100,000","100,000","100,000","600,000",
	GainOnSaleOfSecurity,"-666,077,000","-358,300,000","-10,145,000","-107,169,000","-190,463,000","-214,523,000","-125,739,000","-27,038,000","-126,965,000","251,969,000","-30,694,000","21,809,000","14,036,000","-67,260,000","103,918,000","-34,339,000","-16,554,000","-4,481,000","-30,537,000","-14,162,000","10,494,000","15,303,000","-8,952,000","5,135,000","-15,484,000","-932,000","10,895,000","23,283,000","-8,249,000","2,429,000","28,990,000","9,944,000","-4,685,000","-2,513,000","763,000","-3,686,000","1,981,000","-418,000","-260,000","-1,598,000","3,505,000","70,000",,,"3,688,000",,,,,,,,,,,,,,,,,,,,,,,,,,,,,,,,,,,,,,,,,,,,,,,,,,,,,,,,,,,,,,,,,,,,,
	EarningsFromEquityInterest,,,,,,,,,,,,,,,,,,,,,,,,,,,,,,,,,,,,,,,,,,,,,,,,,,,,,,,,"60,000","84,000","113,000","104,000","104,000","138,000","161,000","162,000","344,000","439,000","530,000",,,,,,,,,,,,,,,,,,,,,,,,,,,,,,,,,,,,,,,,,,,,,,,,
	SpecialIncomeCharges,"-56,098,000","-769,000","-54,731,000","-598,000","0","0","-417,517,000","-687,421,000","-1,284,585,000","-15,830,000","-73,301,000","-5,943,000",,"-157,000","-1,333,000","-1,435,000","-1,767,000","-548,000","-414,000","-205,000","-2,373,000","-450,000","-14,146,000","-456,000","-62,918,000","-34,824,000","-120,595,000","-87,301,000","0","-3,641,000","-3,722,000","0","3,205,000","1,080,000","1,989,000","0","0",,"-1,401,000","-237,000","1,523,000","305,000","5,822,000","393,000","425,000","1,770,000","2,000","-202,000","-228,000","361,000","-1,436,000","-110,000","-61,000","95,000","-477,521,000","-3,481,000","-25,267,000","-1,592,000","-1,694,000","-1,421,000","-1,784,000","-1,899,000","-1,741,000","-1,840,000","-1,992,000","-2,598,000","2,468,000","-6,118,000","-169,000","728,000","4,594,000","-2,941,000","943,000","-6,346,000","-13,011,000","-1,275,000","-323,000","-1,623,000","-5,561,000","-18,000",,"-776,000",,,,,,,,,,"300,000","500,000","400,000","-98,100,000","700,000","500,000","400,000","300,000","500,000","400,000","300,000","400,000","300,000",,"100,000","100,000","100,000","300,000","100,000","100,000","100,000","600,000",
		RestructuringAndMergernAcquisition,"15,058,000","769,000","11,271,000","3,018,000","0","0","2,120,000","2,465,000","8,067,000","15,830,000","68,420,000","5,943,000",,"157,000","1,333,000","1,435,000","1,767,000","548,000","-111,000","205,000","2,373,000","450,000","1,263,000","456,000","1,906,000","48,000","27,000",,,,,,,,,,,,,,,,"0","0","0",,"94,000","139,000",,,,,,,,,,,,,,,,,,,,,,,,"532,000",,,,,,,,,,,,,,,,,,,,,,,,,,,,,,,,,,,,,,,,,,
		ImpairmentOfCapitalAssets,,,"0","0","0",,"585,767,000","684,956,000","1,276,518,000",,,,,,,,,,"0","0","0","0","0","0","61,012,000","34,776,000","121,134,000","87,301,000",,,,,,,,,,,,,,,,"171,000",,,,"0",,,,,,,,,,,,,,,,,,,,,,,,,,,,,,,,,,,,,,,,,,,,,,,,,,,,,,,,,,,,,,,,,,
		OtherSpecialCharges,,,"43,460,000","-2,420,000",,,"-170,370,000",,,,"4,881,000",,,,,,,,"-41,000","-498,000","-64,000","-708,000","12,883,000","-122,000","-96,000","-81,000","-587,000","-92,000","-41,000","3,597,000","3,054,000",,"-3,205,000","-49,000",,,"-44,000",,"224,000","237,000","-1,523,000","-305,000","-5,651,000","-564,000","-425,000","-1,770,000","-96,000","63,000",,,,,,,,,,,,,,,,,,,,,,,,"2,409,000",,,,,,,,,,,,,,,,,,,,,,,,,,,,,,,,,,,,,,,,,,
		GainOnSaleOfPPE,,,,,,,,,,,,,,,,,,,,,,,"0","0","0","0","566,000","0","0","-3,641,000","0","0","0","1,080,000",,,,,,,,,,,,,,,,,,,,,,,,,,,,,,,,,,,,,,,,,,,,,,,,,,,,,,,,,,,,,,,,,,,,,,,,,,,,,,,,
	OtherNonOperatingIncomeExpenses,"-6,818,000","782,000","-1,077,000","-4,305,000","-3,147,000","4,235,000","-3,132,000","1,044,000","-2,157,000","1,262,000","198,000","122,000","67,000","81,000","325,000","1,657,000","703,000","211,000","41,000","498,000","64,000","708,000","338,000","122,000","96,000","81,000","21,000","92,000","41,000","44,000","312,000","61,000","93,000","49,000","117,000","279,000","44,000","45,000",,,,,,,,,,,,,,,,,,,,,,,,,,,,,,,,,,,,,,,,,,,,,,,,,,,,,,,,,,,,,,,,,,,,,,,,,,,,
PretaxIncome,"486,880,000","40,221,000","284,514,000","174,318,000","-12,173,000","-81,328,000","-498,316,000","-680,384,000","-1,513,480,000","280,613,000","-17,686,000","73,736,000","71,871,000","-24,692,000","161,841,000","39,418,000","50,955,000","56,256,000","23,071,000","17,318,000","33,712,000","47,595,000","-1,698,000","21,077,000","-70,097,000","-41,109,000","-113,170,000","-66,138,000","-7,083,000","-15,274,000","29,466,000","19,362,000","8,868,000","3,204,000","5,415,000","1,521,000","1,445,000","-990,000","234,000","-1,407,000","5,403,000","514,000","8,438,000","8,195,000","15,616,000","4,067,000","482,000","1,459,000","2,037,000","3,807,000","53,727,000","-1,112,000","-1,119,000","2,263,000","-506,995,000","8,715,000","7,799,000","11,601,000","6,661,000","3,329,000","3,758,000","9,445,000","8,705,000","14,142,000","18,158,000","18,787,000","6,355,000","4,994,000","13,527,000","13,767,000","2,118,000","259,000","9,397,000","1,954,000","-7,467,000","-3,118,000","-995,000","1,848,000","-397,000","-2,000,000","3,601,000","-3,775,000","-12,423,000","404,000","5,314,000","9,498,000","6,001,000","6,464,000","4,781,000","1,764,000","1,300,000","1,600,000","300,000","700,000","-50,300,000","1,400,000","1,100,000","1,800,000","3,600,000","1,800,000","1,800,000","5,400,000",,,,,,,,,"300,000","-500,000",,
TaxProvision,"1,585,000","484,000","-837,000","2,416,000","-478,000","-921,000","6,755,000","0","51,251,000","64,048,000","5,857,000","17,902,000","16,691,000","-5,149,000","5,647,000","1,487,000","481,000","495,000","247,000","237,000","322,000","466,000","48,000","-62,000","0","0","0","45,667,000","-2,116,000","-5,077,000","10,504,000","7,161,000","4,128,000","1,341,000","2,154,000","456,000","663,000","-169,000","715,000","-246,000","1,610,000","144,000","-63,064,000","0","-3,972,000","0","-174,000","0","0","0","0","0","24,000","-24,000","-49,456,000","2,919,000","2,730,000","4,082,000","2,223,000","1,165,000","1,315,000","3,803,000","3,007,000","4,856,000","6,294,000","6,550,000","2,098,000","1,558,000","4,735,000","4,818,000",,,,,"9,225,000","-1,092,000","-348,000","647,000","-139,000","-700,000","1,260,000","-1,321,000","-4,349,000","142,000","1,860,000","3,324,000","2,040,000","2,197,000","1,626,000","600,000","500,000","500,000","100,000","200,000","-16,600,000","500,000","400,000","600,000","1,300,000","600,000","600,000","1,700,000",,,,,,,,,"0","-100,000",,
EarningsFromEquityInterestNetOfTax,,,,,,,,,,,,,,,,,,,,,,,,,,,,,,,"0","0","0","0","3,000","17,000","-24,000","21,000",,,,,,,,,,"143,000","93,000","116,000",,"157,000","218,000","117,000",,,,,,,,,,,,,,,,,,,,,,,,,,,,,,,,,,,,,,,,,,,,,,,,,,,,,,,,,,,,
NetIncomeCommonStockholders,"485,295,000","39,737,000","285,351,000","171,902,000","-11,695,000","-80,407,000","-505,071,000","-680,384,000","-1,564,731,000","216,565,000","-23,543,000","47,180,000","53,357,000","-21,367,000","154,370,000","36,108,000","48,650,000","53,937,000","21,000,000","15,257,000","31,566,000","45,305,000","-3,570,000","19,315,000","-71,920,000","-42,933,000","-115,144,000","-113,779,000","-6,940,000","-12,171,000","16,988,000","10,227,000","2,767,000","-111,000","1,291,000","-892,000","78,000","-800,000","-435,000","-1,105,000","3,799,000","488,000","71,704,000","8,406,000","19,877,000","4,164,000","731,000","1,602,000","2,130,000","3,923,000","53,895,000","-955,000","-925,000","2,404,000","-457,534,000","5,856,000","5,153,000","7,632,000","4,542,000","2,268,000","2,581,000","5,803,000","5,860,000","9,630,000","12,303,000","12,767,000","5,599,000","3,436,000","9,311,000","9,157,000","9,574,000","-58,000","9,411,000","1,783,000","-17,019,000","-2,346,000","-966,000","1,063,000","-577,000","-1,620,000","2,022,000","-2,773,000","-8,393,000","-58,000","3,135,000","5,855,000","3,216,000","3,714,000","2,603,000","611,000","200,000","500,000","-400,000","-300,000","-34,400,000","200,000","0","500,000","1,600,000","500,000","500,000","3,000,000","1,600,000","300,000","200,000","700,000","400,000","200,000","500,000","-300,000","300,000","-400,000",,
	NetIncome,"485,295,000","39,737,000","285,351,000","171,902,000","-11,695,000","-80,407,000","-505,071,000","-680,384,000","-1,564,731,000","216,565,000","-23,543,000","55,834,000","55,180,000","-19,543,000","156,194,000","37,931,000","50,474,000","55,761,000","22,824,000","17,081,000","33,390,000","47,129,000","-1,746,000","21,139,000","-70,097,000","-41,109,000","-113,170,000","-111,805,000","-4,967,000","-10,197,000","18,962,000","12,201,000","4,740,000","1,863,000","3,264,000","1,082,000","758,000","-800,000","-435,000","-1,105,000","3,799,000","488,000","71,704,000","8,406,000","19,877,000","4,164,000","731,000","1,602,000","2,130,000","3,923,000","53,895,000","-955,000","-925,000","2,404,000","-457,534,000","5,856,000","5,153,000","7,632,000","4,542,000","2,268,000","2,581,000","5,803,000","5,860,000","9,630,000","12,303,000","12,767,000","5,599,000","3,436,000","9,311,000","9,475,000","9,891,000","259,000","9,730,000","2,102,000","-16,700,000","-2,026,000","-647,000","1,382,000","-258,000","-1,300,000","2,341,000","-2,454,000","-8,074,000","262,000","3,454,000","6,174,000","3,961,000","4,267,000","3,155,000","1,164,000","800,000","1,100,000","200,000","500,000","-33,700,000","900,000","700,000","1,200,000","2,300,000","1,200,000","1,200,000","3,700,000","2,300,000","1,000,000","900,000","1,400,000","700,000","200,000","500,000","-300,000","300,000","-400,000",,
		NetIncomeIncludingNoncontrollingInterests,"485,295,000","39,737,000","285,351,000","171,902,000","-11,695,000","-80,407,000","-505,071,000","-680,384,000","-1,564,731,000","216,565,000","-23,543,000","55,834,000","55,180,000","-19,543,000","156,194,000","37,931,000","50,474,000","55,761,000","22,824,000","17,081,000","33,390,000","47,129,000","-1,746,000","21,139,000","-70,097,000","-41,109,000","-113,170,000","-111,805,000","-4,967,000","-10,197,000","18,962,000","12,201,000","4,740,000","1,863,000","3,264,000","1,082,000","758,000","-800,000","-255,000","-1,161,000","3,793,000","370,000","71,502,000","8,195,000","19,588,000","4,067,000","304,000","1,459,000","2,130,000","3,923,000","53,235,000","-955,000","-925,000","2,404,000","-457,534,000","5,856,000","5,153,000","7,632,000","4,542,000","2,268,000","2,581,000","5,803,000","5,860,000","9,630,000","12,303,000","12,767,000","5,599,000","3,436,000","9,311,000","9,475,000","9,891,000","259,000","9,730,000","2,102,000","-16,700,000","-2,026,000","-647,000","1,382,000","-258,000","-1,300,000","2,341,000","-2,454,000","-8,074,000","262,000","3,454,000","6,174,000","3,961,000","4,267,000","3,155,000","1,164,000","800,000","1,100,000","200,000","500,000","-33,700,000","900,000","700,000","1,200,000","2,300,000","1,200,000","1,200,000","3,700,000","2,300,000","1,000,000","900,000","1,400,000","700,000","200,000","500,000","-300,000","300,000","-400,000",,
			NetIncomeContinuousOperations,"485,295,000","39,737,000","285,351,000","171,902,000","-11,695,000","-80,407,000","-505,071,000","-680,384,000","-1,564,731,000","216,565,000","-23,543,000","55,834,000","55,180,000","-19,543,000","156,194,000","37,931,000","50,474,000","55,761,000","22,824,000","17,081,000","33,390,000","47,129,000","-1,746,000","21,139,000","-70,097,000","-41,109,000","-113,170,000","-111,805,000","-4,967,000","-10,197,000","18,962,000","12,201,000","4,740,000","1,863,000","3,264,000","1,082,000","758,000","-800,000","-255,000","-1,161,000","3,793,000","370,000","71,502,000","8,195,000","19,588,000","4,067,000","304,000","1,459,000","2,130,000","3,923,000","53,235,000","-955,000","-925,000","2,404,000","-457,534,000","5,856,000","5,153,000","7,632,000","4,542,000","2,268,000","2,581,000","5,803,000","5,860,000","9,630,000","12,303,000","12,767,000","5,599,000","3,436,000","9,311,000","9,475,000","9,891,000","259,000","9,730,000","2,102,000","-16,700,000","-2,026,000","-647,000","1,201,000","-258,000","-1,300,000","2,341,000","-2,454,000","-8,074,000","262,000","3,454,000","6,174,000","3,961,000","4,267,000","3,155,000","1,164,000","800,000","1,100,000","200,000","500,000","-33,700,000","900,000","700,000","1,200,000","2,300,000","1,200,000","1,200,000","3,700,000","2,300,000","1,000,000","900,000","1,400,000","700,000","200,000","500,000","-300,000","300,000","-400,000",,
			NetIncomeExtraordinary,,,,,,,,,,,,,,,,,,,,,,,,,,,,,,,,,,,,,,,,,,,,,,,,,,,,,,,,,,,,,,,,,,,,,,,,,,,"0",,,"181,000",,,,,,,,,,,,,,,,,,,,,,,,,,,,,,,,,,,,
		MinorityInterests,,,,,,,,,,,,,,,,,,,,,,,,,,,,,,,,,"0",,,"17,000","-24,000","21,000","46,000","56,000","6,000","118,000","202,000","211,000","289,000","97,000",,"143,000",,"116,000",,,,,,,,,,,,,,,,,,,,,,,,,,,,,,,,,,,,,,,,,,,,,,,,,,,,,,,,,,,,,,,,
	PreferredStockDividends,,,,,,,,,,,"0","350,000","1,823,000","1,824,000","1,824,000","1,823,000","1,824,000","1,824,000","1,824,000","1,824,000","1,824,000","1,824,000","1,824,000","1,824,000","1,823,000","1,824,000","1,974,000","1,974,000","1,973,000","1,974,000","1,974,000","1,974,000","1,973,000","1,974,000","1,973,000","1,974,000","680,000",,,,,,,,,,,,,,,,,,,,,,,,,,,,,,"0",,,"318,000","317,000","317,000","319,000","319,000","319,000","320,000","319,000","319,000","319,000","320,000","319,000","319,000","319,000","320,000","319,000","319,000","745,000","553,000","552,000","553,000","600,000","600,000","600,000","800,000","700,000","700,000","700,000","700,000","700,000","700,000","700,000","700,000","700,000","700,000","700,000","700,000",,,,,,,,
	OtherunderPreferredStockDividend,,,,,,,"0","0",,,"0","8,304,000",,,,,,,,,,,,,,,,,,,,,,,,,,,,,,,,,,,,,,,,,,,,,,,,,,,,,,,,,,,,,,,,,,,,,,,,,,,,,,,,,,,,,,,,,,,,,,,,,,,,,,
DilutedNIAvailtoComStockholders,"485,295,000","39,737,000","285,351,000","171,902,000","-11,695,000","-80,407,000","-505,071,000","-680,384,000","-1,564,731,000","216,565,000","-23,543,000","47,180,000","53,357,000","-21,367,000","154,370,000","36,108,000","48,650,000","53,937,000","21,000,000","15,257,000","31,566,000","45,305,000","-3,570,000","19,315,000","-71,920,000","-42,933,000","-115,144,000","-113,779,000","-6,940,000","-12,171,000","16,988,000","10,227,000","2,767,000","-111,000","1,291,000","-892,000","78,000","-800,000","-435,000","-1,105,000","3,799,000","488,000","71,704,000","8,406,000","19,877,000","4,164,000","731,000","1,602,000","2,130,000","3,923,000","53,895,000","-955,000","-925,000","2,404,000","-457,534,000","5,856,000","5,153,000","7,632,000","4,542,000","2,268,000","2,581,000","5,803,000","5,860,000","9,630,000","12,303,000","12,767,000","5,599,000","3,436,000","9,311,000","9,157,000","9,574,000","-58,000","9,411,000","1,783,000","-17,019,000","-2,346,000","-966,000","1,063,000","-577,000","-1,620,000","2,022,000","-2,773,000","-8,393,000","-58,000","3,135,000","5,855,000","3,216,000","3,714,000","2,603,000","611,000","200,000","500,000","-400,000","-300,000","-34,400,000","200,000","0","500,000","1,600,000","500,000","500,000","3,000,000","1,600,000","300,000","200,000","700,000","400,000","200,000","500,000","-300,000","300,000","-400,000",,
BasicEPS,,"0.65","4.82","3.71","-0.25","-1.89","-12.71","-17.12","-39.4","5.5","-0.9","2.1","2.3","-0.9","6.8","1.6","2.3","2.7","1","0.8","1.6","2.3","-0.2","1.4","-6.1","-5.1","-15.8","-17.2","-1.1","-2.1",,"2.4","0.7","-0.028",,"-0.2","0.019","-0.2",,"-0.3","1","0.1",,"2.1","5.1","1.2",,"0.6","0.7","1.4",,"-0.4","-0.4","1.1",,"2.7","2.5","3.7",,"1.1","1.2","2.8",,"4.7","6.1","6.6",,"1.9","5.2","5.2",,"0.1","6.6","1.3",,"-1.7","-0.7","0.8",,"-1.2","1.5","-2.1",,"0","2.4","4.4",,"3","2.1","0.5",,"0.6","-0.4","-0.4",,"0.3","0.1","0.6",,"0.8","0.8","4.7",,"0.5","0.3","1.2",,"0.3","0.8","-0.5",,"-1.1","-0.2","0.1"
DilutedEPS,,"0.64","4.78","3.65","-0.25","-1.89","-12.71","-17.12","-39.4","5.5","-0.9","2.1","2.3","-0.9","6.8","1.6","2.3","2.7","1","0.8","1.6","2.2","-0.2","1.4","-6.1","-5.1","-15.8","-17.2","-1.1","-2.1",,"2.3","0.7","-0.028",,"-0.2","0.019","-0.2",,"-0.3","0.9","0.1",,"2.1","5","1.2",,"0.5","0.7","1.3",,"-0.4","-0.4","1.1",,"2.7","2.3","3.5",,"1.1","1.2","2.7",,"4.5","5.7","6",,"1.7","4.6","4.6",,"0.1","5.8","1.2",,"-1.7","-0.7","0.8",,"-1.2","1.5","-2.1",,"0","2.3","4.1",,"2.9","2.1","0.5",,"0.6","-0.4","-0.4",,"0.3","0.1","0.6",,"0.8","0.8","3.9",,"0.5","0.3","1.2",,"0.3","0.8","-0.5",,"-1.1","-0.2","0.1"
BasicAverageShares,,"61,487,000","59,143,000","46,290,000","46,267,000","42,590,000","39,752,000","39,746,000","39,708,400","39,668,200","24,823,200","22,832,200","22,805,100","22,778,400","22,758,000","22,756,400","21,069,800","20,192,100","20,183,500","20,182,700","20,138,600","20,105,400","16,625,800","13,698,300","11,820,900","8,358,200","7,303,600","6,627,700","6,603,800","5,747,900",,"4,318,700","4,060,600","4,032,800",,"4,032,100","4,008,900","3,979,300",,"3,957,500","3,939,900","3,935,100",,"3,932,200","3,922,500","3,374,400",,"2,881,500","2,876,200","2,873,800",,"2,170,500","2,164,500","2,160,700",,"2,146,000","2,096,600","2,087,100",,"2,080,000","2,072,600","2,072,200",,"2,065,000","2,031,400","1,939,600",,"1,913,200","1,773,600","1,767,100",,"1,755,200","1,425,100","1,381,900",,"1,367,900","1,364,000","1,359,900",,"1,337,700","1,333,400","1,331,500",,"1,328,400","1,325,800","1,325,300",,"1,222,800","1,217,100","1,215,600",,"833,333","1,000,000","750,000",,"666,667","833,333","833,333",,"625,000","625,000","638,298",,"600,000","666,667","583,333",,"666,667","625,000","600,000",,"363,636","376,800","579,200"
DilutedAverageShares,,"62,065,000","59,737,000","47,096,000","46,267,000","42,590,000","39,752,000","39,746,000","39,708,400","39,683,600","24,835,900","22,846,900","22,841,100","22,778,400","22,819,100","22,814,000","21,146,500","20,258,800","20,242,600","20,233,700","20,190,500","20,174,000","16,625,800","13,748,300","11,820,900","8,358,200","7,303,600","6,627,700","6,603,800","5,747,900",,"4,421,100","4,160,500","4,032,800",,"4,032,100","4,032,300","3,979,300",,"3,957,500","4,015,500","4,025,400",,"3,997,600","3,984,400","3,453,900",,"2,949,100","2,958,300","2,922,900",,"2,170,500","2,164,500","2,160,700",,"2,202,800","2,207,400","2,164,400",,"2,123,000","2,130,200","2,119,300",,"2,132,600","2,144,800","2,132,900",,"2,123,500","2,034,500","2,067,800",,"1,881,500","1,687,700","1,464,600",,"1,367,900","1,364,000","1,419,200",,"1,337,700","1,374,400","1,331,500",,"1,340,700","1,342,700","1,490,800",,"1,496,800","1,244,500","1,235,400",,"833,333","1,000,000","750,000",,"666,667","833,333","833,333",,"625,000","625,000","638,298",,"600,000","666,667","583,333",,"666,667","625,000","600,000",,"363,636","376,800","579,200"
TotalOperatingIncomeAsReported,"1,299,969,000","419,297,000","364,422,000","311,108,000","206,071,000","153,376,000","-513,329,000","-629,707,000","-1,361,676,000","47,860,000","18,380,000","52,544,000","58,509,000","43,225,000","58,333,000","72,811,000","67,400,000","60,986,000","54,028,000","31,426,000","23,743,000","32,249,000","21,168,000","16,651,000","-50,529,000","-34,767,000","-118,542,000","-83,910,000","6,231,000","-12,889,000","7,983,000","11,562,000","12,080,000","6,645,000","2,464,000","6,345,000","957,000","898,000","2,651,000","2,563,000","2,759,000","2,716,000","9,109,000","10,524,000","14,201,000","5,789,000","4,021,000","4,655,000","5,463,000","7,040,000","53,417,000","5,799,000","5,731,000","8,506,000","-500,438,000","13,640,000","24,046,000","21,069,000","16,727,000","13,090,000","12,828,000","13,705,000","12,367,000","17,815,000","21,616,000","22,605,000","9,783,000","8,692,000","17,696,000","18,134,000","6,371,000","3,853,000","14,543,000","10,231,000","6,277,000","4,366,000","6,422,000","8,946,000","-397,000","-2,000,000","3,601,000","-3,775,000","-12,423,000","404,000","5,314,000","9,498,000","10,008,000","8,105,000","6,448,000","2,869,000","2,400,000","3,100,000","1,300,000","1,300,000","-50,100,000","1,000,000","1,100,000","1,900,000","4,300,000","2,000,000","1,500,000","5,300,000","1,900,000","800,000","800,000","1,300,000","800,000","600,000","900,000",,"600,000","-400,000","-600,000","100,000"
TotalExpenses,"1,147,340,000","357,152,000","316,495,000","238,436,000","234,328,000","206,505,000","220,254,000","232,312,000","234,325,000","226,229,000","109,295,000","96,891,000","108,543,000","109,665,000","102,229,000","86,968,000","67,908,000","65,906,000","63,771,000","52,983,000","56,167,000","48,664,000","46,650,000","38,820,000","32,756,000","30,641,000","31,510,000","30,925,000","33,011,000","39,639,000","29,767,000","28,095,000","28,422,000","27,720,000","22,300,000","24,452,000","21,803,000","21,643,000","24,848,000","24,839,000","22,601,000","26,578,000","22,703,000","23,026,000","22,633,000","19,660,000","20,328,000","15,691,000","16,106,000","16,345,000","17,270,000","15,521,000","19,294,000","16,309,000","33,556,000","18,051,000","11,160,000","22,859,000","26,188,000","23,875,000","29,703,000","30,667,000","31,257,000","25,981,000","24,110,000","21,557,000","16,447,000","23,030,000","24,491,000","24,878,000","22,848,000","20,753,000","23,396,000","18,472,000","5,883,000","9,944,000","11,987,000","11,469,000","19,686,000","17,768,000","16,506,000","14,623,000","15,342,000","12,000,000","11,752,000","11,314,000","8,349,000","7,855,000","7,864,000","6,579,000","7,900,000","7,100,000","7,300,000","6,700,000","7,500,000","7,600,000","8,200,000","9,100,000","8,200,000","6,700,000","6,900,000","7,200,000","5,300,000","5,500,000","5,200,000","5,100,000","5,000,000","5,600,000","4,900,000","5,700,000","4,100,000","3,800,000","2,800,000","2,000,000"
NetIncomeFromContinuingAndDiscontinuedOperation,"485,295,000","39,737,000","285,351,000","171,902,000","-11,695,000","-80,407,000","-505,071,000","-680,384,000","-1,564,731,000","216,565,000","-23,543,000","55,834,000","55,180,000","-19,543,000","156,194,000","37,931,000","50,474,000","55,761,000","22,824,000","17,081,000","33,390,000","47,129,000","-1,746,000","21,139,000","-70,097,000","-41,109,000","-113,170,000","-111,805,000","-4,967,000","-10,197,000","18,962,000","12,201,000","4,740,000","1,863,000","3,264,000","1,082,000","758,000","-800,000","-435,000","-1,105,000","3,799,000","488,000","71,704,000","8,406,000","19,877,000","4,164,000","731,000","1,602,000","2,130,000","3,923,000","53,895,000","-955,000","-925,000","2,404,000","-457,534,000","5,856,000","5,153,000","7,632,000","4,542,000","2,268,000","2,581,000","5,803,000","5,860,000","9,630,000","12,303,000","12,767,000","5,599,000","3,436,000","9,311,000","9,475,000","9,891,000","259,000","9,730,000","2,102,000","-16,700,000","-2,026,000","-647,000","1,201,000","-258,000","-1,300,000","2,341,000","-2,454,000","-8,074,000","262,000","3,454,000","6,174,000","3,961,000","4,267,000","3,155,000","1,164,000","800,000","1,100,000","200,000","500,000","-33,700,000","900,000","700,000","1,200,000","2,300,000","1,200,000","1,200,000","3,700,000","2,300,000","1,000,000","900,000","1,400,000","700,000","200,000","500,000","-300,000","300,000","-400,000",,
NormalizedIncome,"1,205,119,015.414","394,485,137.863","332,710,480","278,591,330","171,149,480","131,970,770","-108,494,120","34,075,000","-534,299,500","34,737,970","52,373,350","43,775,840","44,372,280","32,368,090","57,188,423.601","72,355,465.828","68,622,055.225","60,745,749.52","53,443,636.08","31,251,384.975","25,346,567.691","32,421,424.898","12,112,800","18,331,600","8,305,000","-5,353,000","-3,470,000","-73,394,200","817,665.114","-9,387,862.642","2,701,502.613","5,936,280","5,702,000","2,794,450","1,606,701.385","3,662,927.022","-529,650","-453,060","644,650","409,168.443","269,256.524","218,058.366","70,316,900","8,013,000","17,203,550","2,394,000","729,700","1,804,000","2,358,000","3,562,000","55,331,000","-845,000","-885,350","2,342,250","-26,593,890.494","8,171,074.699","21,575,416.079","8,663,828.98","5,670,655.157","3,191,714.028","3,740,742.416","6,942,400","6,999,600","10,838,191.204","13,604,524.838","14,459,219.407","3,945,770.102","7,645,340.809","9,420,843.129","9,001,776.204","7,134,600","2,023,600","9,164,200","5,909,600","-8,893,400","-1,197,536.241","-436,968.844","2,255,774.351","3,355,949.622","-1,288,300","2,341,000","-1,949,548.609","-8,074,000","262,000","3,454,000","6,174,000","3,961,000","4,267,000","3,155,000","1,164,000","800,000","893,750","-133,333.333","214,285.714","32,025,049.702","450,000","381,818.182","933,333.333","2,108,333.333","866,666.667","933,333.333","3,494,444.444","2,060,000","820,000","900,000","1,340,000","640,000","140,000","320,000","-360,000","200,000","-480,000",,
InterestIncome,,,,,,,,,,,,,,,,,,,,,,,,,,,,,,,,,,,,,,,,,,,,,,,,,,,,,,,,,,,,,,,,,,,,,,,,,,,,,,,,"23,000",,"570,000",,"311,000","646,000","635,000",,"462,000",,"670,000",,,,,,,,,,,,,,,,,,,,,,,,
InterestExpense,"81,573,000","17,808,000","6,917,000","27,736,000","24,634,000","24,416,000","26,486,000","24,683,000","22,682,000","20,478,000","689,000","739,000","741,000","738,000","735,000","711,000","594,000","460,000","461,000","444,000","589,000","665,000","1,369,000","831,000","4,180,000","5,491,000","5,544,000","5,603,000","5,106,000","4,858,000","4,765,000","2,205,000","1,825,000","977,000","1,625,000","1,417,000","1,537,000","1,515,000","2,012,000","2,135,000","2,384,000","2,577,000","2,805,000","2,722,000","2,698,000","3,492,000","3,387,000","3,133,000","3,198,000","3,594,000","6,233,000","6,801,000","6,789,000","6,338,000","6,996,000","5,014,000","4,755,000","9,940,000","10,424,000","10,148,000","9,172,000",,"4,177,000","4,027,000","4,128,000","4,148,000","3,776,000",,"4,265,000","4,569,000","4,299,000",,"5,436,000","5,891,000","8,389,000","7,554,000",,,"7,404,000","7,103,000","5,913,000","5,720,000","4,063,000","3,508,000","2,613,000","2,621,000","2,471,000","2,103,000",,"1,775,000",,"1,900,000",,"1,000,000","600,000","300,000",,,,,"100,000","100,000","100,000","100,000",,,"400,000","600,000","500,000","400,000","400,000","100,000",,
NetInterestIncome,"-99,154,000","-21,558,000","-25,226,000","-27,736,000","-24,634,000","-24,416,000","-26,486,000","-24,683,000","-22,682,000","-20,478,000","-689,000","-739,000","-741,000","-738,000","-735,000","-711,000","-594,000","-460,000","-461,000","-444,000","-589,000","-665,000","-1,369,000","-831,000","-4,180,000","-5,491,000","-5,544,000","-5,603,000","-5,106,000","-4,858,000","-4,765,000","-2,205,000","-1,825,000","-977,000","-1,625,000","-1,417,000","-1,537,000","-1,515,000","-2,012,000","-2,135,000","-2,384,000","-2,577,000","-2,805,000","-2,722,000","-2,698,000","-3,492,000","-3,635,000","-3,133,000","-3,198,000","-3,594,000","1,448,000","-6,801,000","-6,789,000","-6,338,000","-6,996,000","-5,014,000","-4,755,000","-9,940,000","-10,424,000","-10,148,000","-9,172,000",,"-4,177,000","-4,027,000","-4,128,000","-4,148,000","-3,776,000",,"-4,265,000","-4,569,000","-4,299,000",,"-5,436,000","-5,891,000","-8,389,000","-7,554,000",,,"-8,249,000","-7,080,000","-5,913,000","-5,150,000","-5,655,000","-3,197,000","-1,967,000","-1,986,000","-4,007,000","-1,641,000",,"-1,105,000",,"-1,900,000",,"-1,000,000","-600,000","-300,000",,,,,"-100,000","-100,000","-100,000","-100,000",,,"-400,000","-600,000","-500,000","-400,000","-400,000","-100,000",,
EBIT,"568,453,000","58,029,000","291,431,000","202,054,000","12,461,000","-56,912,000","-471,830,000","-655,701,000","-1,490,798,000","301,091,000","-16,997,000","74,475,000","72,612,000","-23,954,000","162,576,000","40,129,000","51,549,000","56,716,000","23,532,000","17,762,000","34,301,000","48,260,000","-329,000","21,908,000","-65,917,000","-35,618,000","-107,626,000","-60,535,000","-1,977,000","-10,416,000","34,231,000","21,567,000","10,693,000","4,181,000","7,040,000","2,938,000","2,982,000","525,000","2,246,000","728,000","7,787,000","3,091,000","11,243,000","10,917,000","18,314,000","7,559,000","3,869,000","4,592,000","5,235,000","7,401,000","59,960,000","5,689,000","5,670,000","8,601,000","-514,006,000","14,732,000","36,869,000","22,101,000","17,753,000","13,994,000","13,771,000","14,817,000","13,495,000","18,897,000","22,947,000","24,024,000","8,441,000","8,692,000","17,177,000","18,134,000","2,291,000","4,385,000","14,210,000","13,447,000","13,055,000","5,138,000","6,422,000","9,799,000","311,000","-2,000,000","3,601,000","-3,387,000","-3,237,000","404,000","5,314,000","9,498,000","10,008,000","8,105,000","6,448,000","2,869,000","2,400,000","3,100,000","1,300,000","1,300,000","-800,000","1,000,000","1,100,000","1,900,000","4,300,000","2,000,000","1,500,000","5,300,000","1,900,000","800,000","800,000","1,300,000","800,000","600,000","900,000","0","600,000","-400,000","-600,000","100,000"
EBITDA,"957,001,000"
ReconciledCostOfRevenue,"1,093,169,000","340,031,000","303,379,000","228,933,000","220,826,000","188,777,000","207,544,000","219,663,000","220,166,000","217,904,000","96,109,000","87,536,000","96,828,000","94,647,000","93,467,000","77,045,000","59,413,000","56,919,000","55,969,000","45,593,000","43,178,000","43,274,000","39,892,000","30,742,000","26,059,000","24,899,000","25,155,000","26,481,000","27,114,000","27,328,000","28,142,000","24,632,000","18,610,000","16,685,000","15,647,000","18,168,000","16,725,000","17,339,000","55,790,000","5,495,000","5,475,000","8,487,000","3,731,000","5,695,000","5,049,000","4,820,000","4,495,000","4,104,000","3,817,000","4,472,000","4,592,000","4,749,000","4,452,000","3,823,000","7,532,000","2,768,000","3,979,000","4,121,000","6,147,000","4,255,000","7,631,000","5,838,000","6,846,000","7,373,000","6,618,000","5,177,000","5,267,000","4,926,000","5,500,000","5,911,000","4,592,000","5,136,000","5,464,000","4,476,000","1,293,000","757,000","672,000","1,000,000","3,451,000","1,130,000","205,000","2,451,000","2,462,000","3,491,000","3,651,000","3,365,000","-155,000","3,164,000","3,191,000","2,694,000","3,100,000","2,700,000","1,900,000","1,400,000","1,500,000","1,600,000","1,900,000","1,700,000","1,600,000","1,900,000","1,500,000","2,200,000","2,100,000","1,900,000","1,800,000","1,700,000","1,500,000","2,000,000","1,500,000","1,600,000","1,000,000","1,100,000","500,000","700,000"
ReconciledDepreciation,"388,548,000","102,979,000","112,551,000","89,890,000","83,128,000","70,987,000","96,037,000","114,201,000","138,930,000","131,463,000","63,783,000","57,107,000","64,374,000","60,672,000","60,301,000","48,977,000","39,387,000","36,066,000","37,222,000","29,132,000","26,765,000","24,932,000","22,512,000","17,733,000","16,698,000","16,129,000","17,308,000","16,026,000","18,011,000","18,546,000","18,521,000","16,517,000","12,378,000","10,598,000","10,725,000","12,263,000","11,012,000","11,393,000","14,038,000","12,329,000","12,190,000","12,486,000","13,252,000","13,298,000","13,202,000","10,001,000","10,769,000","7,615,000","7,256,000","6,989,000","8,915,000","7,074,000","8,656,000","9,629,000","20,221,000","12,446,000","16,109,000","16,086,000","17,263,000","17,014,000","19,801,000","22,608,000","22,378,000","15,670,000","15,538,000","14,564,000","7,282,000","10,036,000","14,368,000","16,033,000","11,649,000","10,782,000","15,135,000","12,527,000","9,489,000","8,318,000","8,791,000","9,234,000","7,634,000","8,465,000","9,089,000","5,701,000","6,135,000","4,469,000","4,555,000","4,205,000","7,313,000","3,699,000","3,743,000","2,843,000","3,600,000","3,400,000","4,000,000","4,200,000","4,800,000","4,600,000","5,100,000","5,900,000","5,500,000","3,900,000","4,000,000","4,000,000","2,100,000","3,000,000","2,600,000","2,500,000","2,600,000","2,700,000","2,500,000","2,900,000","3,500,000","1,100,000","1,100,000","700,000"
NetIncomeFromContinuingOperationNetMinorityInterest,"485,295,000","39,737,000","285,351,000","171,902,000","-11,695,000","-80,407,000","-505,071,000","-680,384,000","-1,564,731,000","216,565,000","-23,543,000","55,834,000","55,180,000","-19,543,000","156,194,000","37,931,000","50,474,000","55,761,000","22,824,000","17,081,000","33,390,000","47,129,000","-1,746,000","21,139,000","-70,097,000","-41,109,000","-113,170,000","-111,805,000","-4,967,000","-10,197,000","18,962,000","12,201,000","4,740,000","1,863,000","3,264,000","1,082,000","758,000","-800,000","-435,000","-1,105,000","3,799,000","488,000","71,704,000","8,406,000","19,877,000","4,164,000","731,000","1,602,000","2,130,000","3,923,000","53,895,000","-955,000","-925,000","2,404,000","-457,534,000","5,856,000","5,153,000","7,632,000","4,542,000","2,268,000","2,581,000","5,803,000","5,860,000","9,630,000","12,303,000","12,767,000","5,599,000","3,436,000","9,311,000","9,475,000","9,891,000","259,000","9,730,000","2,102,000","-16,700,000","-2,026,000","-647,000","1,201,000","-258,000","-1,300,000","2,341,000","-2,454,000","-8,074,000","262,000","3,454,000","6,174,000","3,961,000","4,267,000","3,155,000","1,164,000","800,000","1,100,000","200,000","500,000","-33,700,000","900,000","700,000","1,200,000","2,300,000","1,200,000","1,200,000","3,700,000","2,300,000","1,000,000","900,000","1,400,000","700,000","200,000","500,000","-300,000","300,000","-400,000",,
TotalUnusualItemsExcludingGoodwill,"-722,175,000","-359,069,000","-64,876,000","-107,767,000","-190,463,000","-214,523,000","-543,256,000","-714,459,000","-1,411,550,000","236,139,000","-103,995,000","15,866,000","14,036,000","-67,417,000","102,585,000","-35,774,000","-18,321,000","-5,029,000","-30,951,000","-14,367,000","8,121,000","14,853,000","-23,098,000","4,679,000","-78,402,000","-35,756,000","-109,700,000","-64,018,000","-8,249,000","-1,212,000","25,268,000","9,944,000","-1,480,000","-1,433,000","2,752,000","-3,686,000","1,981,000","-418,000","-1,661,000","-1,835,000","5,028,000","375,000","2,134,000","393,000","4,113,000","1,770,000","2,000","-202,000","-228,000","361,000","-1,436,000","-110,000","-61,000","95,000","-477,521,000","-3,481,000","-25,267,000","-1,592,000","-1,694,000","-1,421,000","-1,784,000","-1,899,000","-1,741,000","-1,840,000","-1,992,000","-2,598,000","2,468,000","-6,118,000","-169,000","728,000","4,594,000","-2,941,000","943,000","-6,346,000","-13,011,000","-1,275,000","-323,000","-1,623,000","-5,561,000","-18,000",,"-776,000",,,,,,,,,,"300,000","500,000","400,000","-98,100,000","700,000","500,000","400,000","300,000","500,000","400,000","300,000","400,000","300,000",,"100,000","100,000","100,000","300,000","100,000","100,000","100,000",,
TotalUnusualItems,"-722,175,000","-359,069,000","-64,876,000","-107,767,000","-190,463,000","-214,523,000","-543,256,000","-714,459,000","-1,411,550,000","236,139,000","-103,995,000","15,866,000","14,036,000","-67,417,000","102,585,000","-35,774,000","-18,321,000","-5,029,000","-30,951,000","-14,367,000","8,121,000","14,853,000","-23,098,000","4,679,000","-78,402,000","-35,756,000","-109,700,000","-64,018,000","-8,249,000","-1,212,000","25,268,000","9,944,000","-1,480,000","-1,433,000","2,752,000","-3,686,000","1,981,000","-418,000","-1,661,000","-1,835,000","5,028,000","375,000","2,134,000","393,000","4,113,000","1,770,000","2,000","-202,000","-228,000","361,000","-1,436,000","-110,000","-61,000","95,000","-477,521,000","-3,481,000","-25,267,000","-1,592,000","-1,694,000","-1,421,000","-1,784,000","-1,899,000","-1,741,000","-1,840,000","-1,992,000","-2,598,000","2,468,000","-6,118,000","-169,000","728,000","4,594,000","-2,941,000","943,000","-6,346,000","-13,011,000","-1,275,000","-323,000","-1,623,000","-5,561,000","-18,000",,"-776,000",,,,,,,,,,"300,000","500,000","400,000","-98,100,000","700,000","500,000","400,000","300,000","500,000","400,000","300,000","400,000","300,000",,"100,000","100,000","100,000","300,000","100,000","100,000","100,000",,
NormalizedEBITDA,"1,679,176,000","520,077,000","468,858,000","399,711,000","286,052,000","228,598,000","167,463,000","172,959,000","59,682,000","196,415,000","150,781,000","115,716,000","122,950,000","104,135,000","120,292,000","124,880,000","109,257,000","97,811,000","91,705,000","61,261,000","52,945,000","58,339,000","45,281,000","34,962,000","29,183,000","16,267,000","19,382,000","19,509,000","24,283,000","9,342,000","27,484,000","28,140,000","24,551,000","16,212,000","15,013,000","18,887,000","12,013,000","12,336,000","17,945,000","14,892,000","14,949,000","15,202,000","22,361,000","23,822,000","27,403,000","15,790,000","14,636,000","12,409,000","12,719,000","14,029,000","70,311,000","12,873,000","14,387,000","18,135,000","-14,191,000","30,659,000","78,245,000","39,779,000","36,710,000","32,429,000","35,356,000","39,324,000","37,614,000","36,407,000","40,477,000","41,186,000","13,255,000","24,846,000","31,714,000","33,439,000","9,346,000","18,108,000","28,402,000","32,320,000","35,555,000","14,731,000","15,536,000","20,656,000","14,128,000","6,483,000","12,690,000","3,090,000","3,071,000","5,126,000","10,468,000","14,395,000","17,321,000","11,804,000","10,191,000","5,712,000","6,000,000","6,200,000","5,000,000","5,100,000","102,100,000","4,900,000","5,700,000","7,400,000","9,500,000","5,400,000","5,100,000","9,000,000","3,600,000","3,500,000","3,400,000","3,700,000","3,300,000","3,200,000","3,100,000","2,800,000","4,000,000","700,000","500,000","800,000"
TaxRateForCalcs,"0.003","0.012","0.27","0.01","0.04","0.01","0.27","0","0.27","0.23","0.27","0.24","0.23","0.23","0.035","0.038","0.009","0.009","0.011","0.014","0.01","0.01","0.4","0.4","0","0","0","0.4","0.299","0.332","0.356","0.37","0.35","0.35","0.398","0.3","0.35","0.17","0.35","0.175","0.298","0.28","0.35","0","0.35","0","0.35","0","0","0","0","0","0.35","0.35","0.098","0.335","0.35","0.352","0.334","0.35","0.35","0.4","0.345","0.343","0.347","0.349","0.33","0.312","0.35","0.35","0.4","0.4","0.4","0.4","0.4","0.35","0.35","0.35","0.35","0.35","0.35","0.35","0.35","0.351","0.35","0.35","0.34","0.34","0.34","0.34","0.385","0.313","0.333","0.286","0.33","0.357","0.364","0.333","0.361","0.333","0.333","0.315","0.4","0.4","0.4","0.4","0.4","0.4","0.4","0.4","0","0.2",,
TaxEffectOfUnusualItems,"-2,350,984.586","-4,320,862.137","-17,516,520","-1,077,670","-7,618,520","-2,145,230","-146,679,120","0","-381,118,500","54,311,970","-28,078,650","3,807,840","3,228,280","-15,505,910","3,579,423.601","-1,349,534.172","-172,944.775","-44,250.48","-331,363.92","-196,615.025","77,567.691","145,424.898","-9,239,200","1,871,600","0","0","0","-25,607,200","-2,464,334.886","-402,862.642","9,007,502.613","3,679,280","-518,000","-501,550","1,094,701.385","-1,105,072.978","693,350","-71,060","-581,350","-320,831.557","1,498,256.524","105,058.366","746,900","0","1,439,550","0","700","0","0","0","0","0","-21,350","33,250","-46,580,890.494","-1,165,925.301","-8,844,583.921","-560,171.02","-565,344.843","-497,285.972","-624,257.584","-759,600","-601,400","-631,808.796","-690,475.162","-905,780.593","814,770.102","-1,908,659.191","-59,156.871","254,776.204","1,837,600","-1,176,400","377,200","-2,538,400","-5,204,400","-446,536.241","-112,968.844","-568,225.649","-1,947,050.378","-6,300","0","-271,548.609","0","0","0","0","0","0","0","0","0","93,750","166,666.667","114,285.714","-32,374,950.298","250,000","181,818.182","133,333.333","108,333.333","166,666.667","133,333.333","94,444.444","160,000","120,000","0","40,000","40,000","40,000","120,000","40,000","0","20,000",,