name,ttm,03/31/2022,12/31/2021,09/30/2021,06/30/2021,03/31/2021,12/31/2020,09/30/2020,06/30/2020,03/31/2020,12/31/2019,09/30/2019,06/30/2019,03/31/2019,12/31/2018,09/30/2018,06/30/2018,03/31/2018,12/31/2017,09/30/2017,06/30/2017,03/31/2017,12/31/2016,09/30/2016,06/30/2016,03/31/2016,12/31/2015,09/30/2015,06/30/2015,03/31/2015,12/31/2014,09/30/2014,06/30/2014,03/31/2014,12/31/2013,09/30/2013,06/30/2013,03/31/2013,12/31/2012,09/30/2012,06/30/2012,03/31/2012,12/31/2011,09/30/2011,06/30/2011,03/31/2011,12/31/2010,09/30/2010,06/30/2010,03/31/2010,12/31/2009,09/30/2009,06/30/2009,03/31/2009,12/31/2008,09/30/2008,06/30/2008,03/31/2008,12/31/2007,09/30/2007,06/30/2007,03/31/2007,12/31/2006,09/30/2006,06/30/2006,03/31/2006,12/31/2005,09/30/2005,06/30/2005,03/31/2005,12/31/2004,09/30/2004,06/30/2004,03/31/2004,12/31/2003,09/30/2003,06/30/2003,03/31/2003,12/31/2002,09/30/2002,06/30/2002,03/31/2002,12/31/2001,09/30/2001,06/30/2001,03/31/2001,12/31/2000,09/30/2000,06/30/2000,03/31/2000,12/31/1999,09/30/1999,06/30/1999,03/31/1999,12/31/1998,09/30/1998,06/30/1998,03/31/1998,12/31/1997,09/30/1997,06/30/1997,03/31/1997,12/31/1996,09/30/1996,06/30/1996,03/31/1996,12/31/1995,09/30/1995,06/30/1995,03/31/1995,12/31/1994,09/30/1994,06/30/1994,03/31/1994,12/31/1993,09/30/1993,06/30/1993,03/31/1993,12/31/1992,09/30/1992,06/30/1992,03/31/1992,12/31/1991,09/30/1991,06/30/1991,03/31/1991,12/31/1990,09/30/1990,06/30/1990,03/31/1990,12/31/1989,09/30/1989,06/30/1989,03/31/1989,12/31/1988,09/30/1988,06/30/1988,03/31/1988,12/31/1987,09/30/1987,06/30/1987,03/31/1987,12/31/1986,09/30/1986,06/30/1986,03/31/1986
TotalRevenue,"2,035,086,000","524,841,000","655,376,000","511,176,000","343,693,000","340,485,000","274,771,000","178,011,000","179,535,000","225,878,000","289,248,000","224,444,000","128,116,000","126,881,000","153,498,000",,"61,449,000","72,593,000","73,248,000","66,811,000","61,471,000","53,801,000","48,498,000","50,330,000","40,715,000","36,903,000","47,228,000","61,360,000","77,312,000","66,522,000","112,616,000","144,983,000","155,723,000","141,909,000","105,860,000","111,590,000","107,901,000","95,020,000","124,040,000","117,129,000","125,028,000","117,062,000","114,456,000","119,422,000","112,451,000","88,038,000","72,650,000","79,720,000","90,682,000","106,089,000","90,414,000","67,436,000","64,875,000","68,351,000","126,714,000","163,852,000","193,466,000","240,987,000","195,764,000","171,074,000","174,206,000","146,029,000","126,775,000","129,251,000","64,571,000","69,891,000","93,366,000","71,619,000","68,529,000","69,822,000","56,025,000","78,353,000","66,508,000","60,761,000","52,499,000","56,866,000","57,161,000","68,576,000","49,803,000","35,678,000","38,083,000","26,678,000","24,498,000","29,781,000","46,575,000","67,546,000","52,860,000","44,883,000","38,569,000","33,071,000","26,800,000","22,900,000","20,800,000","19,600,000","21,300,000","21,500,000","24,800,000","25,400,000","29,000,000","18,200,000","18,000,000","23,400,000","-44,700,000","42,800,000","35,700,000","35,100,000","23,300,000","20,100,000","17,500,000","14,500,000","15,600,000","7,000,000","5,500,000","4,300,000","15,500,000","2,300,000","2,200,000","2,000,000","2,000,000","1,800,000","1,400,000","1,400,000","1,300,000","600,000","600,000","600,000","100,000","1,000,000","1,100,000","1,800,000","1,000,000","2,300,000","2,200,000","2,000,000","0","2,000,000","1,800,000","1,100,000","100,000","100,000","100,000","100,000","100,000","100,000","100,000","100,000"
	OperatingRevenue,"2,035,086,000","524,841,000","655,376,000","511,176,000","343,693,000","340,485,000","274,771,000","178,011,000","179,535,000","225,878,000","289,248,000","224,444,000","128,116,000","126,881,000","153,498,000",,"61,449,000","72,593,000","73,248,000","66,811,000","61,471,000","53,801,000","48,498,000","50,330,000","40,715,000","36,903,000","47,228,000","61,360,000","77,312,000","66,522,000","112,616,000","144,983,000","155,723,000","141,909,000","105,860,000","111,590,000","107,901,000","95,020,000","124,040,000","117,129,000","104,690,000","110,335,000","114,456,000","119,422,000","112,451,000","88,038,000","72,650,000","79,720,000","90,682,000","106,089,000","90,201,000","67,436,000","64,875,000","68,351,000","100,154,000","163,852,000","172,022,000","240,987,000","195,764,000","171,074,000","174,206,000","146,029,000","126,775,000","129,251,000","64,571,000","69,891,000","93,366,000","71,619,000","68,529,000","69,822,000","56,025,000","78,353,000","66,508,000","60,761,000","52,499,000","56,866,000","57,161,000","68,576,000","42,041,000","35,550,000","38,004,000","26,678,000","24,879,000","29,668,000","46,454,000","67,399,000","52,860,000","44,883,000","38,569,000","33,071,000","26,800,000","22,900,000","20,800,000","19,600,000","21,300,000","21,500,000","24,800,000","25,400,000","29,000,000","18,200,000","18,000,000","23,400,000","-44,700,000","42,800,000","35,700,000","35,100,000","23,300,000","20,100,000","17,500,000","14,500,000","15,600,000","7,000,000","5,500,000","4,300,000","15,500,000","2,300,000","2,200,000","2,000,000","2,000,000","1,800,000","1,400,000","1,400,000","1,300,000","600,000","600,000","600,000","100,000","1,000,000","1,100,000","1,800,000","1,000,000","2,300,000","2,200,000","2,000,000","0","2,000,000","1,800,000","1,100,000","100,000","100,000","100,000","100,000","100,000","100,000","100,000","100,000"
CostOfRevenue,"758,962,000","178,827,000","183,409,000","207,392,000","189,334,000","172,801,000","165,984,000","156,688,000","167,326,000","173,115,000","181,083,000","139,738,000","77,628,000","65,844,000","64,009,000",,"40,256,000","43,099,000","46,479,000","48,411,000","44,442,000","45,019,000","42,993,000","55,231,000","54,369,000","57,347,000","80,059,000","102,031,000","115,467,000","112,852,000","118,487,000","125,329,000","118,124,000","113,312,000","103,445,000","107,363,000","106,443,000","104,496,000","390,554,000","25,741,000","24,666,000","26,278,000","19,631,000","20,769,000","20,411,000","17,902,000","17,674,000","20,165,000","22,473,000","20,363,000","18,716,000","16,019,000","17,485,000","16,959,000","15,578,000","24,350,000","23,362,000","45,295,000","38,734,000","39,715,000","50,046,000","38,216,000","32,553,000","34,973,000","13,200,000","14,199,000","14,113,000","13,226,000","28,080,000","15,272,000","12,584,000","24,809,000","14,253,000","16,032,000","13,082,000","13,037,000","11,036,000","13,001,000","11,060,000","8,355,000","9,495,000","10,089,000","8,197,000","7,313,000","8,791,000","12,331,000","9,418,000","8,090,000","7,218,000","7,386,000","6,100,000","6,900,000","5,900,000","6,500,000","6,700,000","10,000,000","8,900,000","7,400,000","7,600,000","4,400,000","4,100,000","4,600,000","-62,300,000","26,300,000","22,600,000","27,400,000","17,300,000","13,400,000","13,800,000","11,700,000","13,000,000","4,300,000",,,,,"1,000,000",,,,,,"600,000","300,000","400,000","400,000",,,"400,000","400,000",,,,,,,,,,,,,,,,
GrossProfit,"1,276,124,000","346,014,000","471,967,000","303,784,000","154,359,000","167,684,000","108,787,000","21,323,000","12,209,000","52,763,000","108,165,000","84,706,000","50,488,000","61,037,000","89,489,000",,"21,193,000","29,494,000","26,769,000","18,400,000","17,029,000","8,782,000","5,505,000","-4,901,000","-13,654,000","-20,444,000","-32,831,000","-40,671,000","-38,155,000","-46,330,000","-5,871,000","19,654,000","37,599,000","28,597,000","2,415,000","4,227,000","1,458,000","-9,476,000","-266,514,000","91,388,000","100,362,000","90,784,000","94,825,000","98,653,000","92,040,000","70,136,000","54,976,000","59,555,000","68,209,000","85,726,000","71,698,000","51,417,000","47,390,000","51,392,000","111,136,000","139,502,000","170,104,000","195,692,000","157,030,000","131,359,000","124,160,000","107,813,000","94,222,000","94,278,000","51,371,000","55,692,000","79,253,000","58,393,000","40,449,000","54,550,000","43,441,000","53,544,000","52,255,000","44,729,000","39,417,000","43,829,000","46,125,000","55,575,000","38,743,000","27,323,000","28,588,000","16,589,000","16,301,000","22,468,000","37,784,000","55,215,000","43,442,000","36,793,000","31,351,000","25,685,000","20,700,000","16,000,000","14,900,000","13,100,000","14,600,000","11,500,000","15,900,000","18,000,000","21,400,000","13,800,000","13,900,000","18,800,000","17,600,000","16,500,000","13,100,000","7,700,000","6,000,000","6,700,000","3,700,000","2,800,000","2,600,000","2,700,000",,,,,"1,200,000",,,,,,"700,000","300,000","200,000","200,000",,,"700,000","1,400,000",,,,,,,,,,,,,,,,
OperatingExpense,"36,159,000","9,244,000","10,991,000","8,052,000","7,872,000","8,028,000","6,049,000","8,974,000","8,298,000","8,746,000","6,484,000","8,346,000","6,841,000","7,814,000","8,096,000",,"6,956,000","6,016,000","7,003,000","6,174,000","6,559,000","6,401,000","8,537,000","80,579,000","5,663,000","13,328,000","3,131,000","10,693,000","30,216,000","50,195,000","14,423,000","19,376,000","9,614,000","8,369,000","26,852,000","11,148,000","18,810,000","11,380,000","-201,933,000","108,779,000","99,153,000","89,248,000","87,525,000","86,593,000","83,688,000","78,290,000","85,172,000","57,434,000","67,261,000","70,379,000","73,386,000","62,849,000","59,978,000","57,104,000","93,839,000","47,829,000","51,344,000","80,141,000","80,874,000","71,096,000","67,922,000","66,409,000","50,562,000","48,079,000","29,094,000","21,186,000","53,685,000","17,094,000","-12,673,000","18,303,000","38,564,000","21,974,000","18,592,000","-682,000","18,325,000","16,671,000","17,064,000","16,712,000","15,865,000","14,131,000","15,134,000","14,491,000","16,034,000","13,004,000","18,032,000","12,828,000","13,968,000","11,166,000","11,154,000","12,207,000","11,500,000","10,400,000","11,800,000","13,800,000","13,100,000","12,700,000","13,800,000","13,000,000","10,800,000","5,900,000","6,600,000","5,700,000","6,500,000","6,400,000","5,000,000","3,000,000","3,500,000","2,700,000","2,600,000","2,300,000","2,200,000","2,500,000",,,,,"700,000",,,,,,"1,700,000","700,000","800,000","600,000",,,"500,000","700,000",,,,,,,,,,,,,,,,
	SellingGeneralAndAdministration,"35,138,000","8,223,000","10,991,000","8,052,000","7,872,000","8,028,000","6,049,000","8,974,000","8,298,000","8,719,000","6,484,000","8,105,000","6,841,000","7,814,000","8,096,000",,"6,956,000","6,016,000","7,003,000","6,174,000","6,559,000","6,401,000","8,537,000","4,188,000","5,663,000","5,575,000","2,746,000","5,653,000","7,176,000","7,966,000","6,469,000","7,927,000","9,614,000","8,369,000","8,771,000","8,153,000","9,056,000","8,787,000","7,825,000","8,142,000","9,033,000","8,798,000","9,199,000","8,628,000","8,917,000","8,428,000","8,235,000","9,400,000","9,764,000","9,801,000","11,613,000","8,689,000","9,051,000","9,819,000","11,938,000","7,242,000","6,922,000","9,339,000","16,142,000","8,676,000","8,162,000","9,702,000","9,031,000","7,370,000","4,592,000","4,894,000","5,518,000","3,058,000","3,769,000","4,188,000","4,932,000","3,665,000","2,882,000","3,090,000","2,023,000","1,508,000","1,947,000","1,528,000","2,171,000","935,000","1,077,000","930,000","3,301,000","623,000","998,000","829,000","1,518,000","824,000","700,000","495,000","1,100,000","400,000","500,000","400,000","200,000","400,000","600,000","400,000","900,000","500,000","600,000","700,000","700,000","700,000","500,000","400,000","600,000","500,000","500,000","500,000","700,000","400,000",,,,,"300,000",,,,,,"700,000","400,000","600,000","400,000",,,"300,000","400,000",,,,,,,,,,,,,,,,
		GeneralAndAdministrativeExpense,"35,138,000","8,223,000","10,991,000","8,052,000","7,872,000","8,028,000","6,049,000","8,974,000","8,298,000","8,719,000","6,484,000","8,105,000","6,841,000","7,814,000","8,096,000",,"6,956,000","6,016,000","7,003,000","6,174,000","6,559,000","6,401,000","8,537,000","4,188,000","5,663,000","5,575,000","2,746,000","5,653,000","7,176,000","7,966,000","6,469,000","7,927,000","9,614,000","8,369,000","8,771,000","8,153,000","9,056,000","8,787,000","7,825,000","8,142,000","9,033,000","8,798,000",,"8,628,000","8,917,000","8,428,000","8,235,000","9,400,000","9,764,000","9,801,000","11,613,000","8,689,000","9,051,000","9,819,000",,,,,,,,,,,,,,,,,,,,,,,,,,,,,,,,,,,,,,,,,,,,,,,,,,,,,,,,,,,,,,,,,,,,,,,,,,,,,,,,,,,,,,,,,,,,
			RentAndLandingFees,,,,,,,,,,,,,,,,,"7,948,000",,,,,,,,,,,"16,687,000","17,827,000",,,,,,,,,,,,,,,,,,,,,,,,,,,,,,,,,,,,,,,,,,,,,,,,,,,,,,,,,,,,,,,,,,,,,,,,,,,,,,,,,,,,,,,,,,,,,,,,,,,,,,,,,,,,,,,,,,,,,
			OtherGandA,"35,138,000","8,223,000","10,991,000","8,052,000","7,872,000","8,028,000","6,049,000","8,974,000","8,298,000","8,719,000","6,484,000","8,105,000","6,841,000","7,814,000","8,096,000",,"6,956,000","6,016,000","7,003,000","6,174,000","6,559,000","6,401,000","8,537,000","4,188,000","5,663,000","5,575,000","2,746,000","5,653,000","7,176,000","7,966,000","6,469,000","7,927,000","9,614,000","8,369,000","8,771,000","8,153,000","9,056,000","8,787,000","7,825,000",,,,,,,,,,,,,,,,,,,,,,,,,,,,,,,,,,,,,,,,,,,,,,,,,,,,,,,,,,,,,,,,,,,,,,,,,,,,,,,,,,,,,,,,,,,,,,,,,,,,,,,,,,,
	DepreciationAmortizationDepletionIncomeStatement,"276,526,000",,,,,,,,,,"111,842,000","80,247,000","46,847,000","37,590,000","36,124,000",,"26,798,000","27,152,000","30,548,000","32,807,000","30,321,000","29,905,000","29,077,000","37,545,000","36,029,000","38,836,000","59,416,000","79,445,000","90,573,000","91,889,000","94,885,000","99,977,000","94,539,000","88,874,000","81,161,000","85,762,000","85,244,000","84,967,000","96,876,000","99,230,000","90,083,000","79,097,000","78,244,000","77,518,000","74,689,000","60,325,000","50,206,000","46,796,000","57,398,000","59,409,000","61,237,000","53,933,000","50,796,000","47,272,000","50,309,000","45,943,000","44,422,000","70,562,000","64,732,000","62,420,000","59,760,000","56,707,000","49,465,000","40,709,000","16,568,000","16,292,000","15,970,000","14,036,000","15,979,000","17,353,000","11,839,000","20,503,000","15,728,000","15,809,000","16,302,000","15,163,000","15,117,000","15,187,000","13,694,000","13,196,000","14,057,000","13,561,000","12,733,000","12,381,000","12,078,000","11,999,000","12,450,000","10,342,000","10,454,000","11,712,000","10,400,000","10,000,000","11,300,000","13,400,000","12,900,000","12,300,000","13,200,000","12,600,000","9,900,000","5,400,000","6,000,000","5,000,000","5,800,000","5,700,000","4,500,000","2,600,000","2,900,000","2,200,000","2,100,000","1,800,000","1,500,000","2,100,000",,,,,"400,000",,,,,,"1,000,000","300,000","200,000","200,000",,,"200,000","300,000",,,,,,,,,,,,,,,,
		DepreciationAndAmortizationInIncomeStatement,,,,,,,,,,,,,,,,,,,,,,,,,,,,,,,,,,,,,,,,,,,,,,,,,,,,,,,,"45,943,000","44,422,000","70,562,000","64,732,000","62,420,000","59,760,000","56,707,000","49,465,000","40,709,000","16,568,000","16,292,000","15,970,000","14,036,000","15,979,000","17,353,000","11,839,000","20,503,000","15,728,000","15,809,000","16,302,000","15,163,000","15,117,000","15,187,000","13,694,000","13,196,000","14,057,000","13,561,000","12,733,000","12,381,000","12,078,000","11,999,000","12,450,000","10,342,000","10,454,000","11,712,000","10,400,000","10,000,000","11,300,000","13,400,000","12,900,000","12,300,000","13,200,000","12,600,000","9,900,000","5,400,000","6,000,000","5,000,000","5,800,000","5,700,000","4,500,000","2,600,000","2,900,000","2,200,000","2,100,000","1,800,000","1,500,000","2,100,000",,,,,"400,000",,,,,,"1,000,000","300,000","200,000","200,000",,,"200,000","300,000",,,,,,,,,,,,,,,,
	OtherTaxes,,,,,,,,,,,,,,,,,,"1,840,000",,,,,,,,,,,,,,,,,,,,,,,,,,,,,,,,,,,,,,,,,,,,,,,,,,,,,,,,,,,,,,,,,,,,,,,,,,,,,,,,,,,,,,,,,,,,,,,,,,,,,,,,,,,,,,,,,,,,,,,,,,,,,,,,
	OtherOperatingExpenses,,"1,021,000",,,,,"0",,,"27,000","0","241,000",,,,,,,,,,,"0","76,391,000",,"7,753,000","385,000","5,040,000","23,040,000","42,229,000","7,954,000","11,449,000","13,980,000","15,061,000","18,081,000","2,995,000","9,754,000","2,593,000","58,652,000","1,407,000","37,000","1,353,000","82,000","447,000","82,000","9,537,000","26,731,000","1,238,000","99,000","1,169,000","536,000","227,000","131,000","13,000","31,592,000","-5,356,000",,"240,000",,,,,,,"7,934,000",,,,"-32,421,000","-3,238,000",,"-2,194,000","-18,000","-19,581,000",,,,"-3,000",,,,,,,"4,956,000",,,,,,,,,,,,,,,,,,,,,,,,,,,,,,,,,,,,,,,,,,,,,,,,,,,,,,,,,,,,,
OperatingIncome,"1,239,965,000","336,770,000","460,976,000","295,732,000","146,487,000","159,656,000","102,738,000","12,349,000","3,911,000","44,017,000","101,681,000","76,360,000","43,647,000","53,223,000","81,393,000",,"14,237,000","23,478,000","19,766,000","12,226,000","10,470,000","2,381,000","-3,032,000","-85,480,000","-19,317,000","-33,772,000","-35,962,000","-51,364,000","-68,371,000","-96,525,000","-20,294,000","278,000","27,985,000","20,228,000","-24,437,000","-6,921,000","-17,352,000","-20,856,000","-64,581,000","-17,391,000","1,209,000","1,536,000","7,300,000","12,060,000","8,352,000","-8,154,000","-30,196,000","2,121,000","948,000","15,347,000","-1,688,000","-11,432,000","-12,588,000","-5,712,000","17,297,000","91,673,000","118,760,000","115,551,000","76,156,000","60,263,000","56,238,000","41,404,000","43,660,000","46,199,000","22,277,000","34,506,000","25,568,000","41,299,000","53,122,000","36,247,000","4,877,000","31,570,000","33,663,000","45,411,000","21,092,000","27,158,000","29,061,000","38,863,000","22,878,000","13,192,000","13,454,000","2,098,000","267,000","9,464,000","19,752,000","42,387,000","29,474,000","25,627,000","20,197,000","13,478,000","9,200,000","5,600,000","3,100,000","-700,000","1,500,000","-1,200,000","2,100,000","5,000,000","10,600,000","7,900,000","7,300,000","13,100,000","11,100,000","10,100,000","8,100,000","4,700,000","2,500,000","4,000,000","1,100,000","500,000","400,000","200,000","5,500,000","4,300,000","-1,800,000","2,300,000","500,000","2,000,000","-4,700,000","1,800,000","1,400,000","1,400,000","-1,000,000","-400,000","-600,000","-400,000","-3,800,000","1,000,000","200,000","700,000","-3,600,000","2,300,000","2,200,000","2,000,000","-3,200,000","2,000,000","1,800,000","1,100,000","-500,000","100,000","100,000","100,000","-300,000","100,000","100,000","100,000"
NetNonOperatingInterestIncomeExpense,"-201,165,000","-46,491,000","-47,840,000","-49,954,000","-56,880,000","-63,811,000","-66,065,000","-63,890,000","-52,064,000","-52,810,000","-54,107,000","-51,015,000","-28,568,000","-27,851,000","-28,758,000",,"-40,213,000","-38,850,000","-39,199,000","-37,595,000","-36,755,000","-32,900,000","-38,690,000","-31,227,000","-28,882,000","-29,944,000","-32,180,000","-32,021,000","-33,665,000","-20,754,000","-15,272,000","-14,912,000","-14,767,000","-13,680,000","-16,758,000","-20,107,000","-19,044,000","-17,578,000","-19,274,000","-17,535,000","-14,529,000","-13,237,000","-11,796,000","-9,801,000","-10,410,000","-10,284,000","-6,905,000","-7,103,000","-7,480,000","-7,705,000","-7,569,000","-3,241,000","-2,891,000","-2,140,000",,,,,,,,,,,,,,,,,,,,,,,,,,,,,,,,,,,,,,,,,,,,,,,,,,,,,,,,,,,,,,,,,,,,,,,,,,,,,,,,,,,,,,,,,,,,
	InterestIncomeNonOperating,,,,,,,,,,,,,,,,,"327,000","66,000",,,,,,,,,,"138,000","142,000",,,,,"251,000","195,000","423,000","196,000",,,,,,"210,000","187,000","0","0","0","5,000","119,000","139,000","210,000","3,000","10,000","22,000",,,,,,,,,,,,,,,,,,,,,,,,,,,,,,,,,,,,,,,,,,,,,,,,,,,,,,,,,,,,,,,,,,,,,,,,,,,,,,,,,,,,,,,,,,,,
	InterestExpenseNonOperating,"201,165,000","46,491,000","47,840,000","49,954,000","56,880,000","63,811,000","66,065,000","63,890,000","52,064,000","52,810,000","54,107,000","51,015,000","28,568,000","27,851,000","28,758,000",,"40,213,000","38,850,000","39,199,000","37,595,000","36,755,000","32,900,000","38,690,000","31,227,000","28,882,000","29,944,000","31,872,000","32,159,000","33,807,000","20,754,000","15,272,000","14,912,000","14,767,000","13,680,000","15,894,000","20,530,000","19,240,000","17,578,000","19,274,000","17,535,000","14,529,000","13,237,000","12,006,000","9,988,000","10,410,000","10,284,000","6,905,000","7,108,000","7,599,000","7,844,000","7,779,000","3,244,000","2,901,000","2,162,000",,,,,,,,,,,,,,,,,,,,,,,,,,,,,,,,,,,,,,,,,,,,,,,,,,,,,,,,,,,,,,,,,,,,,,,,,,,,,,,,,,,,,,,,,,,,
OtherIncomeExpense,"-1,248,076,000","-433,325,000","32,836,000","-510,108,000","-337,479,000","-259,937,000","82,217,000","-121,074,000","-13,168,000","62,212,000","20,162,000","-14,707,000","13,430,000","-7,563,000","12,668,000",,"-8,149,000","-25,932,000","-41,690,000","564,000","5,360,000","8,023,000","-9,765,000","87,406,000","53,139,000","11,599,000","-229,898,000","-492,257,000","-105,706,000","-2,851,000","-48,845,000","12,241,000","-10,067,000","-4,695,000","-14,811,000","-9,560,000","2,869,000","1,675,000","-22,764,000","-2,641,000","-4,756,000","26,549,000","-57,912,000","2,510,000","8,589,000","21,450,000","11,714,000","74,000","4,892,000","-139,000",,"-92,000","29,000","63,000","-163,562,000","5,385,000","21,480,000","-83,000","180,000","-1,498,000","221,000","130,000","-8,211,000","-1,411,000","505,000","16,226,000","44,727,000","-18,219,000","-64,810,000","-6,372,000","-1,383,000","-4,345,000","11,000","-39,123,000","-8,457,000","73,000","44,000","44,000","7,636,000","-124,000","-329,000","-3,808,000",,"113,000","121,000","147,000","78,000","104,000","-1,509,000","72,000","0","100,000","2,000,000",,"-33,900,000","100,000","100,000","100,000","100,000","100,000","200,000","300,000","100,000","200,000","3,100,000","100,000","-58,300,000","100,000","100,000","100,000","0","300,000",,,,,"100,000",,,,,,"-800,000",,,,,,,,,,,,,,,,,,,,,,,
	GainOnSaleOfSecurity,"-976,392,000","-437,493,000","195,378,000","-510,319,000","-223,958,000","-21,749,000","81,929,000","-121,579,000","-12,298,000","61,899,000","19,790,000","24,858,000","14,744,000","-7,657,000","12,480,000",,"-1,638,000","2,602,000","2,168,000","1,430,000","5,295,000","7,860,000","-6,030,000",,"18,000","656,000","971,000","1,078,000","627,000",,"10,938,000","12,033,000","-9,850,000","-4,946,000","1,933,000","-7,395,000","3,521,000","1,430,000","3,100,000",,,"26,621,000",,,,,,,,,,,,,,,,,,,,,,,,,,,,,,,,,,,,,,,,,,,,,,,,,,,,,,,,,,,,,,,,,,,,,,,,,,,,,,,,,,,,,,,,,,,,,,,,,,,,,,,,
	EarningsFromEquityInterest,,,,,,,,,,,,,,,,,,,,,,,,,,,,,,,,,,,,,,,,,,,,,,,,,,,,,,,,,,,,,,,,,"7,088,000","8,047,000","5,005,000","6,358,000",,,,,,,,,,,,,,,,,,,,,,,,,,,,,,,,,,,,,,,,,,,,,,,,,,,,,,,,,,,,,,,,,,,,,,,,,,,,,,
	SpecialIncomeCharges,"-276,205,000","2,000","-162,170,000","14,000","-114,051,000","-238,469,000","1,000","16,000","-861,000",,"90,000","-39,657,000","-1,469,000","1,000","57,000",,"-6,838,000","-28,600,000","-43,990,000","-1,036,000","0","0","-3,837,000","87,231,000","52,807,000","10,662,000","-231,398,000","-493,608,000","-106,547,000","-3,138,000","-59,997,000","-15,000","-256,000","251,000","-17,803,000","-2,165,000","-652,000","0","-71,585,000","-2,641,000","-4,756,000","26,549,000","-57,912,000","2,510,000","8,589,000","21,450,000","11,714,000","74,000","4,892,000","-139,000","18,000","-92,000","29,000","63,000","-163,562,000","5,385,000","21,480,000","-83,000","180,000","-1,498,000","221,000","130,000","-8,211,000","-1,411,000","-6,583,000","8,179,000","39,722,000","-24,577,000","-64,810,000","-6,372,000","-1,383,000","-4,345,000","11,000","-39,123,000","-8,457,000","73,000","44,000","44,000","7,636,000","-124,000","-329,000","-3,808,000",,"113,000","121,000","147,000","78,000","104,000","-1,509,000","72,000","0","100,000","2,000,000",,"-33,900,000","100,000","100,000","100,000","100,000","100,000","200,000","300,000","100,000","200,000","3,100,000","100,000","-58,300,000","100,000","100,000","100,000","0","300,000",,,,,"100,000",,,,,,"-800,000",,,,,,,,,,,,,,,,,,,,,,,
		RestructuringAndMergernAcquisition,,,,,,,"0","0","0",,"-90,000","39,657,000","1,443,000",,"0",,,,,,,,,,,,,,,,,,,,,,,,,,,,,,,,,,,,,,,,,,,,,,,,,,,,,,,,,,,,,,,,,,,,,,,,,,,,,,,,,,,,,,,,,,,,,,,,,,,,,,,,,,,,,,,,,,,,,,,,,,,,,,,,,,,
		ImpairmentOfCapitalAssets,"0",,,,,,,,,,,,,,"0",,,,"43,990,000","0","0","0","2,561,000","113,000","1,742,000","22,718,000","254,246,000","544,714,000","1,984,000","403,000","59,997,000","15,000","256,000",,"0","0","652,000","0","20,018,000","0","5,301,000","49,000","60,817,000","0","0","0","11,000","26,000","28,000","159,000","0","115,000",,,,,,,,,,,,,,,,,,,,,,,,,,,,,,,,,,,,,,,,,,,,,,,,,,,,,,,,,,,,,,,,,,,,,,,,,,,,,,,,,,,,,,,,,,,,,,
		OtherSpecialCharges,,,"0",,"114,060,000","238,539,000","0",,"861,000",,,,,,,,,,"-132,000","-170,000","-65,000","-163,000","1,064,000","-100,540,000","-56,196,000","-33,380,000","-23,155,000","-51,054,000","-7,267,000","2,735,000","-214,000","-223,000","-39,000","-251,000","17,854,000",,"-196,000","-245,000","-269,000","2,641,000","-545,000","-26,598,000","-2,905,000","-2,510,000","-8,589,000","-21,450,000","-11,725,000","-100,000","-4,920,000","-20,000","-18,000","-23,000",,,,,,,,,,,,,,,,,,,,,,,,,,,,,,,,,,,,,,,,,,,,,,,,,,,,,,,,,,,,,,,,,,,,,,,,,,,,,,,,,,,,,,,,,,,,,,
		GainOnSaleOfBusiness,,,,,,,,,,,,,,,,,,,,,,,,,,,,,,,,,,,,,,,"0",,,,,,,,,,,,,,,,,,,,,,,,,,,,,,,,,,,,,,,,,,,,,,,,,,,,,,,,,,,,,,,,,,,,,,,,,,,,,,,,,,,,,,,,,,,,,,,,,,,,,,,,,,,
		GainOnSaleOfPPE,"-162,145,000","2,000","-162,170,000","14,000","9,000","70,000","1,000","16,000","0",,"0","0","-26,000","1,000","57,000",,"-6,838,000","-28,600,000","0","-1,036,000","0",,"-212,000","-13,196,000","-1,647,000","740,000","-307,000","52,000","-111,830,000",,"0","0",,,"51,000","-2,165,000",,,"0",,,,,,,,,,,,,,,,,,,,,,,,,,,,,,,,,,,,,,,,,,,,,,,,,,,,,,,,,,,,,,,,,,,,,,,,,,,,,,,,,,,,,,,,,,,,,,,,,,,,,,,,,,,
	OtherNonOperatingIncomeExpenses,"4,521,000","4,166,000","-372,000","197,000","530,000","281,000","287,000","489,000","-9,000","313,000","282,000","92,000","155,000","93,000","131,000",,"327,000","66,000","132,000","170,000","65,000","163,000","102,000","175,000","314,000","281,000","529,000","273,000","214,000","287,000","214,000","223,000","39,000","251,000",,,"196,000","245,000","269,000",,,,,,,,,,,,,,,,,,,,,,,,,,,,,,,,,,,,,,,,,,,,,,,,,,,,,,,,,,,,,,,,,,,,,,,,,,,,,,,,,,,,,,,,,,,,,,,,,,,,,,,,,,,
PretaxIncome,"-209,276,000","-143,046,000","445,972,000","-264,330,000","-247,872,000","-164,092,000","118,890,000","-172,615,000","-61,321,000","53,419,000","67,736,000","10,638,000","28,509,000","17,809,000","65,303,000",,"-34,125,000","-41,304,000","-61,123,000","-24,805,000","-20,925,000","-22,496,000","-51,487,000","-29,301,000","4,940,000","-52,117,000","-298,040,000","-575,642,000","-207,742,000","-120,130,000","-84,411,000","-2,393,000","3,151,000","1,853,000","-56,006,000","-36,588,000","-33,527,000","-36,759,000","-106,619,000","-37,567,000","-18,076,000","14,848,000","-62,408,000","4,769,000","6,531,000","3,012,000","-25,387,000","-4,908,000","-1,640,000","7,503,000","-9,239,000","-14,765,000","-15,450,000","-7,789,000","-147,769,000","87,538,000","110,455,000","104,638,000","65,238,000","48,776,000","46,588,000","33,381,000","26,905,000","39,702,000","26,351,000","46,494,000","65,677,000","21,740,000","-15,948,000","24,825,000","24,757,000","19,247,000","29,166,000","39,000","9,695,000","19,877,000","21,758,000","31,619,000","15,231,000","5,191,000","5,548,000","-6,556,000","-4,991,000","4,446,000","19,752,000","36,882,000","23,381,000","19,724,000","13,257,000","7,335,000","3,200,000",,,"-5,900,000","-20,100,000","-5,200,000","-2,000,000","900,000","8,700,000","6,600,000","6,300,000","12,200,000",,,,,,,,,,,,,,,,,,,,,,,,,,,,,,,,,,,,,,,,,,,,
TaxProvision,"9,748,000","-31,622,000","85,571,000","23,976,000","-68,177,000","-29,967,000","36,967,000","-46,123,000","-11,445,000","11,391,000","12,620,000","3,847,000","7,102,000","4,234,000","15,004,000",,"-122,000","582,000","-18,827,000","-69,000","517,000","435,000","3,446,000","-825,000","88,000","4,460,000","-9,497,000","-30,646,000","-72,674,000","-41,628,000","-26,140,000","-490,000","1,253,000","688,000","-19,365,000","-12,554,000","-11,996,000","-12,242,000","-35,992,000","-11,579,000","-7,772,000","7,989,000","-21,274,000","3,460,000","2,582,000","608,000","-4,778,000","-208,000","-21,000","161,000","-2,472,000","-2,193,000","-3,975,000","-2,132,000","-51,392,000","32,774,000","40,027,000","44,073,000","29,222,000","21,570,000","19,561,000","14,824,000","12,492,000","16,662,000","10,768,000","16,860,000","24,346,000","7,602,000","-5,070,000","8,937,000","8,899,000","6,929,000","10,500,000","14,000","4,043,000","6,957,000","7,615,000","11,067,000","5,331,000","1,817,000","1,942,000","-2,295,000","-1,747,000","1,556,000","6,913,000","12,909,000","8,183,000","6,903,000","4,641,000","2,567,000","300,000",,,"-1,800,000","-7,000,000","-1,800,000","-700,000","300,000","2,800,000","2,300,000","2,200,000","4,300,000",,,,,,,,,,,,,,,,,,,,,,,,,,,,,,,,,,,,,,,,,,,,
NetIncomeCommonStockholders,"-236,524,000","-115,739,000","355,990,000","-292,717,000","-184,058,000","-138,440,000","77,523,000","-130,890,000","-60,002,000","29,956,000","40,473,000","-1,337,000","21,407,000","13,575,000","50,299,000",,"-34,003,000","-41,886,000","-42,296,000","-24,736,000","-21,442,000","-22,931,000","-54,933,000","-28,476,000","4,852,000","-56,577,000","-288,543,000","-544,996,000","-135,068,000","-78,502,000","-58,271,000","-1,903,000","1,898,000","1,165,000","-37,498,000","-24,034,000","129,705,000","-27,144,000","-70,627,000","-25,988,000","-10,304,000","6,859,000","-41,134,000","1,309,000","3,949,000","2,404,000","-20,609,000","-4,700,000","-1,619,000","7,342,000","-6,767,000","-12,572,000","-11,475,000","-5,657,000","-96,377,000","224,617,000","82,627,000","41,095,000","21,698,000","16,428,000","18,217,000","12,558,000","8,412,000","17,036,000","15,583,000","29,634,000","41,331,000","14,138,000","-10,878,000","15,888,000","15,858,000","12,318,000","18,666,000","25,000","5,652,000","12,920,000","13,965,000","20,832,000","9,495,000","3,027,000","2,803,000","-4,656,000","-3,649,000","2,486,000","12,439,000","23,578,000","14,778,000","12,135,000","7,934,000","4,085,000","2,200,000","-1,400,000","-1,400,000","-4,100,000","-13,100,000","-3,400,000","-1,300,000","600,000","5,900,000","4,200,000","3,900,000","7,700,000","10,300,000","6,800,000","6,400,000","2,400,000","-29,100,000","1,900,000","-100,000","-700,000","-900,000","-1,100,000","400,000","300,000","1,800,000","300,000","300,000","100,000","200,000",,"-600,000","-300,000","-2,000,000","-500,000","-700,000","-400,000",,,"-200,000","300,000",,,,,,,,,,,,,,,,
	NetIncome,"-219,024,000","-111,424,000","360,401,000","-288,306,000","-179,695,000","-134,125,000","81,923,000","-126,492,000","-49,876,000","42,028,000","55,116,000","6,791,000","21,407,000","13,575,000","50,299,000",,"-34,003,000","-41,886,000","-42,296,000","-24,736,000","-21,442,000","-22,931,000","-54,933,000","-28,476,000","4,852,000","-56,577,000","-288,543,000","-544,996,000","-135,068,000","-78,502,000","-58,271,000","-1,903,000","1,898,000","1,165,000","-37,498,000","-24,034,000","129,705,000","-27,144,000","-70,627,000","-25,988,000","-10,304,000","6,859,000","-41,134,000","1,309,000","3,949,000","2,404,000","-20,609,000","-4,700,000","-1,619,000","7,342,000","-6,767,000","-12,572,000","-11,475,000","-5,657,000","-96,377,000","224,617,000","82,627,000","41,095,000","21,698,000","16,428,000","18,217,000","12,558,000","8,412,000","17,036,000","15,583,000","29,634,000","41,331,000","14,138,000","-10,878,000","15,888,000","15,858,000","12,318,000","18,666,000","25,000","5,652,000","12,920,000","14,143,000","21,227,000","9,900,000","3,431,000","3,203,000","-4,261,000","-3,244,000","2,890,000","12,839,000","23,973,000","15,198,000","12,821,000","8,616,000","4,768,000","2,900,000","-700,000","-900,000","-4,100,000","-13,100,000","-3,400,000","-1,300,000","600,000","5,900,000","4,300,000","4,100,000","7,900,000","10,600,000","7,300,000","7,000,000","3,000,000","-28,500,000","2,500,000","200,000","-400,000","-600,000","-800,000","400,000","300,000","1,800,000","300,000","300,000","100,000","300,000",,"-600,000","-300,000","-2,000,000","-500,000","-700,000","-400,000",,,"-200,000","300,000",,,,,,,,,,,,,,,,
		NetIncomeIncludingNoncontrollingInterests,"-219,024,000","-111,424,000","360,401,000","-288,306,000","-179,695,000","-134,125,000","81,923,000","-126,492,000","-49,876,000","42,028,000","55,116,000","6,791,000","21,407,000","13,575,000","50,299,000",,"-34,003,000","-41,886,000","-42,296,000","-24,736,000","-21,442,000","-22,931,000","-54,933,000","-28,476,000","4,852,000","-56,577,000","-288,543,000","-544,996,000","-135,068,000","-78,502,000","-58,271,000","-1,903,000","1,898,000","1,165,000","-37,498,000","-24,034,000","129,705,000","-27,144,000","-70,627,000","-25,988,000","-10,304,000","6,859,000","-41,134,000","1,309,000","3,949,000","2,404,000","-20,609,000","-4,700,000","-1,619,000","7,342,000","-6,767,000","-12,572,000","-11,475,000","-5,657,000","-96,377,000","224,617,000","82,627,000","60,565,000","36,016,000","27,206,000","27,027,000","18,557,000","14,413,000","23,040,000","15,583,000","29,634,000","41,331,000","14,138,000","-10,878,000","15,888,000","12,637,000","15,539,000","18,666,000","25,000","5,652,000","12,920,000","14,143,000","21,227,000","9,900,000","3,431,000","3,203,000","-4,261,000","-3,244,000","2,890,000","12,839,000","23,973,000","15,198,000","12,821,000","8,616,000","4,768,000","2,900,000","-700,000","-900,000","-4,100,000","-13,100,000","-3,400,000","-1,300,000","600,000","5,900,000","4,300,000","4,100,000","7,900,000","10,600,000","7,300,000","7,000,000","3,000,000","-28,500,000","2,500,000","200,000","-400,000","-600,000","-800,000","400,000","300,000","1,800,000","300,000","300,000","100,000","300,000",,"-600,000","-300,000","-2,000,000","-500,000","-700,000","-400,000","800,000","-100,000","-200,000","300,000","-200,000","500,000","400,000","300,000","-700,000","300,000","400,000","200,000","-200,000","-100,000","-100,000","-100,000","0","-100,000",,"-100,000"
			NetIncomeContinuousOperations,"-219,024,000","-111,424,000","360,401,000","-288,306,000","-179,695,000","-134,125,000","81,923,000","-126,492,000","-49,876,000","42,028,000","55,116,000","6,791,000","21,407,000","13,575,000","50,299,000",,"-34,003,000","-41,886,000","-42,296,000","-24,736,000","-21,442,000","-22,931,000","-54,933,000","-28,476,000","4,852,000","-56,577,000","-288,543,000","-544,996,000","-135,068,000","-78,502,000","-58,271,000","-1,903,000","1,898,000","1,165,000","-36,641,000","-24,034,000","-21,531,000","-24,517,000","-70,627,000","-25,988,000","-10,304,000","6,859,000","-41,134,000","1,309,000","3,949,000","2,404,000","-20,609,000","-4,700,000","-1,619,000","7,342,000","-6,767,000","-12,572,000","-11,475,000","-5,657,000","-96,377,000","54,764,000","70,428,000","41,095,000","21,698,000","16,428,000","18,217,000","12,558,000","8,412,000","17,036,000","15,583,000","29,634,000","41,331,000","14,138,000","-10,878,000","15,888,000","15,858,000","12,318,000","18,666,000","25,000","5,652,000","12,920,000","14,143,000","20,552,000","9,900,000","3,374,000","3,606,000","-4,261,000","-3,244,000","2,890,000","12,839,000","23,973,000","15,198,000","12,821,000","8,616,000","4,768,000","2,900,000","-700,000","-900,000","-4,100,000","-13,100,000","-3,400,000","-1,300,000","600,000","5,900,000","4,300,000","4,100,000","7,900,000","8,700,000","7,300,000","7,000,000","3,000,000","-28,500,000","2,500,000","200,000","-400,000","-600,000","-200,000","400,000","300,000","2,200,000","300,000","300,000","100,000","300,000",,"-600,000","-300,000","-2,000,000","-500,000","-700,000","-400,000","800,000","-100,000","-200,000","300,000","-200,000","500,000","400,000","300,000","-700,000","300,000","400,000","200,000","-200,000","-100,000","-100,000","-100,000","0","-100,000",,"-100,000"
			NetIncomeDiscontinuousOperations,,,,,,,,,,,,,,,,,,,,,,,,,,,,,,,"0","0","0","0","-857,000","0","151,236,000","-2,627,000",,,,,,,,,,,,,"0","0","0","0","0","169,853,000","12,199,000",,,,,,,,,,,,,,,,,,,,,,"0","57,000","-403,000",,,,,,,,,,,,,,,,,,,,,,,,,,,,,,,,,,,,,,,,,,,,,,,,,,,,,,,,,,,,,,,,,
			NetIncomeExtraordinary,,,,,,,,,,,,,,,,,,,,,,,,,,,,,,,,,,,,,,,,,,,,,,,,,,,,,,,,,,,,,,,,,,,,,,,,,,,"0",,,"675,000",,,,,,,,,,,,,,,,,,,,,,,,,,,,,,,,,,,,,,,,,,,,,,,,,,,,,,,,,,,,,,,,,,,,
			NetIncomeFromTaxLossCarryforward,,,,,,,,,,,,,,,,,,,,,,,,,,,,,,,,,,,,,,,,,,,,,,,,,,,,,,,,,,,,,,,,,,,,,,,,,,,,,,,,,,,,,,,,,,,,,,,,,,,,,,,,,,,,,,,"0","-600,000",,,,,,,,,,,,,,,,,,,,,,,,,,,,,,,,,,
		MinorityInterests,,,,,,,,,,,,,,,,,,,,,,,,,,,,,,,,,,,,,,,,,,,,,,,,,,,,,,,,,,"-19,470,000","-14,318,000","-10,778,000","-8,810,000","-5,999,000","-6,001,000","-6,004,000",,,,,,,,"-3,221,000",,,,,,,,,,,,,,,,,,,,,,,,,,,,,,,,,,,,,,,,,,,,,,,,,,,,,,,,,,,,,,,,,,,,,,,,,,
	PreferredStockDividends,"17,500,000","4,315,000","4,411,000","4,411,000","4,363,000","4,315,000","4,400,000","4,398,000","10,126,000","12,072,000","14,287,000","8,128,000",,,,,,,,,,,,,,,,,,,,,,,,,,,,,,,,,,,,,,,,,,,,,,,,,,,,,,,,,,,,,,,"0",,"178,000","395,000","405,000","404,000","400,000","395,000","405,000","404,000","400,000","395,000","420,000","686,000","682,000","683,000","700,000","700,000","500,000",,,,,,"0","100,000","200,000","200,000","300,000","500,000","600,000","600,000","600,000","600,000","300,000","300,000","300,000","300,000",,,,,,,,,,,,,,,,,,,,,,,,,,,,,,,,,,
	OtherunderPreferredStockDividend,"356,000"
AverageDilutionEarnings,"22,415,000"
DilutedNIAvailtoComStockholders,"-236,524,000","-115,739,000","355,990,000","-292,717,000","-184,058,000","-138,440,000","77,523,000","-130,890,000","-60,002,000","29,956,000","62,888,000","-1,337,000","21,407,000","13,575,000","50,299,000",,"-34,003,000","-41,886,000","-42,296,000","-24,736,000","-21,442,000","-22,931,000","-54,933,000","-28,476,000","4,852,000","-56,577,000","-288,543,000","-544,996,000","-135,068,000","-78,502,000","-58,271,000","-1,903,000","1,898,000","1,165,000","-37,498,000","-24,034,000","129,705,000","-27,144,000","-70,627,000","-25,988,000","-10,304,000","6,859,000","-41,134,000","1,309,000","3,949,000","2,404,000","-20,609,000","-4,700,000","-1,619,000","7,342,000","-6,767,000","-12,572,000","-11,475,000","-5,657,000","-96,377,000","224,617,000","82,627,000","41,095,000","21,698,000","16,428,000","18,217,000","12,558,000","8,412,000","17,036,000","15,583,000","29,634,000","41,331,000","14,138,000","-10,878,000","15,888,000","15,858,000","12,318,000","18,666,000","25,000","5,652,000","12,920,000","13,965,000","20,832,000","9,495,000","3,027,000","2,803,000","-4,656,000","-3,649,000","2,486,000","12,439,000","23,578,000","14,778,000","12,135,000","7,934,000","4,085,000","2,200,000","-1,400,000","-1,400,000","-4,100,000","-13,100,000","-3,400,000","-1,300,000","600,000","5,900,000","4,200,000","3,900,000","7,700,000","10,300,000","6,800,000","6,400,000","2,400,000","-29,100,000","1,900,000","-100,000","-700,000","-900,000","-1,100,000","400,000","300,000","1,800,000","300,000","300,000","100,000","200,000",,"-600,000","-300,000","-2,000,000","-500,000","-700,000","-400,000",,,"-200,000","300,000",,,,,,,,,,,,,,,,
BasicEPS,,"-0.5","1.53","-1.26","-0.8","-0.6","0.34","-0.57","-0.29","0.16","0.22","-0.01","0.2","0.13","0.48","0","-2.22","-2.78","-2.86","-1.67","-1.45","-1.61","-4.48","-2.32","0.41","-5.7","-31.25","-59.05","-14.65","-8.55","-6.3","-0.2","0.2","0.1","-4.05","-2.6","13.4","-2.9","-8.4","-2.8","-1.1","0.7",,"0.15","0.4","0.25",,"-0.5","-0.2","0.8",,"-1.4","-1.3","-0.6",,"25.1","9.35","4.65",,"1.9","2.1","1.45",,"2","1.85","3.5",,"1.75","-1.35","2.25",,"1.8","2.75","0",,"1.9","2.2","3.6",,"0.5","0.5","-0.95",,"0.45","2.15","4.05",,"2.35","1.55","0.8",,"-0.25","-0.3","-0.85",,"-0.7","-0.25","0.1",,"0.85","0.8","1.55",,"2.05","2.25","0.9",,"0.7","-0.05","-0.3",,"-0.45","0.1","0.1",,"0.15","0.15","0.05",,"0","-0.4","-0.2",,"-0.3","-0.55","-0.35",,"-0.05","-0.25","0.5",,"1.2","1","0.8",,"2.4","4","3.2",,"-1.6","-1.6","-0.8",,"-0.8","0","-0.8"
DilutedEPS,,"-0.5","1.3","-1.26","-0.8","-0.6","0.3","-0.57","-0.29","0.15","0.19","-0.01","0.2","0.13","0.48","0","-2.22","-2.78","-2.86","-1.67","-1.45","-1.61","-4.48","-2.32","0.41","-5.7","-31.25","-59.05","-14.65","-8.55","-6.3","-0.2","0.2","0.1","-4.05","-2.6","13.4","-2.9","-8.4","-2.8","-1.1","0.7",,"0.15","0.4","0.25",,"-0.5","-0.2","0.8",,"-1.4","-1.3","-0.6",,"24.55","9.05","4.55",,"1.85","2.05","1.4",,"1.95","1.8","3.4",,"1.65","-1.35","2.15",,"1.7","2.6","0",,"1.8","2","3.1",,"0.5","0.45","-0.95",,"0.45","1.85","3.4",,"1.85","1.25","0.7",,"-0.25","-0.3","-0.85",,"-0.7","-0.25","0.1",,"0.85","0.8","1.5",,"1.7","1.7","0.75",,"0.7","-0.05","-0.3",,"-0.45","0.1","0.1",,"0.15","0.15","0.05",,"0","-0.4","-0.2",,"-0.3","-0.55","-0.35",,"-0.05","-0.25","0.5",,"1.2","1","0.8",,"2.4","4","3.2",,"-1.6","-1.6","-0.8",,"-0.8","0","-0.8"
BasicAverageShares,,"231,976,000","231,972,000","231,747,000","231,428,000","231,377,000","231,377,000","231,223,000","208,904,000","188,916,000","187,280,000","171,487,000","105,457,000","105,457,000","105,457,000",,"15,340,000","15,084,000","14,808,000","14,796,000","14,749,000","14,225,000","12,262,000","12,293,000","11,557,000","9,902,400","9,230,000","9,230,000","9,224,400","9,205,400","9,261,200","9,330,200","9,330,200","9,319,800","9,233,000","9,314,000","9,350,800","9,346,000","9,289,200","9,288,600","9,285,200","9,274,400",,"9,202,200","9,198,400","9,194,800",,"9,124,600","9,115,800","9,081,600",,"9,006,400","9,000,000","8,988,200",,"8,949,600","8,857,400","8,835,800",,"8,675,800","8,674,800","8,672,800",,"8,448,600","8,415,400","8,410,200",,"8,086,400","7,952,400","6,999,800",,"6,840,800","6,822,200","6,768,600",,"6,712,400","6,294,600","5,784,600",,"5,767,000","5,755,200","5,712,000",,"5,759,200","5,850,400","5,800,200",,"5,137,400","5,091,800","5,075,000",,"5,600,000","4,666,667","4,823,529",,"4,857,143","5,200,000","6,000,000",,"4,941,176","4,875,000","4,967,742",,"3,317,073","2,844,444","2,666,667",,"2,714,286","2,000,000","2,333,333",,"2,444,444","3,000,000","3,000,000",,"2,000,000","2,000,000","2,000,000",,"1,500,000","1,500,000","1,500,000",,"1,666,667","1,272,727","1,142,857",,"600,000","800,000","600,000",,"1,822,000","1,325,600","461,000",,"331,400","331,400","331,400",,"339,200","339,200","339,200",,"339,200","339,200","339,200"
DilutedAverageShares,,"231,976,000","276,713,000","231,747,000","231,428,000","231,377,000","275,127,000","231,223,000","208,904,000","285,166,000","284,100,000","171,487,000","105,457,000","105,457,000","105,457,000",,"15,340,000","15,084,000","14,808,000","14,796,000","14,749,000","14,225,000","12,262,000","12,293,000","11,557,000","9,902,400","9,230,000","9,230,000","9,224,400","9,205,400","9,261,200","9,330,200","9,400,800","9,349,800","9,233,000","9,314,000","9,350,800","9,346,000","9,289,200","9,288,600","9,285,200","9,274,400",,"9,202,200","9,198,400","9,194,800",,"9,124,600","9,115,800","9,108,800",,"9,006,400","9,000,000","8,988,200",,"9,151,800","9,074,600","8,998,800",,"8,886,800","8,872,200","8,847,600",,"8,710,600","8,704,200","8,685,800",,"8,476,000","7,952,400","7,471,200",,"7,195,800","7,226,600","7,114,000",,"7,079,600","7,002,000","6,895,000",,"6,751,000","6,808,400","5,712,000",,"6,794,000","6,980,400","7,014,800",,"6,901,000","6,793,400","6,630,600",,"5,600,000","4,666,667","4,823,529",,"4,857,143","5,200,000","6,000,000",,"4,941,176","4,875,000","5,133,333",,"4,000,000","3,200,000","3,200,000",,"2,714,286","2,000,000","2,333,333",,"2,444,444","3,000,000","3,000,000",,"2,000,000","2,000,000","2,000,000",,"1,500,000","1,500,000","1,500,000",,"1,666,667","1,272,727","1,142,857",,"600,000","800,000","600,000",,"1,822,000","1,325,600","461,000",,"331,400","331,400","331,400",,"339,200","339,200","339,200",,"339,200","339,200","339,200"
TotalOperatingIncomeAsReported,"1,077,820,000","336,772,000","298,806,000","295,746,000","146,496,000","159,726,000","102,739,000","12,365,000","3,911,000","44,017,000","101,681,000","76,360,000","43,621,000","53,224,000","81,450,000",,"7,399,000","-5,122,000","-24,224,000","11,190,000","10,470,000","2,381,000","-5,805,000","-98,789,000","-22,706,000","-56,490,000","-290,515,000","-596,026,000","-182,185,000","-96,928,000","-80,291,000","263,000","27,729,000","20,228,000","-24,386,000","-9,086,000","-18,004,000","-20,856,000","-108,870,000","-20,185,000","-4,092,000","1,487,000","-53,517,000","12,086,000","8,378,000","-8,263,000","-30,207,000","2,095,000","920,000","15,188,000","-1,688,000","-11,547,000","-12,588,000","-5,712,000","16,375,000","91,673,000","118,760,000","115,551,000","76,156,000","59,437,000","56,238,000","41,404,000","35,451,000","44,810,000","22,277,000","34,506,000","57,765,000","37,899,000","20,701,000","33,009,000","4,167,000","29,376,000","33,645,000","25,830,000","16,834,000","27,158,000","29,061,000","38,860,000","22,846,000","13,066,000","13,250,000","134,000","267,000","9,464,000","19,752,000","42,387,000","29,474,000","25,627,000","19,410,000","13,478,000","9,100,000","5,600,000","3,200,000","-700,000","-15,500,000","-1,200,000","2,100,000","5,000,000","10,600,000","7,900,000","7,300,000","13,100,000","11,100,000","10,100,000","9,600,000","4,700,000","-26,700,000","4,000,000","1,100,000","500,000","400,000","200,000",,,,,"500,000",,,,,,"-1,000,000","-400,000","-600,000","-400,000",,,"200,000","700,000",,,,,,,,,,,,,,,,
RentExpenseSupplemental,"87,283,000",,,,,,,,,"28,712,000","28,835,000","29,111,000","14,452,000","14,885,000","13,720,000",,"7,948,000","9,773,000","9,178,000","9,359,000","9,433,000","9,889,000","9,447,000","12,301,000","12,988,000","12,960,000","14,852,000","16,687,000","17,827,000","15,136,000","15,384,000","15,858,000","13,980,000","15,061,000","13,721,000","12,955,000","12,962,000","13,206,000","16,420,000",,,,,,,,,,,,,,,,,,,,,,,,,,,,,,,,,,,,,,,,,,,,,,,,,,,,,,,,,,,,,,,,,,,,,,,,,,,,,,,,,,,,,,,,,,,,,,,,,,,,,,,,,,,
TotalExpenses,"795,121,000","188,071,000","194,400,000","215,444,000","197,206,000","180,829,000","172,033,000","165,662,000","175,624,000","181,861,000","187,567,000","148,084,000","84,469,000","73,658,000","72,105,000",,"47,212,000","49,115,000","53,482,000","54,585,000","51,001,000","51,420,000","51,530,000","135,810,000","60,032,000","70,675,000","83,190,000","112,724,000","145,683,000","163,047,000","132,910,000","144,705,000","127,738,000","121,681,000","130,297,000","118,511,000","125,253,000","115,876,000","188,621,000","134,520,000","123,819,000","115,526,000","107,156,000","107,362,000","104,099,000","96,192,000","102,846,000","77,599,000","89,734,000","90,742,000","92,102,000","78,868,000","77,463,000","74,063,000","109,417,000","72,179,000","74,706,000","125,436,000","119,608,000","110,811,000","117,968,000","104,625,000","83,115,000","83,052,000","42,294,000","35,385,000","67,798,000","30,320,000","15,407,000","33,575,000","51,148,000","46,783,000","32,845,000","15,350,000","31,407,000","29,708,000","28,100,000","29,713,000","26,925,000","22,486,000","24,629,000","24,580,000","24,231,000","20,317,000","26,823,000","25,159,000","23,386,000","19,256,000","18,372,000","19,593,000","17,600,000","17,300,000","17,700,000","20,300,000","19,800,000","22,700,000","22,700,000","20,400,000","18,400,000","10,300,000","10,700,000","10,300,000","-55,800,000","32,700,000","27,600,000","30,400,000","20,800,000","16,100,000","16,400,000","14,000,000","15,200,000","6,800,000",,,,,"1,700,000",,,,,,"2,300,000","1,000,000","1,200,000","1,000,000",,,"900,000","1,100,000",,,,,,,,,,,,,,,,
NetIncomeFromContinuingAndDiscontinuedOperation,"-219,024,000","-111,424,000","360,401,000","-288,306,000","-179,695,000","-134,125,000","81,923,000","-126,492,000","-49,876,000","42,028,000","55,116,000","6,791,000","21,407,000","13,575,000","50,299,000",,"-34,003,000","-41,886,000","-42,296,000","-24,736,000","-21,442,000","-22,931,000","-54,933,000","-28,476,000","4,852,000","-56,577,000","-288,543,000","-544,996,000","-135,068,000","-78,502,000","-58,271,000","-1,903,000","1,898,000","1,165,000","-37,498,000","-24,034,000","129,705,000","-27,144,000","-70,627,000","-25,988,000","-10,304,000","6,859,000","-41,134,000","1,309,000","3,949,000","2,404,000","-20,609,000","-4,700,000","-1,619,000","7,342,000","-6,767,000","-12,572,000","-11,475,000","-5,657,000","-96,377,000","224,617,000","82,627,000","41,095,000","21,698,000","16,428,000","18,217,000","12,558,000","8,412,000","17,036,000","15,583,000","29,634,000","41,331,000","14,138,000","-10,878,000","15,888,000","15,858,000","12,318,000","18,666,000","25,000","5,652,000","12,920,000","14,143,000","20,552,000","9,900,000","3,431,000","3,203,000","-4,261,000","-3,244,000","2,890,000","12,839,000","23,973,000","15,198,000","12,821,000","8,616,000","4,768,000","2,900,000","-700,000","-900,000","-4,100,000","-13,100,000","-3,400,000","-1,300,000","600,000","5,900,000","4,300,000","4,100,000","7,900,000","10,600,000","7,300,000","7,000,000","3,000,000","-28,500,000","2,500,000","200,000","-400,000","-600,000","-200,000","400,000","300,000","2,200,000","300,000","300,000","100,000","300,000",,"-600,000","-300,000","-2,000,000","-500,000","-700,000","-400,000",,,"-200,000","300,000",,,,,,,,,,,,,,,,
NormalizedIncome,"532,534,200","229,381,489","333,564,794.122","84,216,650","65,361,525","78,473,106","25,467,861.721","-37,386,321","-39,177,733","-6,686,513","38,939,873.863","16,232,762","11,437,475","19,408,872","40,642,497.803",,"-25,560,904","-22,907,460","-13,355,939.597","-25,128,818","-24,619,000","-27,647,000","-49,012,800","-113,177,301","-47,022,150","-63,367,800","-65,458,521.873","-78,570,090","-66,220,000","-76,452,886","-24,404,359.527","-11,457,310","7,981,812","4,276,034","-26,258,314.752","-17,762,640","-23,372,898","-25,470,810","-54,922,248.352","-24,161,015.998","-7,212,600","-10,397,850","-2,963,377.516","-322,500","-1,244,379.421","-14,716,119.522","-30,118,348.328","-4,770,863.896","-6,448,358.537","7,478,017.326","-6,780,183.894","-12,493,664.477","-11,496,538.835","-5,702,755.681","10,300,414.573","51,395,130.024","56,731,984.066","41,148,950","21,581,000","17,401,700","18,073,350","12,473,500","13,338,600","17,882,600","19,532,800","24,420,929.797","16,333,664.829","30,120,963.477","33,328,369.451","19,966,080","16,743,875.268","15,098,781.94","18,658,960.091","25,103,846.154","10,726,200","12,872,550.184","14,114,399.393","20,523,400.487","4,936,675.202","3,454,596.417","3,819,838.14","-1,786,032.337","-3,244,000","2,816,547.458","12,760,348.775","23,877,451.196","15,147,298.832","12,753,397.891","9,596,730.482","4,721,197.546","2,900,000","-760,000","-2,100,000","-4,100,000","8,994,029.851","-3,465,384.615","-1,365,000","533,333.333","5,832,183.908","4,234,848.485","3,969,841.27","7,705,737.705","8,640,000","7,180,000","5,140,000","2,940,000","6,480,000","2,440,000","140,000","-460,000","-600,000","-380,000","400,000","300,000","2,200,000","300,000","240,000","100,000","300,000",,"-600,000","-300,000","-1,520,000","-500,000","-700,000","-400,000",,,"-200,000","300,000",,,,,,,,,,,,,,,,
InterestIncome,,,,,,,,,,,,,,,,,"327,000","66,000",,,,,,,,,,"138,000","142,000",,,,,"251,000","195,000","423,000","196,000",,,,,,"210,000","187,000","0","0","0","5,000","119,000","139,000","210,000","3,000","10,000","22,000","584,000","587,000","205,000","244,000","348,000","410,000","335,000",,"288,000","258,000","172,000","168,000","155,000",,"459,000","748,000","1,127,000",,"18,000","16,000","14,000","16,000",,,,,,,,,,,,,,,,,,,,,,,,,,,,,,,,,,,,,,,,,,,,,,,,,,,,,,,,,,,,,,,,,,,,,,
InterestExpense,"201,165,000","46,491,000","47,840,000","49,954,000","56,880,000","63,811,000","66,065,000","63,890,000","52,064,000","52,810,000","54,107,000","51,015,000","28,568,000","27,851,000","28,758,000",,"40,213,000","38,850,000","39,199,000","37,595,000","36,755,000","32,900,000","38,690,000","31,227,000","28,882,000","29,944,000","31,872,000","32,159,000","33,807,000","20,754,000","15,272,000","14,912,000","14,767,000","13,680,000","15,894,000","20,530,000","19,240,000","17,578,000","19,274,000","17,535,000","14,529,000","13,237,000","12,006,000","9,988,000","10,410,000","10,284,000","6,905,000","7,108,000","7,599,000","7,844,000","7,779,000","3,244,000","2,901,000","2,162,000","2,088,000","4,751,000","8,546,000","11,314,000","11,446,000","11,225,000","10,206,000",,"9,107,000","6,733,000","4,537,000","4,406,000","4,773,000",,"4,719,000","5,798,000","5,588,000",,"4,526,000","6,265,000","7,212,000","7,370,000",,,"7,615,000","7,875,000","7,702,000","6,810,000","5,258,000","5,018,000","4,956,000","5,505,000","6,171,000","6,007,000",,"6,215,000",,"6,300,000",,"5,100,000","4,500,000","4,100,000",,,,,"1,300,000","1,200,000","2,500,000","3,000,000","2,700,000","1,800,000","1,900,000","1,700,000","900,000","1,000,000","900,000","700,000",,,,,"200,000",,,,,,"100,000","100,000","100,000","100,000",,,"300,000","500,000",,,,,,,,,,,,,,,,
NetInterestIncome,"-201,165,000","-46,491,000","-47,840,000","-49,954,000","-56,880,000","-63,811,000","-66,065,000","-63,890,000","-52,064,000","-52,810,000","-54,107,000","-51,015,000","-28,568,000","-27,851,000","-28,758,000",,"-40,213,000","-38,850,000","-39,199,000","-37,595,000","-36,755,000","-32,900,000","-38,690,000","-31,227,000","-28,882,000","-29,944,000","-32,180,000","-32,021,000","-33,665,000","-20,754,000","-15,272,000","-14,912,000","-14,767,000","-13,680,000","-16,758,000","-20,107,000","-19,044,000","-17,578,000","-19,274,000","-17,535,000","-14,529,000","-13,237,000","-11,796,000","-9,801,000","-10,410,000","-10,284,000","-6,905,000","-7,103,000","-7,480,000","-7,705,000","-7,569,000","-3,241,000","-2,891,000","-2,140,000","-1,504,000","-4,164,000","-8,341,000","-11,070,000","-11,098,000","-10,815,000","-9,871,000",,"-8,819,000","-6,475,000","-4,365,000","-4,238,000","-4,618,000",,"-4,260,000","-5,050,000","-4,461,000",,"-4,508,000","-6,249,000","-7,198,000","-7,354,000",,,"-7,553,000","-7,875,000","-7,702,000","-6,810,000","-5,258,000","-5,018,000","-4,956,000","-5,505,000","-6,171,000","-6,007,000",,"-6,215,000",,"-6,300,000",,"-5,100,000","-4,500,000","-4,100,000",,,,,"-1,300,000","-1,200,000","-2,500,000","-3,000,000","-2,700,000","-1,800,000","-1,900,000","-1,700,000","-900,000","-1,000,000","-900,000","-700,000",,,,,"-200,000",,,,,,"-100,000","-100,000","-100,000","-100,000",,,"-300,000","-500,000",,,,,,,,,,,,,,,,
EBIT,"-8,111,000","-96,555,000","493,812,000","-214,376,000","-190,992,000","-100,281,000","184,955,000","-108,725,000","-9,257,000","106,229,000","121,843,000","61,653,000","57,077,000","45,660,000","94,061,000",,"6,088,000","-2,454,000","-21,924,000","12,790,000","15,830,000","10,404,000","-12,797,000","1,926,000","33,822,000","-22,173,000","-266,168,000","-543,483,000","-173,935,000","-99,376,000","-69,139,000","12,519,000","17,918,000","15,533,000","-40,112,000","-16,058,000","-14,287,000","-19,181,000","-87,345,000","-20,032,000","-3,547,000","28,085,000","-50,402,000","14,757,000","16,941,000","13,296,000","-18,482,000","2,200,000","5,959,000","15,347,000","-1,460,000","-11,521,000","-12,549,000","-5,627,000","-144,641,000","91,673,000","118,760,000","115,551,000","76,156,000","60,263,000","56,238,000","41,404,000","43,660,000","46,199,000","22,277,000","34,506,000","25,568,000","41,299,000","53,122,000","36,247,000","4,877,000","31,570,000","33,663,000","45,411,000","21,092,000","27,158,000","29,061,000","38,863,000","22,878,000","13,192,000","13,454,000","2,098,000","267,000","9,464,000","19,752,000","42,387,000","29,474,000","25,627,000","20,197,000","13,478,000","9,200,000","5,600,000","3,100,000","-700,000","1,500,000","-1,200,000","2,100,000","5,000,000","10,600,000","7,900,000","7,300,000","13,100,000","11,100,000","10,100,000","8,100,000","4,700,000","2,500,000","4,000,000","1,100,000","500,000","400,000","200,000","5,500,000","4,300,000","-1,800,000","2,300,000","500,000","2,000,000","-4,700,000","1,800,000","1,400,000","1,400,000","-1,000,000","-400,000","-600,000","-400,000","-3,800,000","1,000,000","200,000","700,000","-3,600,000","2,300,000","2,200,000","2,000,000","-3,200,000","2,000,000","1,800,000","1,100,000","-500,000","100,000","100,000","100,000","-300,000","100,000","100,000","100,000"
EBITDA,"458,877,000"
ReconciledCostOfRevenue,"758,962,000","178,827,000","183,409,000","207,392,000","189,334,000","172,801,000","165,984,000","156,688,000","167,326,000","173,115,000","181,083,000","139,738,000","77,628,000","65,844,000","64,009,000",,"40,256,000","43,099,000","46,479,000","48,411,000","44,442,000","45,019,000","42,993,000","55,231,000","54,369,000","57,347,000","80,059,000","102,031,000","115,467,000","112,852,000","118,487,000","125,329,000","118,124,000","113,312,000","103,445,000","107,363,000","106,443,000","104,496,000","390,554,000","25,741,000","24,666,000","26,278,000","19,631,000","20,769,000","20,411,000","17,902,000","17,674,000","20,165,000","22,473,000","20,363,000","18,716,000","16,019,000","17,485,000","16,959,000","16,186,000","24,147,000","52,343,000","44,966,000","38,430,000","39,424,000","49,764,000","37,935,000","31,782,000","3,678,000","12,965,000","13,963,000","14,820,000","12,990,000","27,845,000","15,036,000","12,584,000","24,809,000","14,253,000","16,032,000","13,982,000","12,737,000","11,036,000","13,001,000","11,060,000","8,355,000","9,598,000","10,089,000","8,197,000","7,313,000","8,791,000","12,331,000","9,418,000","8,090,000","7,218,000","7,386,000","6,100,000","6,900,000","5,800,000","6,500,000","6,700,000","10,000,000","8,900,000","7,400,000","7,600,000","4,400,000","4,200,000","4,600,000","-62,300,000","26,300,000","22,600,000","27,400,000","17,300,000","13,400,000","13,800,000","11,700,000","13,000,000","4,300,000",,,,,"1,000,000",,,,,,"600,000","200,000","400,000","400,000",,,"400,000","400,000",,,,,,,,,,,,,,,,
ReconciledDepreciation,"466,988,000","106,728,000","110,075,000","128,739,000","121,446,000","109,128,000","104,284,000","99,056,000","103,347,000","110,425,000","111,842,000","80,247,000","46,847,000","37,590,000","36,124,000",,"26,798,000","27,152,000","30,548,000","32,783,000","30,321,000","29,905,000","29,077,000","37,545,000","36,029,000","38,836,000","59,416,000","79,445,000","90,573,000","91,889,000","94,885,000","99,977,000","94,539,000","88,874,000","81,161,000","85,762,000","85,244,000","84,967,000","96,876,000","99,230,000","90,083,000","79,097,000","78,244,000","77,518,000","74,689,000","60,325,000","50,206,000","46,796,000","57,398,000","59,409,000","61,237,000","53,933,000","50,796,000","47,272,000","49,701,000","46,146,000","15,441,000","70,891,000","65,036,000","62,711,000","60,042,000","56,988,000","50,236,000","72,004,000","16,803,000","16,528,000","15,263,000","14,272,000","16,214,000","17,589,000","11,839,000","20,503,000","15,728,000","15,809,000","15,402,000","15,463,000","15,117,000","15,187,000","13,694,000","13,196,000","13,954,000","13,561,000","12,733,000","12,381,000","12,078,000","11,999,000","12,450,000","10,342,000","10,454,000","11,712,000","10,400,000","10,000,000","11,400,000","13,400,000","12,900,000","12,300,000","13,200,000","12,600,000","9,900,000","5,400,000","5,900,000","5,000,000","5,800,000","5,700,000","4,500,000","2,600,000","2,900,000","2,200,000","2,100,000","1,800,000","1,500,000","2,100,000",,,,,"400,000",,,,,,"1,000,000","400,000","200,000","200,000",,,"200,000","300,000",,,,,,,,,,,,,,,,
NetIncomeFromContinuingOperationNetMinorityInterest,"-219,024,000","-111,424,000","360,401,000","-288,306,000","-179,695,000","-134,125,000","81,923,000","-126,492,000","-49,876,000","42,028,000","55,116,000","6,791,000","21,407,000","13,575,000","50,299,000",,"-34,003,000","-41,886,000","-42,296,000","-24,736,000","-21,442,000","-22,931,000","-54,933,000","-28,476,000","4,852,000","-56,577,000","-288,543,000","-544,996,000","-135,068,000","-78,502,000","-58,271,000","-1,903,000","1,898,000","1,165,000","-36,641,000","-24,034,000","-21,531,000","-24,517,000","-70,627,000","-25,988,000","-10,304,000","6,859,000","-41,134,000","1,309,000","3,949,000","2,404,000","-20,609,000","-4,700,000","-1,619,000","7,342,000","-6,767,000","-12,572,000","-11,475,000","-5,657,000","-96,377,000","54,764,000","70,428,000","41,095,000","21,698,000","16,428,000","18,217,000","12,558,000","8,412,000","17,036,000","15,583,000","29,634,000","41,331,000","14,138,000","-10,878,000","15,888,000","15,858,000","12,318,000","18,666,000","25,000","5,652,000","12,920,000","14,143,000","20,552,000","9,900,000","3,374,000","3,606,000","-4,261,000","-3,244,000","2,890,000","12,839,000","23,973,000","15,198,000","12,821,000","8,616,000","4,768,000","2,900,000","-700,000","-900,000","-4,100,000","-13,100,000","-3,400,000","-1,300,000","600,000","5,900,000","4,300,000","4,100,000","7,900,000","8,700,000","7,300,000","7,000,000","3,000,000","-28,500,000","2,500,000","200,000","-400,000","-600,000","-200,000","400,000","300,000","2,200,000","300,000","300,000","100,000","300,000",,"-600,000","-300,000","-2,000,000","-500,000","-700,000","-400,000",,,"-200,000","300,000",,,,,,,,,,,,,,,,
TotalUnusualItemsExcludingGoodwill,"-1,252,597,000","-437,491,000","33,208,000","-510,305,000","-338,009,000","-260,218,000","81,930,000","-121,563,000","-13,159,000","61,899,000","19,880,000","-14,799,000","13,275,000","-7,656,000","12,537,000",,"-8,476,000","-25,998,000","-41,822,000","394,000","5,295,000","7,860,000","-9,867,000","87,231,000","52,825,000","11,318,000","-230,427,000","-492,530,000","-105,920,000","-3,138,000","-49,059,000","12,018,000","-10,106,000","-4,946,000","-15,870,000","-9,560,000","2,869,000","1,430,000","-23,708,000","-2,641,000","-4,756,000","26,549,000","-57,912,000","2,510,000","8,589,000","21,450,000","11,714,000","74,000","4,892,000","-139,000","18,000","-92,000","29,000","63,000","-163,562,000","5,385,000","21,480,000","-83,000","180,000","-1,498,000","221,000","130,000","-8,211,000","-1,411,000","-6,583,000","8,179,000","39,722,000","-24,577,000","-64,810,000","-6,372,000","-1,383,000","-4,345,000","11,000","-39,123,000","-8,457,000","73,000","44,000","44,000","7,636,000","-124,000","-329,000","-3,808,000",,"113,000","121,000","147,000","78,000","104,000","-1,509,000","72,000","0","100,000","2,000,000",,"-33,900,000","100,000","100,000","100,000","100,000","100,000","200,000","300,000","100,000","200,000","3,100,000","100,000","-58,300,000","100,000","100,000","100,000","0","300,000",,,,,"100,000",,,,,,"-800,000",,,,,,,,,,,,,,,,,,,,,,,
TotalUnusualItems,"-1,252,597,000","-437,491,000","33,208,000","-510,305,000","-338,009,000","-260,218,000","81,930,000","-121,563,000","-13,159,000","61,899,000","19,880,000","-14,799,000","13,275,000","-7,656,000","12,537,000",,"-8,476,000","-25,998,000","-41,822,000","394,000","5,295,000","7,860,000","-9,867,000","87,231,000","52,825,000","11,318,000","-230,427,000","-492,530,000","-105,920,000","-3,138,000","-49,059,000","12,018,000","-10,106,000","-4,946,000","-15,870,000","-9,560,000","2,869,000","1,430,000","-23,708,000","-2,641,000","-4,756,000","26,549,000","-57,912,000","2,510,000","8,589,000","21,450,000","11,714,000","74,000","4,892,000","-139,000","18,000","-92,000","29,000","63,000","-163,562,000","5,385,000","21,480,000","-83,000","180,000","-1,498,000","221,000","130,000","-8,211,000","-1,411,000","-6,583,000","8,179,000","39,722,000","-24,577,000","-64,810,000","-6,372,000","-1,383,000","-4,345,000","11,000","-39,123,000","-8,457,000","73,000","44,000","44,000","7,636,000","-124,000","-329,000","-3,808,000",,"113,000","121,000","147,000","78,000","104,000","-1,509,000","72,000","0","100,000","2,000,000",,"-33,900,000","100,000","100,000","100,000","100,000","100,000","200,000","300,000","100,000","200,000","3,100,000","100,000","-58,300,000","100,000","100,000","100,000","0","300,000",,,,,"100,000",,,,,,"-800,000",,,,,,,,,,,,,,,,,,,,,,,
NormalizedEBITDA,"1,711,474,000","447,664,000","570,679,000","424,668,000","268,463,000","269,065,000","207,309,000","111,894,000","107,249,000","154,755,000","213,805,000","156,699,000","90,649,000","90,906,000","117,648,000",,"41,362,000","50,696,000","50,446,000","45,179,000","40,856,000","32,449,000","26,147,000","-47,760,000","17,026,000","5,345,000","23,675,000","28,492,000","22,558,000","-4,349,000","74,805,000","100,478,000","122,563,000","109,353,000","56,919,000","79,264,000","68,088,000","64,356,000","33,239,000","81,839,000","91,292,000","80,633,000","85,754,000","89,765,000","83,041,000","52,171,000","20,010,000","48,922,000","58,465,000","74,895,000","59,759,000","42,504,000","38,218,000","41,582,000","69,230,000","132,434,000","141,702,000","186,525,000","141,012,000","124,472,000","116,059,000","98,262,000","102,107,000","119,614,000","45,663,000","42,855,000","1,816,000","80,148,000","134,146,000","60,208,000","18,099,000","56,418,000","49,380,000","100,343,000","45,851,000","42,548,000","44,134,000","54,006,000","28,936,000","26,512,000","27,840,000","19,467,000","13,000,000","21,732,000","31,709,000","54,239,000","41,846,000","35,865,000","32,160,000","25,118,000","19,600,000","15,500,000","12,500,000","12,700,000","48,300,000","11,000,000","15,200,000","17,500,000","20,400,000","13,200,000","13,100,000","17,800,000","16,800,000","15,600,000","9,500,000","7,200,000","63,700,000","6,100,000","3,100,000","2,200,000","1,900,000","2,000,000","5,500,000","4,300,000","-1,800,000","2,300,000","800,000","2,000,000","-4,700,000","1,800,000","1,400,000","1,400,000","800,000","0","-400,000","-200,000","-3,800,000","1,000,000","400,000","1,000,000","-3,600,000","2,300,000","2,200,000","2,000,000","-3,200,000","2,000,000","1,800,000","1,100,000","-500,000","100,000","100,000","100,000","-300,000","100,000","100,000","100,000"
TaxRateForCalcs,"0.4","0.221","0.192","0.27","0.275","0.183","0.311","0.267","0.187","0.213","0.186","0.362","0.249","0.238","0.23",,"0.004","0.27","0.308","0.003","0.4","0.4","0.4","0.029","0.018","0.4","0.032","0.053","0.35","0.347","0.31","0.205","0.398","0.371","0.346","0.344","0.358","0.333","0.338","0.308","0.35","0.35","0.341","0.35","0.395","0.202","0.188","0.042","0.013","0.021","0.268","0.149","0.257","0.274","0.348","0.374","0.362","0.35","0.35","0.35","0.35","0.35","0.4","0.4","0.4","0.363","0.371","0.35","0.318","0.36","0.359","0.36","0.36","0.359","0.4","0.35","0.35","0.35","0.35","0.35","0.35","0.35","0.35","0.35","0.35","0.35","0.35","0.35","0.35","0.35","0.094","0.4","0.4","0.305","0.348","0.346","0.35","0.333","0.322","0.348","0.349","0.352","0.4","0.4","0.4","0.4","0.4","0.4","0.4","0.4","0.4","0.4","0.4","0.4","0.4","0.4","0.4","0.4","0.4",,"0.4","0.4","0.4","0.4","0.4","0.4",,,"0.4","0.4",,,,,,,,,,,,,,,,
TaxEffectOfUnusualItems,"-501,038,800","-96,685,511","6,371,794.122","-137,782,350","-92,952,475","-47,619,894","25,474,861.721","-32,457,321","-2,460,733","13,184,487","3,703,873.863","-5,357,238","3,305,475","-1,822,128","2,880,497.803",,"-33,904","-7,019,460","-12,881,939.597","1,182","2,118,000","3,144,000","-3,946,800","2,529,699","950,850","4,527,200","-7,342,521.873","-26,104,090","-37,072,000","-1,088,886","-15,192,359.527","2,463,690","-4,022,188","-1,834,966","-5,487,314.752","-3,288,640","1,027,102","476,190","-8,003,248.352","-814,015.998","-1,664,600","9,292,150","-19,741,377.516","878,500","3,395,620.579","4,329,880.478","2,204,651.672","3,136.104","62,641.463","-2,982.674","4,816.106","-13,664.477","7,461.165","17,244.319","-56,884,585.427","2,016,130.024","7,783,984.066","-29,050","63,000","-524,300","77,350","45,500","-3,284,400","-564,400","-2,633,200","2,965,929.797","14,724,664.829","-8,594,036.523","-20,603,630.549","-2,293,920","-497,124.732","-1,564,218.06","3,960.091","-14,044,153.846","-3,382,800","25,550.184","15,399.393","15,400.487","2,672,675.202","-43,403.583","-115,161.86","-1,333,032.337","0","39,547.458","42,348.775","51,451.196","27,298.832","36,397.891","-528,269.518","25,197.546","0","40,000","800,000","0","-11,805,970.149","34,615.385","35,000","33,333.333","32,183.908","34,848.485","69,841.27","105,737.705","40,000","80,000","1,240,000","40,000","-23,320,000","40,000","40,000","40,000","0","120,000","0","0","0","0","40,000","0","0",,"0","0","-320,000","0","0","0",,,"0","0",,,,,,,,,,,,,,,,