name,ttm,04/30/2022,01/31/2022,10/31/2021,07/31/2021,04/30/2021,01/31/2021,10/31/2020,07/31/2020,04/30/2020,01/31/2020,10/31/2019,07/31/2019,04/30/2019,01/31/2019,10/31/2018,07/31/2018,04/30/2018,01/31/2018,10/31/2017,07/31/2017,04/30/2017,01/31/2017,10/31/2016,07/31/2016,04/30/2016,01/31/2016,10/31/2015,07/31/2015,04/30/2015,01/31/2015,10/31/2014,07/31/2014,04/30/2014,01/31/2014,10/31/2013,07/31/2013,04/30/2013,01/31/2013,10/31/2012,07/31/2012,04/30/2012,01/31/2012,10/31/2011,07/31/2011,04/30/2011,01/31/2011,10/31/2010,07/31/2010,04/30/2010,01/31/2010,10/31/2009,07/31/2009,04/30/2009,01/31/2009,10/31/2008,07/31/2008,04/30/2008,01/31/2008,10/31/2007,07/31/2007,04/30/2007,01/31/2007,10/31/2006,07/31/2006,04/30/2006,01/31/2006,10/31/2005,07/31/2005,04/30/2005,01/31/2005,10/31/2004,07/31/2004,04/30/2004,01/31/2004,10/31/2003,07/31/2003,04/30/2003,01/31/2003,10/31/2002,07/31/2002,04/30/2002,01/31/2002,10/31/2001,07/31/2001,04/30/2001,01/31/2001,10/31/2000,07/31/2000,04/30/2000,01/31/2000,10/31/1999,07/31/1999,04/30/1999,01/31/1999,10/31/1998,07/31/1998,04/30/1998,01/31/1998,10/31/1997,07/31/1997,04/30/1997,01/31/1997,10/31/1996,07/31/1996,04/30/1996,01/31/1996,10/31/1995,07/31/1995,04/30/1995,01/31/1995,10/31/1994,07/31/1994,04/30/1994,01/31/1994,10/31/1993,07/31/1993,04/30/1993,01/31/1993,10/31/1992,07/31/1992,04/30/1992,01/31/1992,10/31/1991,07/31/1991,04/30/1991,01/31/1991,10/31/1990,07/31/1990,04/30/1990,01/31/1990,10/31/1989,07/31/1989,04/30/1989,01/31/1989,10/31/1988,07/31/1988
TotalRevenue,"1,212,365,000","351,837,000","291,898,000","288,301,000","280,329,000","279,079,000","228,260,000","223,360,000","187,911,000","195,689,000","186,734,000","190,310,000","171,878,000","176,882,000","161,054,000","167,171,000","164,015,000","169,451,000","147,214,000","149,118,000","146,418,000","152,917,000","138,784,000","150,210,000","145,840,000","154,749,000","137,463,000","133,004,000","142,690,000","137,611,000","131,500,000","133,834,000","127,376,000","122,624,000","122,588,000","121,431,000","122,544,000","125,535,000","118,922,000","98,194,000","98,297,000","102,448,000","93,957,000","100,128,000","90,324,000","93,871,000","82,775,000","91,835,000","91,460,000","88,809,000","83,805,000","82,561,000","83,755,000","77,870,000","73,452,000","71,983,000","75,661,000","94,663,000","64,877,000","68,243,000","58,707,000","59,398,000","59,308,000","59,539,000","62,191,090","62,451,015","58,248,144","55,329,010","58,178,849","55,243,948","48,219,407","46,694,000","50,809,668","47,705,618","41,852,797","40,196,997","43,310,448","42,210,678","38,299,529","38,277,594","36,097,146","25,414,691","30,920,504","31,767,533","64,715,828","66,081,528","68,161,696","75,618,968","68,491,838","62,024,265","49,400,000","40,400,000","43,500,000","37,800,000","19,700,000","15,500,000","17,100,000","13,200,000","1,200,000","100,000","100,000","0","100,000","100,000","100,000","0","100,000","100,000","100,000","0","100,000","100,000","100,000","-1,400,000","800,000","300,000","400,000","400,000","400,000","400,000","500,000","3,000,000","2,700,000","2,800,000","2,900,000","2,900,000","3,400,000","3,900,000","3,200,000","3,500,000","3,200,000","2,600,000","2,600,000","2,100,000","2,000,000","2,000,000","2,000,000"
	OperatingRevenue,"1,212,365,000","351,837,000","291,898,000","288,301,000","280,329,000","279,079,000","228,260,000","223,360,000","187,911,000","195,689,000","186,734,000","190,310,000","171,878,000","176,882,000","161,054,000","167,171,000","164,015,000","169,451,000","147,214,000","149,118,000","146,418,000","152,917,000","138,784,000","150,210,000","145,840,000","154,749,000","137,463,000","133,004,000","142,690,000","137,611,000","131,500,000","133,834,000","127,376,000","122,624,000","122,588,000","121,431,000","122,544,000","125,535,000","118,922,000","98,194,000","98,297,000","102,448,000","93,957,000","100,128,000","90,324,000","93,871,000","82,775,000","82,611,000","82,602,000","80,746,000","75,756,000","75,242,000","77,012,000","71,782,000","66,919,000","65,413,000","69,226,000","70,369,000","64,877,000","62,228,000","52,863,000","53,515,000","53,376,000","59,539,000","62,191,090","57,104,882","53,200,020","50,580,738","53,595,902","51,239,054","44,177,438","46,694,000","47,232,534","44,429,224","38,642,711","40,196,997","40,320,144","39,536,978","35,730,236","35,925,718","33,821,210","32,520,005","28,655,084","29,342,546","64,715,828","66,081,528","68,161,696","75,618,968","68,491,838","62,024,265","49,400,000","40,400,000","43,500,000","37,800,000","19,700,000","15,500,000","17,100,000","13,200,000","1,200,000","100,000","100,000","0","100,000","100,000","100,000","0","100,000","100,000","100,000","0","100,000","100,000","100,000","-1,400,000","800,000","300,000","400,000","400,000","400,000","400,000","500,000","3,000,000","2,700,000","2,800,000","2,900,000","2,900,000","3,400,000","3,900,000","3,200,000","3,500,000","3,200,000","2,600,000","2,600,000","2,100,000","2,000,000","2,000,000","2,000,000"
CostOfRevenue,"663,631,000","196,452,000","157,248,000","157,167,000","152,764,000","148,773,000","118,816,000","116,690,000","94,874,000","102,260,000","97,504,000","99,826,000","88,885,000","92,624,000","81,740,000","85,366,000","84,168,000","89,493,000","74,951,000","75,623,000","75,206,000","79,581,000","71,836,000","77,997,000","75,513,000","85,501,000","72,702,000","71,596,000","75,087,000","72,147,000","66,672,000","68,156,000","65,471,000","63,782,000","62,092,000","62,823,000","62,789,000","65,765,000","60,941,000","56,204,000","56,185,000","59,725,000","54,298,000","57,807,000","51,562,000","54,129,000","48,154,000","47,269,000","46,433,000","45,265,000","42,442,000","42,318,000","43,082,000","41,111,000","38,094,000","37,437,000","39,027,000","40,097,000","36,874,000","36,028,000","31,538,000","31,308,000","31,289,000","31,140,000","31,336,146","32,421,933","29,636,023","28,114,524","29,260,574","27,944,465","23,258,377","25,325,000","25,242,363","23,496,478","19,882,443","21,195,825","20,935,751","21,245,519","19,011,745","19,066,304","17,749,726","17,416,028","14,506,250","16,032,843","38,189,494","46,285,814","39,803,981","44,263,322","38,879,279","40,738,778","29,200,000","22,300,000","25,100,000","26,400,000","11,400,000","10,000,000","10,400,000",,,,,,,,,"800,000",,,"200,000","6,200,000","900,000",,,,,,,"300,000","200,000","200,000","200,000","2,400,000","2,100,000","2,100,000","2,200,000","2,400,000","2,500,000","3,200,000","2,400,000","2,700,000","2,700,000",,,,,,
GrossProfit,"548,734,000","155,385,000","134,650,000","131,134,000","127,565,000","130,306,000","109,444,000","106,670,000","93,037,000","93,429,000","89,230,000","90,484,000","82,993,000","84,258,000","79,314,000","81,805,000","79,847,000","79,958,000","72,263,000","73,495,000","71,212,000","73,336,000","66,948,000","72,213,000","70,327,000","69,248,000","64,761,000","61,408,000","67,603,000","65,464,000","64,828,000","65,678,000","61,905,000","58,842,000","60,496,000","58,608,000","59,755,000","59,770,000","57,981,000","41,990,000","42,112,000","42,723,000","39,659,000","42,321,000","38,762,000","39,742,000","34,621,000","44,566,000","45,027,000","43,544,000","41,363,000","40,243,000","40,673,000","36,759,000","35,358,000","34,546,000","36,634,000","54,566,000","28,003,000","32,215,000","27,169,000","28,090,000","28,019,000","28,399,000","30,854,944","30,029,082","28,612,121","27,214,486","28,918,275","27,299,483","24,961,030","21,369,000","25,567,305","24,209,140","21,970,354","19,001,172","22,374,697","20,965,159","19,287,784","19,211,290","18,347,420","7,998,663","16,414,254","15,734,690","26,526,334","19,795,714","28,357,715","31,355,646","29,612,559","21,285,487","20,200,000","18,100,000","18,400,000","11,400,000","8,300,000","5,500,000","6,700,000",,,,,,,,,"-800,000",,,"-100,000","-6,200,000","-800,000",,,,,,,"100,000","200,000","200,000","300,000","600,000","600,000","700,000","700,000","500,000","900,000","700,000","800,000","800,000","500,000",,,,,,
OperatingExpense,"417,264,000","117,505,000","106,870,000","99,066,000","93,823,000","73,163,000","81,968,000","77,326,000","65,779,000","80,751,000","71,539,000","70,444,000","61,113,000","63,945,000","63,028,000","65,698,000","64,910,000","64,773,000","64,874,000","63,581,000","59,104,000","63,131,000","61,358,000","63,175,000","57,645,000","62,634,000","57,362,000","61,371,000","59,480,000","53,071,000","52,280,000","52,955,000","49,614,000","48,069,000","57,261,000","48,672,000","46,954,000","45,379,000","44,676,000","41,694,000","40,181,000","37,783,000","38,668,000","39,909,000","35,270,000","35,804,000","34,437,000","33,916,000","31,384,000","31,815,000","30,843,000","29,528,000","29,367,000","28,498,000","27,940,000","27,269,000","27,627,000","26,393,000","27,936,000","26,140,000","22,988,000","24,873,000","27,085,000","30,533,000","23,357,370","22,060,392","20,855,764","22,198,414","20,680,399","20,089,999","17,751,217","17,947,000","17,518,588","16,656,967","17,224,011","15,767,784","15,109,636","14,789,185","13,707,687","13,894,101","12,222,063","19,313,498","11,805,304","11,364,254","17,817,721","38,635,742","33,006,936","35,262,546","32,538,311","33,169,959","22,300,000","18,800,000","18,100,000","20,500,000","10,000,000","7,500,000","8,100,000","7,100,000","1,300,000","1,100,000","1,200,000","1,400,000","700,000","900,000","600,000","1,100,000","700,000","700,000","1,000,000","-1,400,000","4,400,000",,,,,,,"300,000","300,000","300,000","300,000","900,000","800,000","900,000","900,000","900,000","900,000","900,000","800,000","800,000","1,000,000",,,,,,
	SellingGeneralAndAdministration,"156,130,000","40,990,000","39,179,000","37,161,000","38,800,000","36,139,000","33,423,000","32,536,000","28,757,000","30,464,000","30,331,000","28,296,000","28,671,000","28,181,000","26,488,000","26,198,000","26,382,000","25,486,000","25,945,000","23,727,000","23,865,000","23,464,000","22,654,000","22,654,000","23,168,000","23,310,000","23,568,000","22,239,000","23,125,000","21,187,000","21,139,000","20,655,000","20,820,000","19,546,000","19,650,000","19,581,000","19,647,000","19,087,000","18,775,000","17,351,000","17,856,000","17,569,000","17,175,000","16,721,000","16,198,000","16,804,000","15,863,000","14,684,000","14,790,000","15,376,000","13,945,000","13,964,000","13,924,000","13,183,000","12,622,000","26,931,000","27,308,000","26,093,000","27,640,000","25,862,000","22,714,000","24,604,000","26,831,000","30,294,000","23,125,616","21,765,929","20,704,547","22,068,832","20,532,390","19,971,740","17,635,323","17,848,000","17,426,240","16,567,527","17,152,561","15,689,438","15,027,819","14,699,907","13,633,512","13,823,456","12,156,958","19,238,725","11,754,056","11,291,784","17,817,721","37,729,069","31,981,049","34,171,723","31,495,674","32,537,331","21,800,000","18,600,000","17,300,000","20,200,000","9,600,000","7,500,000","7,600,000","7,000,000","1,200,000","1,000,000","1,100,000","1,300,000","700,000","900,000","600,000","1,100,000","700,000","600,000","600,000","-2,500,000","3,600,000",,,,,,,"200,000","200,000","200,000","200,000","500,000","400,000","500,000","500,000","500,000","500,000","500,000","400,000","500,000","600,000",,,,,,
	DepreciationAmortizationDepletionIncomeStatement,"4,033,000","1,210,000","950,000","958,000","915,000","947,000","906,000","928,000","938,000","926,000","975,000","971,000","967,000","1,020,000","985,000","979,000","985,000","1,006,000","1,057,000","1,108,000","1,079,000","1,037,000","1,059,000","1,080,000","1,096,000","1,152,000","1,008,000","1,038,000","1,010,000","1,048,000","935,000","929,000","918,000","878,000","835,000","795,000","777,000","756,000","712,000","696,000","662,000","632,000","594,000","565,000","538,000","523,000","485,000","465,000","456,000","451,000","438,000","412,000","392,000","386,000","352,000","338,000","319,000","300,000","296,000","278,000","274,000","269,000","254,000","239,000","231,754","294,463","151,217","129,582","148,009","118,259","115,894","99,000","92,348","89,440","71,450","78,346","81,817","89,278","74,175","70,645","65,105","74,773","51,248","72,470","611,409","906,673","1,025,887","1,090,823","1,042,637","632,628","500,000","200,000","800,000","300,000","400,000",,"500,000","100,000","100,000","100,000","100,000","100,000",,,,"0",,"100,000","400,000","1,100,000","800,000",,,,,,,"100,000","100,000","100,000","100,000","400,000","400,000","400,000","400,000","400,000","400,000","400,000","400,000","300,000","400,000",,,,,,
		DepreciationAndAmortizationInIncomeStatement,"4,033,000","1,210,000","950,000","958,000","915,000","947,000","906,000","928,000","938,000","926,000","975,000","971,000","967,000","1,020,000","985,000","979,000","985,000","1,006,000","1,057,000","1,108,000","1,079,000","1,037,000","1,059,000","1,080,000","1,096,000","1,152,000","1,008,000","1,038,000","1,010,000","1,048,000","935,000","929,000","918,000","878,000","835,000","795,000","777,000","756,000","712,000","696,000","662,000","632,000","594,000","565,000","538,000","523,000","485,000","465,000","456,000","451,000","438,000","412,000","392,000","386,000","352,000","338,000","319,000","300,000","296,000","278,000","274,000","269,000","254,000","239,000","231,754","294,463","151,217","129,582","148,009","118,259","115,894","99,000","92,348","89,440","71,450","78,346","81,817","89,278","74,175","70,645","65,105","74,773","51,248","72,470","611,409","906,673","1,025,887","1,090,823","1,042,637","632,628","500,000","200,000","800,000","300,000","400,000",,"500,000","100,000","100,000","100,000","100,000","100,000",,,,"0",,"100,000","400,000","1,100,000","800,000",,,,,,,"100,000","100,000","100,000","100,000","400,000","400,000","400,000","400,000","400,000","400,000","400,000","400,000","300,000","400,000",,,,,,
	ProvisionForDoubtfulAccounts,"257,101,000","75,305,000","66,741,000","60,947,000","54,108,000","36,077,000","47,639,000","43,862,000","36,084,000","49,361,000","40,233,000","41,177,000","31,475,000","34,744,000","35,555,000","38,521,000","37,543,000","38,281,000","37,872,000","38,746,000","34,160,000","38,630,000","37,645,000","39,441,000","33,381,000","38,172,000","32,786,000","38,094,000","35,345,000","30,836,000","30,206,000","31,371,000","27,876,000","27,645,000","36,776,000","28,296,000","26,530,000","25,536,000","25,189,000","23,647,000","21,663,000","19,582,000","20,899,000","22,623,000","18,534,000","17,970,000","18,089,000","18,767,000","16,138,000","15,613,000","16,460,000","15,152,000","15,051,000","14,929,000","14,966,000",,,,,,,,,,,,,,,,,,,,,,,,,,,,,,,,,,,,,,,,,,,,,,,,,,,,,,,,,,,,,,,,,,,,,,,,,,,,,,,,,,
	OtherOperatingExpenses,,,,,,,,,,,,,,,,,,,,,,,,,,,,,,,,,,,,,,,,,,,,,,,,,"233,000",,,,,,,,,,,,,,,,,,,,,,,,,,,,,,,,,,,,"-611,409",,,,,,,,,,,,,,,,,,,,,,,,,,,,,,,,,,,,,,,,,,,,,,,,,,,,
OperatingIncome,"131,470,000","37,880,000","27,780,000","32,068,000","33,742,000","57,143,000","27,476,000","29,344,000","27,258,000","12,678,000","17,691,000","20,040,000","21,880,000","20,313,000","16,286,000","16,107,000","14,937,000","15,185,000","7,389,000","9,914,000","12,108,000","10,205,000","5,590,000","9,038,000","12,682,000","6,614,000","7,399,000","37,000","8,123,000","12,393,000","12,548,000","12,723,000","12,291,000","10,773,000","3,235,000","9,936,000","12,801,000","14,391,000","13,305,000","296,000","1,931,000","4,940,000","991,000","2,412,000","3,492,000","3,938,000","184,000","10,650,000","13,643,000","11,729,000","10,520,000","10,715,000","11,306,000","8,261,000","7,418,000","7,277,000","9,007,000","28,173,000","67,000","6,075,000","4,181,000","3,217,000","934,000","-2,134,000","7,497,574","7,968,690","7,756,357","5,016,072","8,237,876","7,209,484","7,209,813","3,422,000","8,048,717","7,552,173","4,746,343","3,233,388","7,265,061","6,175,974","5,580,097","5,317,189","6,125,357","-11,314,835","4,608,950","4,370,436","8,708,613","-18,840,028","-4,649,221","-3,906,900","-2,925,752","-11,884,472","-2,100,000","-700,000","300,000","-9,100,000","-1,700,000","-2,000,000","-1,400,000","-3,400,000","-100,000","-1,000,000","-1,100,000","-1,400,000","-600,000","-800,000","-500,000","-1,900,000","-600,000","-600,000","-1,100,000","-4,800,000","-5,200,000","100,000","100,000","-4,200,000","800,000","300,000","400,000","-200,000","-100,000","-100,000","0","-300,000","-200,000","-200,000","-200,000","-400,000","0","-200,000","0","0","-500,000","2,600,000","2,600,000","-4,300,000","2,000,000","2,000,000","2,000,000"
NetNonOperatingInterestIncomeExpense,"-10,919,000","-3,480,000","-2,944,000","-2,513,000","-1,982,000","-1,738,000","-1,705,000","-1,658,000","-1,719,000","-1,943,000","-2,024,000","-2,081,000","-2,004,000","-1,988,000","-2,110,000","-1,981,000","-1,804,000","-1,621,000","-1,482,000","-1,324,000","-1,172,000","-1,029,000","-1,060,000","-1,036,000","-944,000","-923,000","-831,000","-792,000","-760,000","-720,000","-788,000","-721,000","-675,000","-706,000","-779,000","-722,000","-790,000","-781,000","-795,000","11,317,000","11,050,000","10,424,000","10,749,000","10,104,000","9,758,000","9,111,000","9,345,000","8,421,000","7,891,000","7,402,000","7,414,000","6,543,000","6,496,000","-20,059,000","4,850,000",,,,,,,,,,,,,,,,,,,,,,,,,,,,,,,,,,,,,,,,,,,,,,,,,,,,,,,,,,,,,,,,,,,,,,,,,,,,,,,,,,
	InterestIncomeNonOperating,,,,,,,,,,,,,,,,,,,,,,,,,,,,,,,,,,,,,,,,"12,025,000","11,703,000","11,033,000","11,408,000","10,679,000","10,200,000","9,517,000","9,794,000","9,224,000","8,858,000","8,063,000","8,049,000","7,319,000","6,743,000",,"6,533,000",,,,,,,,,,,,,,,,,,,,,,,,,,,,,,,,,,,,,,,,,,,,,,,,,,,,,,,,,,,,,,,,,,,,,,,,,,,,,,,,,,
	InterestExpenseNonOperating,"10,919,000","3,480,000","2,944,000","2,513,000","1,982,000","1,738,000","1,705,000","1,658,000","1,719,000","1,943,000","2,024,000","2,081,000","2,004,000","1,988,000","2,110,000","1,981,000","1,804,000","1,621,000","1,482,000","1,324,000","1,172,000","1,029,000","1,060,000","1,036,000","944,000","923,000","831,000","792,000","760,000","720,000","788,000","721,000","675,000","706,000","779,000","722,000","790,000","781,000","795,000","708,000","653,000","609,000","659,000","575,000","442,000","406,000","449,000","803,000","967,000","661,000","635,000","776,000","247,000","521,000","1,683,000",,,,,,,,,,,,,,,,,,,,,,,,,,,,,,,,,,,,,,,,,,,,,,,,,,,,,,,,,,,,,,,,,,,,,,,,,,,,,,,,,,
OtherIncomeExpense,"-149,000","-61,000","-42,000","-44,000","-2,000","-2,000","-22,000","64,000",,"153,000",,"-2,000","-37,000","3,000","100,000","-12,000",,"97,000","-84,000","-57,000","-47,000","-798,000","-7,000","1,000","-400,000","-323,000","-27,000","-19,000",,"3,000",,"-20,000",,"0","-37,000","2,000","-41,000","-58,000",,,,,,,,"452,000","-507,000",,,,,,,,,,,"-154,000","-373,000",,,,,,,,,,,,,,,,,,,,,,,"0",,"-6,259,737","-14,050,181","12,099,163","84,335","1,162,393","2,228,178","12,103,460",,"10,400,000","800,000","2,400,000","22,600,000","4,400,000","4,400,000","6,100,000","200,000","600,000","700,000","0","-5,100,000","300,000","15,500,000","1,400,000","-1,000,000","-100,000","21,100,000","-2,700,000",,,,,,,,,,,,"4,700,000","100,000",,"100,000","200,000",,"100,000",,"0","100,000",,,,,,
	SpecialIncomeCharges,"-149,000","-61,000","-42,000","-44,000","-2,000","-2,000","-22,000","64,000","0","153,000","0","-2,000","-37,000","3,000","100,000","-12,000","0","97,000","-84,000","-57,000","-47,000","-798,000","-7,000","1,000","-400,000","-323,000","-27,000","-19,000",,"3,000","0","-20,000","0","0","-37,000","2,000","-41,000","-58,000",,,,,,,,"452,000","-507,000",,,,,,,,,,,"-154,000","-373,000",,,,,,,,,,,,,,,,,,,,,,,"0",,"-6,259,737","-14,050,181","11,961,234","84,335","1,162,393","2,228,178","12,103,460",,"10,400,000","800,000","2,400,000","22,600,000","4,400,000","4,400,000","6,100,000","200,000","600,000","700,000","0","-5,100,000","300,000","15,500,000","1,400,000","-1,000,000","-100,000","21,100,000","-2,700,000",,,,,,,,,,,,"4,700,000","100,000",,"100,000","200,000",,"100,000",,"0","100,000",,,,,,
		RestructuringAndMergernAcquisition,,,,,,,,,,,,,,,,,,,,,,,,,,,,,,,,,,,,,,,,,,,,,,,,,,,,,,,,,,,"373,000",,,,,,,,,,,,,,,,,,,,,,,"0",,"2,732,106",,,,,,,,,,,,,,,,,,,,,,,,,,,,,,,,,,,,,,,,,,,,,,,,,,,,,
		OtherSpecialCharges,,,,,,,,,,,,,,,,,,,,,,,,,,,,,,,,,,,,,,,,,,,,,,,"507,000",,,,,,,,,,,,,,,,,,,,,,,,,,,,,,,,,,,"0",,"3,527,631",,,,,,,,,,,,,,,,,,,,,,,,,,,,,,,,,,,,,,,,,,,,,,,,,,,,,
		GainOnSaleOfPPE,"-149,000","-61,000","-42,000","-44,000","-2,000","-2,000","-22,000","64,000","0","153,000","0","-2,000","-37,000","3,000","100,000","-12,000","0","97,000","-84,000","-57,000","-47,000","-798,000","-7,000","1,000","-400,000","-323,000","-27,000","-19,000",,"3,000","0","-20,000","0","0","-37,000","2,000","-41,000","-58,000",,,,,,,,,,,,,,,,,,,,,,,,,,,,,,,,,,,,,,,,,,,,,,,,,,,,,,,,,,,,,,,,,,,,,,,,,,,,,,,,,,,,,,,,,,,,,,,,,,,
PretaxIncome,"120,402,000","34,339,000","24,794,000","29,511,000","31,758,000","55,403,000","25,749,000","27,750,000","25,539,000","10,888,000","15,667,000","17,957,000","19,839,000","18,328,000","14,276,000","14,114,000","13,133,000","13,661,000","5,823,000","8,533,000","10,889,000","8,378,000","4,523,000","8,003,000","11,338,000","5,368,000","6,541,000","-774,000","7,363,000","11,676,000","11,760,000","11,982,000","11,616,000","10,067,000","2,419,000","9,216,000","11,970,000","13,552,000","12,510,000","11,613,000","12,981,000","15,273,000","11,740,000","12,516,000","13,250,000","13,501,000","9,022,000","9,847,000","12,676,000","11,068,000","9,885,000","9,939,000","11,059,000","7,740,000","5,735,000","6,167,000","8,314,000","9,341,000","5,196,000","5,255,000","3,371,000","2,242,000","-93,000","-3,061,000","6,595,718","7,246,187","7,065,470","4,449,180","7,759,908","6,842,149","6,864,472","6,956,000","7,821,316","7,352,935","4,452,319","6,046,303","6,949,395","5,857,140","5,218,891","4,848,247","5,588,565","-2,616,145","3,952,596","-2,736,864","2,024,250","1,081,257","1,646,099","2,977,593","5,015,578","5,941,870","2,800,000","12,400,000","3,800,000","5,100,000","19,200,000","800,000","1,500,000","1,100,000",,"-400,000","-500,000","-1,300,000","-5,800,000","-700,000","14,800,000","-400,000","-1,800,000",,"18,800,000","-9,700,000","-7,100,000",,,,,,,"-100,000","-300,000",,,,,,,,,,"-200,000","-500,000","-600,000",,,,,,
TaxProvision,"27,095,000","7,662,000","6,024,000","6,618,000","6,791,000","11,906,000","5,867,000","6,554,000","5,975,000","1,629,000","2,981,000","4,070,000","4,328,000","3,762,000","3,381,000","2,833,000","2,249,000","3,492,000","-7,556,000","2,564,000","3,897,000","3,136,000","1,687,000","2,985,000","4,229,000","2,005,000","2,439,000","-289,000","2,747,000","4,426,000","4,299,000","4,463,000","4,356,000","3,754,000","949,000","3,411,000","4,429,000","4,763,000","4,530,000","4,335,000","4,863,000","5,632,000","4,436,000","4,756,000","4,968,000","5,128,000","3,334,000","3,658,000","4,711,000","3,848,000","3,606,000","3,627,000","4,031,000","2,622,000","2,100,000","2,296,000","3,033,000","3,293,000","1,818,000","1,789,000","1,230,000","187,000","-43,000","-1,133,000","2,440,808","2,693,104","2,600,634","1,649,973","2,872,466","2,523,141","2,530,812","2,565,000","2,888,602","2,717,664","1,642,681","2,231,173","2,569,988","2,109,223","1,935,349","1,747,846","2,151,682","419,678","1,593,078","-709,071","830,352","431,906","649,750","1,427,607","2,248,436","2,805,451","1,300,000","4,800,000","1,200,000","1,700,000","6,600,000","300,000","500,000","500,000","-100,000","-300,000","-200,000","-600,000","-2,300,000","-200,000","1,200,000","-4,200,000","-300,000",,"8,100,000","500,000","-1,600,000",,,,,,,"-100,000","-100,000",,,,,,,,,,"-100,000","0","-100,000",,,,,,
NetIncomeCommonStockholders,"93,267,000","26,667,000","18,760,000","22,883,000","24,957,000","43,487,000","19,872,000","21,186,000","19,554,000","9,249,000","12,676,000","13,877,000","15,501,000","14,556,000","10,885,000","11,271,000","10,874,000","10,159,000","13,369,000","5,959,000","6,982,000","5,232,000","2,826,000","5,008,000","7,099,000","3,353,000","4,092,000","-495,000","4,606,000","7,240,000","7,451,000","7,509,000","7,250,000","6,303,000","1,460,000","5,795,000","7,531,000","8,779,000","7,970,000","7,268,000","8,108,000","9,631,000","7,294,000","7,750,000","8,272,000","8,363,000","5,678,000","6,179,000","7,955,000","7,210,000","6,269,000","6,302,000","7,018,000","5,118,000","3,635,000","3,871,000","5,281,000","6,048,000","3,378,000","3,466,000","2,141,000","2,055,000","-50,000","-1,928,000","4,154,910","4,553,083","4,464,836","2,799,207","4,887,442","4,319,008","4,333,660","4,391,000","4,932,714","4,635,271","2,809,638","3,815,130","4,544,407","3,747,917","3,283,542","3,356,243","3,687,227","-3,060,127","2,528,512","-14,967,297","1,193,898","649,351","996,349","1,549,986","2,767,142","3,136,419","1,500,000","7,600,000","2,600,000","3,400,000","12,600,000","500,000","1,000,000","600,000",,"-100,000","-300,000","-700,000","-3,500,000","-500,000","13,600,000","3,800,000","-1,500,000","-700,000","10,700,000","-10,200,000","-5,500,000","-3,000,000","-1,500,000","-1,200,000","-600,000","-300,000","-100,000","0","-200,000","-100,000","-100,000","3,200,000","-300,000","-300,000","-200,000","-600,000","-200,000","-300,000","-100,000","-500,000","-500,000",,,,,,
	NetIncome,"93,307,000","26,677,000","18,770,000","22,893,000","24,967,000","43,497,000","19,882,000","21,196,000","19,564,000","9,259,000","12,686,000","13,887,000","15,511,000","14,566,000","10,895,000","11,281,000","10,884,000","10,169,000","13,379,000","5,969,000","6,992,000","5,242,000","2,836,000","5,018,000","7,109,000","3,363,000","4,102,000","-485,000","4,616,000","7,250,000","7,461,000","7,519,000","7,260,000","6,313,000","1,470,000","5,805,000","7,541,000","8,789,000","7,980,000","7,278,000","8,118,000","9,641,000","7,304,000","7,760,000","8,282,000","8,373,000","5,688,000","6,189,000","7,965,000","7,220,000","6,279,000","6,312,000","7,028,000","5,118,000","3,635,000","3,871,000","5,281,000","6,048,000","3,378,000","3,466,000","2,141,000","2,055,000","-50,000","-1,928,000","4,154,910","4,553,083","4,464,836","2,799,207","4,887,442","4,319,008","4,333,660","4,391,000","4,932,714","4,635,271","2,809,638","3,815,130","4,544,407","3,747,917","3,283,542","3,356,243","3,687,227","-3,060,127","2,528,512","-14,967,297","1,193,898","649,351","996,349","1,549,986","2,767,142","3,136,419","1,500,000","7,600,000","2,600,000","3,400,000","12,600,000","500,000","1,000,000","600,000",,"-100,000","-300,000","-700,000","-3,500,000","-500,000","13,600,000","3,800,000","-1,500,000","-700,000","10,700,000","-10,200,000","-5,500,000","-3,000,000","-1,500,000","-1,200,000","-600,000","-300,000","-100,000","0","-200,000","-100,000","-100,000","3,200,000","-300,000","-300,000","-200,000","-600,000","-200,000","-300,000","-100,000","-500,000","-500,000",,,,,,
		NetIncomeIncludingNoncontrollingInterests,"93,307,000","26,677,000","18,770,000","22,893,000","24,967,000","43,497,000","19,882,000","21,196,000","19,564,000","9,259,000","12,686,000","13,887,000","15,511,000","14,566,000","10,895,000","11,281,000","10,884,000","10,169,000","13,379,000","5,969,000","6,992,000","5,242,000","2,836,000","5,018,000","7,109,000","3,363,000","4,102,000","-485,000","4,616,000","7,250,000","7,461,000","7,519,000","7,260,000","6,313,000","1,470,000","5,805,000","7,541,000","8,789,000","7,980,000","7,278,000","8,118,000","9,641,000","7,304,000","7,760,000","8,282,000","8,373,000","5,688,000","6,189,000","7,965,000","7,220,000","6,279,000","6,312,000","7,028,000","5,118,000","3,635,000","3,871,000","5,281,000","6,048,000","3,378,000","3,466,000","2,141,000","2,055,000","-50,000","-1,928,000","4,154,910","4,553,083","4,464,836","2,799,207","4,887,442","4,319,008","4,333,660","4,391,000","4,932,714","4,635,271","2,809,638","3,815,130","4,544,407","3,747,917","3,283,542","3,356,243","3,687,227","-2,929,986","2,666,841","-14,841,595","829,845","98,779","852,329","1,881,442","3,262,348","3,714,776","1,800,000","7,400,000","2,600,000","2,400,000","12,600,000","600,000","1,200,000","900,000",,"-100,000","-300,000","-700,000","-3,500,000","-500,000","13,600,000","3,800,000","-1,500,000","-700,000","10,700,000","-10,200,000","-5,500,000","-3,000,000","-1,500,000","-1,200,000","-600,000","-300,000","-100,000","0","-200,000","-100,000","-100,000","3,200,000","-300,000","-300,000","-200,000","-600,000","-200,000","-300,000","-100,000","-500,000","-500,000","-400,000","-400,000","300,000","300,000","300,000","200,000"
			NetIncomeContinuousOperations,"93,307,000","26,677,000","18,770,000","22,893,000","24,967,000","43,497,000","19,882,000","21,196,000","19,564,000","9,259,000","12,686,000","13,887,000","15,511,000","14,566,000","10,895,000","11,281,000","10,884,000","10,169,000","13,379,000","5,969,000","6,992,000","5,242,000","2,836,000","5,018,000","7,109,000","3,363,000","4,102,000","-485,000","4,616,000","7,250,000","7,461,000","7,519,000","7,260,000","6,313,000","1,470,000","5,805,000","7,541,000","8,789,000","7,980,000","7,278,000","8,118,000","9,641,000","7,304,000","7,760,000","8,282,000","8,373,000","5,688,000","6,189,000","7,965,000","7,220,000","6,279,000","6,312,000","7,028,000","5,118,000","3,635,000","3,871,000","5,281,000","6,048,000","3,378,000","3,466,000","2,141,000","2,055,000","-50,000","-1,928,000","4,154,910","4,553,083","4,464,836","2,799,207","4,887,442","4,319,008","4,333,660","4,391,000","4,932,714","4,635,271","2,809,638","3,815,130","4,379,407","3,747,917","3,283,542","3,100,401","3,436,883","-3,165,964","2,221,189","-2,153,495","1,193,898","649,351","996,349","1,549,986","2,767,142","3,136,419","1,500,000","7,600,000","2,600,000","3,400,000","12,600,000","500,000","1,000,000","600,000",,"-100,000","-300,000","-700,000","-3,500,000","-500,000","13,600,000","3,800,000","-1,500,000","-700,000","10,700,000","-10,200,000","-5,500,000","-3,000,000","-1,500,000","-1,000,000","-600,000","-300,000","-100,000","0","-200,000","-100,000","-100,000","3,200,000","-300,000","-300,000","-200,000","-600,000","-200,000","-300,000","-100,000","-500,000","-500,000","-400,000","-400,000","300,000","300,000","300,000","200,000"
			NetIncomeDiscontinuousOperations,,,,,,,,,,,,,,,,,,,,,,,,,,,,,,,,,,,,,,,,,,,,,,,,,,,,,,,,,,,,,,,,,,,,,,,,,,"0",,,"165,000","0",,"255,842","250,344","105,837","307,323","-12,813,802",,,,,,,,,,,,,,,,,,,,,,,,,,,,,,,,,,,,,,,,,,,,,,,,,,,,,
		MinorityInterests,,,,,,,,,,,,,,,,,,,,,,,,,,,,,,,,,,,,,,,,,,,,,,,,,,,,,,,,,,,,,,,,,,,,,,,,,,,,,,,,,,"-130,141","-138,329","-125,702","364,053","550,572","144,020","-331,456","-495,206","-578,357","-300,000","200,000",,"1,000,000",,"-100,000","-200,000",,,,,,,,,,,,,,,,,,,,,,,,,,,,,,,,,,,,,,,,
	PreferredStockDividends,"40,000","10,000","10,000","10,000","10,000","10,000","10,000","10,000","10,000","10,000","10,000","10,000","10,000","10,000","10,000","10,000","10,000","10,000","10,000","10,000","10,000","10,000","10,000","10,000","10,000","10,000","10,000","10,000","10,000","10,000","10,000","10,000","10,000","10,000","10,000","10,000","10,000","10,000","10,000","10,000","10,000","10,000","10,000","10,000","10,000","10,000","10,000","10,000","10,000","10,000","10,000","10,000","10,000",,,,,,,,,,,,,,,,,,,,,,,,,,,,,,,,,,,,,,,,,,,,,,,,,,,,,,,,,,,,,,,,,,,,,,,,,,,,,,,,,,,,
DilutedNIAvailtoComStockholders,"93,267,000","26,667,000","18,760,000","22,883,000","24,957,000","43,487,000","19,872,000","21,186,000","19,554,000","9,249,000","12,676,000","13,877,000","15,501,000","14,556,000","10,885,000","11,271,000","10,874,000","10,159,000","13,369,000","5,959,000","6,982,000","5,232,000","2,826,000","5,008,000","7,099,000","3,353,000","4,092,000","-495,000","4,606,000","7,240,000","7,451,000","7,509,000","7,250,000","6,303,000","1,460,000","5,795,000","7,531,000","8,779,000","7,970,000","7,268,000","8,108,000","9,631,000","7,294,000","7,750,000","8,272,000","8,363,000","5,678,000","6,179,000","7,955,000","7,210,000","6,269,000","6,302,000","7,018,000","5,118,000","3,635,000","3,871,000","5,281,000","6,048,000","3,378,000","3,466,000","2,141,000","2,055,000","-50,000","-1,928,000","4,154,910","4,553,083","4,464,836","2,799,207","4,887,442","4,319,008","4,333,660","4,391,000","4,932,714","4,635,271","2,809,638","3,815,130","4,544,407","3,747,917","3,283,542","3,356,243","3,687,227","-3,060,127","2,528,512","-14,967,297","1,193,898","649,351","996,349","1,549,986","2,767,142","3,136,419","1,500,000","7,600,000","2,600,000","3,400,000","12,600,000","500,000","1,000,000","600,000",,"-100,000","-300,000","-700,000","-3,500,000","-500,000","13,600,000","3,800,000","-1,500,000","-700,000","10,700,000","-10,200,000","-5,500,000","-3,000,000","-1,500,000","-1,200,000","-600,000","-300,000","-100,000","0","-200,000","-100,000","-100,000","3,200,000","-300,000","-300,000","-200,000","-600,000","-200,000","-300,000","-100,000","-500,000","-500,000",,,,,,
BasicEPS,,"4.16","2.89","3.5","3.78","6.57","3","3.2","2.95","1.4","1.92","2.1","2.32","2.17","1.61","1.64","1.57","1.47","1.88","0.82","0.92","0.68","0.36","0.64","0.89","0.41","0.49","-0.06","0.54","0.85","0.87","0.87","0.83","0.72","0.16","0.64","0.83","0.97","0.88","0.8","0.87",,"0.76","0.79","0.81","0.79","1.67","0.57","0.71",,"0.54","0.54","0.6",,"0.31","0.33","0.45",,"0.29","0.29","0.18",,"0","-0.16","0.35",,"0.38","0.24","0.41",,"0.367","0.373","0.42",,"0.247","0.34","0.413",,"0.313","0.32","0.353",,"0.247","-1.48","0.113",,"0.087","0.133","0.227",,"0.113","0.527","0.173",,"0.847","0.033","0.067",,,"-0.007","-0.02",,"-0.227","-0.027","0.774",,"-0.087","-0.04","0.58",,"-0.24","-0.138","-0.071",,"-0.067","-0.04","-0.02",,"-0.04","-0.013","-0.013",,"-0.06","-0.053","-0.04",,"-0.027","-0.06","-0.027",,"-0.08","-0.08","-0.073",,"0.08","0.067","0.067"
DilutedEPS,,"4.01","2.77","3.33","3.57","6.19","2.85","3.05","2.83","1.35","1.83","2","2.21","2.07","1.55","1.58","1.53","1.43","1.82","0.79","0.9","0.66","0.35","0.62","0.87","0.4","0.47","-0.06","0.52","0.81","0.82","0.83","0.79","0.68","0.16","0.61","0.79","0.92","0.84","0.76","0.83",,"0.73","0.77","0.78","0.78","1.65","0.56","0.7",,"0.53","0.53","0.6",,"0.31","0.33","0.45",,"0.28","0.29","0.18",,"0","-0.16","0.35",,"0.37","0.23","0.41",,"0.36","0.367","0.413",,"0.233","0.32","0.38",,"0.28","0.287","0.307",,"0.233","-1.48","0.113",,"0.087","0.127","0.213",,"0.107","0.507","0.167",,"0.807","0.033","0.067",,,"-0.007","-0.02",,"-0.227","-0.027","0.774",,"-0.087","-0.04","0.58",,"-0.24","-0.138","-0.071",,"-0.067","-0.04","-0.02",,"-0.04","-0.013","-0.013",,"-0.06","-0.053","-0.04",,"-0.027","-0.06","-0.027",,"-0.08","-0.08","-0.073",,"0.08","0.067","0.067"
BasicAverageShares,,"6,414,229","6,487,310","6,529,846","6,604,194","6,620,372","6,634,125","6,627,780","6,632,445","6,616,305","6,597,643","6,621,562","6,684,282","6,699,772","6,751,026","6,865,060","6,924,035","6,907,409","7,106,715","7,354,499","7,548,846","7,737,420","7,893,737","7,833,061","7,948,925","8,123,456","8,367,728","8,471,918","8,513,440","8,561,513","8,587,761","8,604,003","8,716,344","8,761,994","8,917,826","9,016,820","9,020,228","9,017,440","9,017,613","9,105,921","9,304,743",,"9,610,125","9,776,817","10,271,359","10,561,615","11,731,674","10,892,177","11,223,777",,"11,732,822","11,732,151","11,730,049",,"11,780,402","11,760,421","11,707,243",,"11,850,841","11,878,273","11,875,782",,"11,852,875","11,844,101","11,850,796",,"11,864,475","11,855,982","11,845,236",,"11,751,054","11,714,521","11,664,267",,"11,451,333","11,268,601","10,942,396",,"10,494,054","10,495,753","10,452,223",,"10,121,187","10,097,026","10,302,811",,"11,212,170","11,872,078","12,269,086",,"13,185,735","10,523,788","10,523,788",,"14,874,453","11,274,591","11,274,591",,,"11,197,779","11,197,779",,"15,433,460","17,577,418","17,577,418",,"17,299,043","17,491,254","18,439,056",,"16,119,940","8,979,010","8,979,010",,"4,997,501","4,997,501","4,997,501",,"4,997,501","7,496,252","7,496,252",,"4,997,501","5,622,189","4,997,501",,"7,496,252","4,997,501","3,748,126",,"6,246,877",,,,,,
DilutedAverageShares,,"6,649,964","6,779,641","6,863,273","6,997,935","7,028,537","6,966,188","6,935,707","6,915,596","6,872,769","6,940,124","6,952,667","7,016,752","7,021,160","7,003,389","7,132,217","7,126,685","7,086,084","7,345,428","7,555,026","7,768,310","7,941,504","8,175,754","8,136,961","8,185,077","8,335,751","8,615,757","8,471,918","8,909,597","8,992,402","9,036,086","9,022,437","9,143,062","9,213,030","9,370,635","9,484,654","9,492,852","9,494,167","9,451,473","9,579,409","9,752,069",,"9,998,290","10,081,274","10,579,824","10,790,120","11,848,781","11,117,087","11,436,613",,"11,891,168","11,862,679","11,792,496",,"11,828,215","11,825,806","11,790,086",,"11,921,694","11,961,639","11,967,690",,"11,852,875","11,844,101","11,983,528",,"12,011,480","12,030,908","12,040,944",,"12,040,747","12,023,785","11,996,943",,"11,991,645","11,925,912","11,864,250",,"11,691,135","11,713,068","11,905,512",,"10,723,717","10,097,026","10,558,123",,"11,652,495","12,449,053","12,873,009",,"13,769,616","10,523,788","10,523,788",,"15,612,029","11,274,591","11,274,591",,,"11,197,779","11,197,779",,"15,433,460","17,577,418","17,577,418",,"17,299,043","17,491,254","18,439,056",,"16,119,940","8,979,010","8,979,010",,"4,997,501","4,997,501","4,997,501",,"4,997,501","7,496,252","7,496,252",,"4,997,501","5,622,189","4,997,501",,"7,496,252","4,997,501","3,748,126",,"6,246,877",,,,,,
TotalExpenses,"1,080,895,000","313,957,000","264,118,000","256,233,000","246,587,000","221,936,000","200,784,000","194,016,000","160,653,000","183,011,000","169,043,000","170,270,000","149,998,000","156,569,000","144,768,000","151,064,000","149,078,000","154,266,000","139,825,000","139,204,000","134,310,000","142,712,000","133,194,000","141,172,000","133,158,000","148,135,000","130,064,000","132,967,000","134,567,000","125,218,000","118,952,000","121,111,000","115,085,000","111,851,000","119,353,000","111,495,000","109,743,000","111,144,000","105,617,000","97,898,000","96,366,000","97,508,000","92,966,000","97,716,000","86,832,000","89,933,000","82,591,000","81,185,000","77,817,000","77,080,000","73,285,000","71,846,000","72,449,000","69,609,000","66,034,000","64,706,000","66,654,000","66,490,000","64,810,000","62,168,000","54,526,000","56,181,000","58,374,000","61,673,000","54,693,516","54,482,325","50,491,787","50,312,938","49,940,973","48,034,464","41,009,594","43,272,000","42,760,951","40,153,445","37,106,454","36,963,609","36,045,387","36,034,704","32,719,432","32,960,405","29,971,789","36,729,526","26,311,554","27,397,097","56,007,215","84,921,556","72,810,917","79,525,868","71,417,590","73,908,737","51,500,000","41,100,000","43,200,000","46,900,000","21,400,000","17,500,000","18,500,000","16,600,000","1,300,000","1,100,000","1,200,000","1,400,000","700,000","900,000","600,000","1,900,000","700,000","700,000","1,200,000","4,800,000","5,300,000",,,,,,,"600,000","500,000","500,000","500,000","3,300,000","2,900,000","3,000,000","3,100,000","3,300,000","3,400,000","4,100,000","3,200,000","3,500,000","3,700,000",,,,,,
NetIncomeFromContinuingAndDiscontinuedOperation,"93,307,000","26,677,000","18,770,000","22,893,000","24,967,000","43,497,000","19,882,000","21,196,000","19,564,000","9,259,000","12,686,000","13,887,000","15,511,000","14,566,000","10,895,000","11,281,000","10,884,000","10,169,000","13,379,000","5,969,000","6,992,000","5,242,000","2,836,000","5,018,000","7,109,000","3,363,000","4,102,000","-485,000","4,616,000","7,250,000","7,461,000","7,519,000","7,260,000","6,313,000","1,470,000","5,805,000","7,541,000","8,789,000","7,980,000","7,278,000","8,118,000","9,641,000","7,304,000","7,760,000","8,282,000","8,373,000","5,688,000","6,189,000","7,965,000","7,220,000","6,279,000","6,312,000","7,028,000","5,118,000","3,635,000","3,871,000","5,281,000","6,048,000","3,378,000","3,466,000","2,141,000","2,055,000","-50,000","-1,928,000","4,154,910","4,553,083","4,464,836","2,799,207","4,887,442","4,319,008","4,333,660","4,391,000","4,932,714","4,635,271","2,809,638","3,815,130","4,544,407","3,747,917","3,283,542","3,356,243","3,687,227","-3,060,127","2,528,512","-14,967,297","1,193,898","649,351","996,349","1,549,986","2,767,142","3,136,419","1,500,000","7,600,000","2,600,000","3,400,000","12,600,000","500,000","1,000,000","600,000",,"-100,000","-300,000","-700,000","-3,500,000","-500,000","13,600,000","3,800,000","-1,500,000","-700,000","10,700,000","-10,200,000","-5,500,000","-3,000,000","-1,500,000","-1,200,000","-600,000","-300,000","-100,000","0","-200,000","-100,000","-100,000","3,200,000","-300,000","-300,000","-200,000","-600,000","-200,000","-300,000","-100,000","-500,000","-500,000",,,,,,
NormalizedIncome,"93,422,469.369","26,724,389.178","18,801,795.596","22,927,132.764","24,968,572","43,498,570.204","19,898,987.223","21,147,115.532","19,564,000","9,128,890.981","12,686,000","13,888,546.695","15,539,934","14,563,615.779","10,818,683.105","11,290,591.328","10,884,000","10,096,794.964","13,440,320","6,008,872.612","7,022,174","5,741,297.684","2,840,389.122","5,017,372.985","7,359,802.611","3,565,356.371","4,118,932.273","-473,094.315","4,616,000","7,248,137.205","7,461,000","7,531,550.492","7,260,000","6,313,000","1,492,484.498","5,803,740.234","7,566,829.657","8,789,000","7,980,000","7,278,000","8,118,000","9,641,000","7,304,000","7,760,000","8,282,000","8,092,680.32","6,007,642.651","6,189,000","7,965,000","7,220,000","6,279,000","6,312,000","7,028,000","5,118,000","3,635,000","3,871,000","5,281,000","6,147,710.095","3,620,493.072","3,466,000","2,141,000","2,055,000","-50,000","-1,928,000","4,154,910","4,553,083","4,464,836","2,799,207","4,887,442","4,319,008","4,333,660","4,391,000","4,932,714","4,635,271","2,809,638","3,815,130","4,379,407","3,747,917","3,283,542","3,100,401","3,436,883","-3,165,964","2,221,189","2,484,459.561","9,624,006.6","-6,533,991.405","945,302.804","852,550.2","1,430,235.2","-4,125,657","1,500,000","1,225,806.452","2,052,631.579","1,800,000","-2,231,250","-2,250,000","-1,933,333.333","-3,060,000",,"-460,000","-720,000","-700,000","-422,413.793","-714,285.714","-643,243.243","2,960,000","-666,666.667","-640,000","-1,960,000","-8,580,000","-5,500,000","-3,000,000","-1,500,000","-1,000,000","-600,000","-300,000","-100,000","0","-200,000","-100,000","-100,000","380,000","-360,000","-300,000","-260,000","-720,000","-200,000","-360,000","-100,000","-500,000","-583,333.333",,,,,,
InterestIncome,,,,,,,,,,,,,,,,,,,,,,,,,,,,,,,,,,,,,,,,"12,025,000","11,703,000","11,033,000","11,408,000","10,679,000","10,200,000","9,517,000","9,794,000","9,224,000","8,858,000","8,063,000","8,049,000","7,319,000","6,743,000",,"6,533,000",,,,,,,,,,,,,,,,,,,,,,,,,,,,,,,,,,,,,,,,,,,,,,,,,,,,,,,,,,,,,,,,,,,,,,,,,,,,,,,,,,
InterestExpense,"10,919,000","3,480,000","2,944,000","2,513,000","1,982,000","1,738,000","1,705,000","1,658,000","1,719,000","1,943,000","2,024,000","2,081,000","2,004,000","1,988,000","2,110,000","1,981,000","1,804,000","1,621,000","1,482,000","1,324,000","1,172,000","1,029,000","1,060,000","1,036,000","944,000","923,000","831,000","792,000","760,000","720,000","788,000","721,000","675,000","706,000","779,000","722,000","790,000","781,000","795,000","708,000","653,000","609,000","659,000","575,000","442,000","406,000","449,000","803,000","967,000","661,000","635,000","776,000","247,000","521,000","1,683,000",,,,,,,,,,,,,,,,,,,,,,,,,,,,,,,,,,,,,,,,,,,,,,,,,,,,,,,,,,,,,,,,,,,,,,,,,,,,,,,,,,
NetInterestIncome,"-10,919,000","-3,480,000","-2,944,000","-2,513,000","-1,982,000","-1,738,000","-1,705,000","-1,658,000","-1,719,000","-1,943,000","-2,024,000","-2,081,000","-2,004,000","-1,988,000","-2,110,000","-1,981,000","-1,804,000","-1,621,000","-1,482,000","-1,324,000","-1,172,000","-1,029,000","-1,060,000","-1,036,000","-944,000","-923,000","-831,000","-792,000","-760,000","-720,000","-788,000","-721,000","-675,000","-706,000","-779,000","-722,000","-790,000","-781,000","-795,000","11,317,000","11,050,000","10,424,000","10,749,000","10,104,000","9,758,000","9,111,000","9,345,000","8,421,000","7,891,000","7,402,000","7,414,000","6,543,000","6,496,000","-20,059,000","4,850,000",,,,,,,,,,,,,,,,,,,,,,,,,,,,,,,,,,,,,,,,,,,,,,,,,,,,,,,,,,,,,,,,,,,,,,,,,,,,,,,,,,
EBIT,"131,321,000","37,819,000","27,738,000","32,024,000","33,740,000","57,141,000","27,454,000","29,408,000","27,258,000","12,831,000","17,691,000","20,038,000","21,843,000","20,316,000","16,386,000","16,095,000","14,937,000","15,282,000","7,305,000","9,857,000","12,061,000","9,407,000","5,583,000","9,039,000","12,282,000","6,291,000","7,372,000","18,000","8,123,000","12,396,000","12,548,000","12,703,000","12,291,000","10,773,000","3,198,000","9,938,000","12,760,000","14,333,000","13,305,000","12,321,000","13,634,000","15,882,000","12,399,000","13,091,000","13,692,000","13,907,000","9,471,000","10,650,000","13,643,000","11,729,000","10,520,000","10,715,000","11,306,000","8,261,000","7,418,000","7,277,000","9,007,000","28,173,000","67,000","6,075,000","4,181,000","3,217,000","934,000","-2,134,000","7,497,574","7,968,690","7,756,357","5,016,072","8,237,876","7,209,484","7,209,813","3,422,000","8,048,717","7,552,173","4,746,343","3,233,388","7,265,061","6,175,974","5,580,097","5,317,189","6,125,357","-11,314,835","4,608,950","4,370,436","8,708,613","-18,840,028","-4,649,221","-3,906,900","-2,925,752","-11,884,472","-2,100,000","-700,000","300,000","-9,100,000","-1,700,000","-2,000,000","-1,400,000","-3,400,000","-100,000","-1,000,000","-1,100,000","-1,400,000","-600,000","-800,000","-500,000","-1,900,000","-600,000","-600,000","-1,100,000","-4,800,000","-5,200,000","100,000","100,000","-4,200,000","800,000","300,000","400,000","-200,000","-100,000","-100,000","0","-300,000","-200,000","-200,000","-200,000","-400,000","0","-200,000","0","0","-500,000","2,600,000","2,600,000","-4,300,000","2,000,000","2,000,000","2,000,000"
EBITDA,"135,354,000"
ReconciledCostOfRevenue,"663,631,000","196,452,000","157,248,000","157,167,000","152,764,000","148,773,000","118,816,000","116,690,000","94,874,000","102,260,000","97,504,000","99,826,000","88,885,000","92,624,000","81,740,000","85,366,000","84,168,000","89,493,000","74,951,000","75,623,000","75,206,000","79,581,000","71,836,000","77,997,000","75,513,000","85,501,000","72,702,000","71,596,000","75,087,000","72,147,000","66,672,000","68,156,000","65,471,000","63,782,000","62,092,000","62,823,000","62,789,000","65,765,000","60,941,000","56,204,000","56,185,000","59,725,000","54,298,000","57,807,000","51,562,000","54,129,000","48,154,000","47,270,000","46,433,000","45,265,000","42,441,000","42,318,000","43,082,000","41,111,000","38,094,000","37,437,000","39,027,000","40,097,000","36,874,000","36,028,000","31,538,000","31,308,000","31,288,000","31,140,754","31,336,146","32,436,546","29,636,023","28,114,524","29,260,574","27,944,465","23,257,906","25,325,348","25,242,363","23,496,478","19,882,443","21,195,825","20,935,751","21,245,519","19,011,745","19,066,304","17,749,726","17,416,028","14,506,250","16,559,102","38,189,494","46,285,814","39,803,981","44,263,322","38,879,279","40,738,778","29,200,000","22,300,000","25,100,000","26,400,000","11,400,000","10,000,000","10,400,000",,,,,,,,,"800,000",,,"200,000","6,200,000","900,000",,,,,,,"300,000","200,000","200,000","200,000","2,400,000","2,100,000","2,100,000","2,200,000","2,400,000","2,500,000","3,300,000","2,400,000","2,700,000","2,700,000",,,,,,
ReconciledDepreciation,"4,033,000","1,210,000","950,000","958,000","915,000","947,000","906,000","928,000","938,000","926,000","975,000","971,000","967,000","1,020,000","985,000","979,000","985,000","1,006,000","1,057,000","1,108,000","1,079,000","1,037,000","1,059,000","1,080,000","1,096,000","1,152,000","1,008,000","1,038,000","1,010,000","1,048,000","935,000","929,000","918,000","878,000","835,000","795,000","777,000","756,000","712,000","696,000","662,000","632,000","594,000","565,000","538,000","523,000","485,000","464,000","456,000","451,000","439,000","412,000","392,000","386,000","352,000","338,000","319,000","300,000","296,000","278,000","274,000","269,000","255,000","238,246","231,754","279,850","151,217","129,582","148,009","118,259","116,365","98,652","92,348","89,440","71,450","78,346","81,817","89,278","74,175","70,645","65,105","74,773","51,248","-453,789","611,409","906,673","1,025,887","1,090,823","1,042,637","632,628","500,000","200,000","800,000","300,000","400,000","0","500,000","100,000","200,000","100,000","100,000","100,000","0",,,"0","0","100,000","400,000","1,100,000","800,000",,,,,,,"100,000","100,000","100,000","100,000","400,000","400,000","400,000","400,000","400,000","400,000","300,000","400,000","300,000","400,000",,,,,,
NetIncomeFromContinuingOperationNetMinorityInterest,"93,307,000","26,677,000","18,770,000","22,893,000","24,967,000","43,497,000","19,882,000","21,196,000","19,564,000","9,259,000","12,686,000","13,887,000","15,511,000","14,566,000","10,895,000","11,281,000","10,884,000","10,169,000","13,379,000","5,969,000","6,992,000","5,242,000","2,836,000","5,018,000","7,109,000","3,363,000","4,102,000","-485,000","4,616,000","7,250,000","7,461,000","7,519,000","7,260,000","6,313,000","1,470,000","5,805,000","7,541,000","8,789,000","7,980,000","7,278,000","8,118,000","9,641,000","7,304,000","7,760,000","8,282,000","8,373,000","5,688,000","6,189,000","7,965,000","7,220,000","6,279,000","6,312,000","7,028,000","5,118,000","3,635,000","3,871,000","5,281,000","6,048,000","3,378,000","3,466,000","2,141,000","2,055,000","-50,000","-1,928,000","4,154,910","4,553,083","4,464,836","2,799,207","4,887,442","4,319,008","4,333,660","4,391,000","4,932,714","4,635,271","2,809,638","3,815,130","4,379,407","3,747,917","3,283,542","3,100,401","3,436,883","-3,165,964","2,221,189","-2,153,495","1,193,898","649,351","996,349","1,549,986","2,767,142","3,136,419","1,500,000","7,600,000","2,600,000","3,400,000","12,600,000","500,000","1,000,000","600,000",,"-100,000","-300,000","-700,000","-3,500,000","-500,000","13,600,000","3,800,000","-1,500,000","-700,000","10,700,000","-10,200,000","-5,500,000","-3,000,000","-1,500,000","-1,000,000","-600,000","-300,000","-100,000","0","-200,000","-100,000","-100,000","3,200,000","-300,000","-300,000","-200,000","-600,000","-200,000","-300,000","-100,000","-500,000","-500,000",,,,,,
TotalUnusualItemsExcludingGoodwill,"-149,000","-61,000","-42,000","-44,000","-2,000","-2,000","-22,000","64,000","0","153,000","0","-2,000","-37,000","3,000","100,000","-12,000","0","97,000","-84,000","-57,000","-47,000","-798,000","-7,000","1,000","-400,000","-323,000","-27,000","-19,000",,"3,000","0","-20,000","0","0","-37,000","2,000","-41,000","-58,000",,,,,,,,"452,000","-507,000",,,,,,,,,,,"-154,000","-373,000",,,,,,,,,,,,,,,,,,,,,,,"0",,"-6,259,737","-14,050,181","11,961,234","84,335","1,162,393","2,228,178","12,103,460",,"10,400,000","800,000","2,400,000","22,600,000","4,400,000","4,400,000","6,100,000",,"600,000","700,000","0","-5,100,000","300,000","15,500,000","1,400,000","-1,000,000","-100,000","21,100,000","-2,700,000",,,,,,,,,,,,"4,700,000","100,000",,"100,000","200,000",,"100,000",,"0","100,000",,,,,,
TotalUnusualItems,"-149,000","-61,000","-42,000","-44,000","-2,000","-2,000","-22,000","64,000","0","153,000","0","-2,000","-37,000","3,000","100,000","-12,000","0","97,000","-84,000","-57,000","-47,000","-798,000","-7,000","1,000","-400,000","-323,000","-27,000","-19,000",,"3,000","0","-20,000","0","0","-37,000","2,000","-41,000","-58,000",,,,,,,,"452,000","-507,000",,,,,,,,,,,"-154,000","-373,000",,,,,,,,,,,,,,,,,,,,,,,"0",,"-6,259,737","-14,050,181","11,961,234","84,335","1,162,393","2,228,178","12,103,460",,"10,400,000","800,000","2,400,000","22,600,000","4,400,000","4,400,000","6,100,000",,"600,000","700,000","0","-5,100,000","300,000","15,500,000","1,400,000","-1,000,000","-100,000","21,100,000","-2,700,000",,,,,,,,,,,,"4,700,000","100,000",,"100,000","200,000",,"100,000",,"0","100,000",,,,,,
NormalizedEBITDA,"135,503,000","39,090,000","28,730,000","33,026,000","34,657,000","58,090,000","28,382,000","30,272,000","28,196,000","13,604,000","18,666,000","21,011,000","22,847,000","21,333,000","17,271,000","17,086,000","15,922,000","16,191,000","8,446,000","11,022,000","13,187,000","11,242,000","6,649,000","10,118,000","13,778,000","7,766,000","8,407,000","1,075,000","9,133,000","13,441,000","13,483,000","13,652,000","13,209,000","11,651,000","4,070,000","10,731,000","13,578,000","15,089,000","14,017,000","13,017,000","14,296,000","16,514,000","12,993,000","13,656,000","14,230,000","13,978,000","10,463,000","11,115,000","14,099,000","12,180,000","10,959,000","11,127,000","11,698,000","8,647,000","7,770,000","7,615,000","9,326,000","28,627,000","736,000","6,353,000","4,455,000","3,486,000","1,189,000","-1,895,000","7,729,328","8,263,153","7,907,574","5,145,654","8,385,885","7,327,743","7,326,178","3,521,000","8,141,065","7,641,613","4,817,793","3,311,734","7,346,878","6,265,252","5,654,272","5,387,834","6,190,462","-11,240,062","4,660,198","10,702,643","23,370,203","-29,894,589","-3,707,669","-3,978,470","-4,111,293","-23,355,304","-1,600,000","-10,900,000","300,000","-11,200,000","-23,900,000","-6,400,000","-5,300,000","-9,400,000","100,000","-1,500,000","-1,700,000","-1,300,000","4,500,000","-1,100,000","-16,000,000","-3,300,000","400,000","-400,000","-21,800,000","-1,000,000","-4,400,000","100,000","100,000","-4,200,000","800,000","300,000","400,000","-100,000","0","0","100,000","-4,600,000","100,000","200,000","100,000","-200,000","400,000","100,000","400,000","300,000","-200,000","2,600,000","2,600,000","-4,300,000","2,000,000","2,000,000","2,000,000"
TaxRateForCalcs,"0.225","0.223","0.243","0.224","0.214","0.215","0.228","0.236","0.234","0.15","0.19","0.227","0.218","0.205","0.237","0.201","0.171","0.256","0.27","0.3","0.358","0.374","0.373","0.373","0.373","0.374","0.373","0.373","0.373","0.379","0.366","0.372","0.375","0.373","0.392","0.37","0.37","0.351","0.362","0.373","0.375","0.369","0.378","0.38","0.375","0.38","0.37","0.371","0.372","0.348","0.365","0.365","0.365","0.339","0.366","0.372","0.365","0.353","0.35","0.34","0.365","0.083","0.35","0.37","0.37","0.372","0.368","0.371","0.37","0.369","0.369","0.369","0.369","0.37","0.369","0.369","0.37","0.36","0.371","0.361","0.385","0.4","0.4","0.259","0.4","0.399","0.395","0.4","0.4","0.4","0.4","0.387","0.316","0.333","0.344","0.375","0.333","0.4",,"0.4","0.4","0.4","0.397","0.286","0.081","0.4","0.167","0.4","0.4","0.4","0.225","0.4","0.4","0.4","0.4","0.4","0.4","0.4","0.333","0.4","0.4","0.4","0.4","0.4","0.4","0.4","0.4","0.4","0.4","0","0.167",,,,,,
TaxEffectOfUnusualItems,"-33,530.631","-13,610.822","-10,204.404","-9,867.236","-428","-429.796","-5,012.777","15,115.532","0","22,890.981","0","-453.305","-8,066","615.779","23,683.105","-2,408.672","0","24,794.964","-22,680","-17,127.388","-16,826","-298,702.316","-2,610.878","372.985","-149,197.389","-120,643.629","-10,067.727","-7,094.315","0","1,137.205","0","-7,449.508","0","0","-14,515.502","740.234","-15,170.343","0","0","0","0","0","0","0","0","171,680.32","-187,357.349","0","0","0","0","0","0","0","0","0","0","-54,289.905","-130,506.928","0","0","0","0","0","0","0","0","0","0","0","0","0","0","0","0","0","0","0","0","0","0","0","0","-1,621,782.439","-5,620,072.4","4,777,891.595","33,288.804","464,957.2","891,271.2","4,841,384","0","4,025,806.452","252,631.579","800,000","7,768,750","1,650,000","1,466,666.667","2,440,000",,"240,000","280,000","0","-2,022,413.793","85,714.286","1,256,756.757","560,000","-166,666.667","-40,000","8,440,000","-1,080,000","0","0","0","0","0","0","0","0","0","0","0","1,880,000","40,000","0","40,000","80,000","0","40,000","0","0","16,666.667",,,,,,