name,ttm,03/31/2022,12/31/2021,09/30/2021,06/30/2021,03/31/2021,12/31/2020,09/30/2020,06/30/2020,03/31/2020,12/31/2019,09/30/2019,06/30/2019,03/31/2019,12/31/2018,09/30/2018,06/30/2018,03/31/2018,12/31/2017,09/30/2017,06/30/2017,03/31/2017,12/31/2016,09/30/2016,06/30/2016,03/31/2016,12/31/2015,09/30/2015,06/30/2015,03/31/2015,12/31/2014,09/30/2014,06/30/2014,03/31/2014,12/31/2013,09/30/2013,06/30/2013,03/31/2013,12/31/2012,09/30/2012,06/30/2012,03/31/2012,12/31/2011,09/30/2011,06/30/2011,03/31/2011,12/31/2010,09/30/2010,06/30/2010,03/31/2010,12/31/2009,09/30/2009,06/30/2009,03/31/2009,12/31/2008,09/30/2008,06/30/2008,03/31/2008,12/31/2007,09/30/2007,06/30/2007,03/31/2007,12/31/2006,09/30/2006,06/30/2006,03/31/2006,12/31/2005,09/30/2005,06/30/2005,03/31/2005,12/31/2004,09/30/2004,06/30/2004,03/31/2004,12/31/2003,09/30/2003,06/30/2003,03/31/2003,12/31/2002,09/30/2002,06/30/2002,03/31/2002,12/31/2001,09/30/2001,06/30/2001,03/31/2001,12/31/2000,09/30/2000,06/30/2000,03/31/2000,12/31/1999,09/30/1999,06/30/1999,03/31/1999,12/31/1998,09/30/1998,06/30/1998,03/31/1998,12/31/1997,09/30/1997,06/30/1997,03/31/1997,12/31/1996,09/30/1996,06/30/1996,03/31/1996,12/31/1995,09/30/1995,06/30/1995,03/31/1995,12/31/1994,09/30/1994,06/30/1994,03/31/1994,12/31/1993,09/30/1993,06/30/1993,03/31/1993,12/31/1992,09/30/1992,06/30/1992,03/31/1992,12/31/1991,09/30/1991,06/30/1991,03/31/1991,12/31/1990,09/30/1990,06/30/1990,03/31/1990,12/31/1989,09/30/1989,06/30/1989,03/31/1989,12/31/1988,09/30/1988,06/30/1988,03/31/1988,12/31/1987,09/30/1987,06/30/1987
TotalRevenue,"1,781,460,000","489,972,000","548,349,000","465,886,000","277,253,000","293,537,000","485,795,000","347,325,000","242,573,000","279,291,000","374,668,000","388,912,000","238,253,000","240,441,000","324,295,000","366,305,000","254,483,000","303,173,000","482,741,000","425,537,000","320,735,000","327,864,000","523,029,000","428,619,000","259,428,000","231,999,000","347,863,000","306,756,000","282,633,000","255,183,000","298,606,000","210,214,000","152,565,000","149,659,000","218,883,000","190,671,000","155,125,000","206,873,000","310,133,000","193,774,000","99,006,000","110,631,000","122,368,000","101,602,000","92,242,000","91,433,000","95,625,000","100,598,000","81,915,000","62,639,000","65,162,000","55,674,000","37,514,000","33,520,000","43,833,000","53,278,000","44,011,000","44,822,000","48,905,000","47,034,000","41,124,000","43,647,000","45,298,000","48,179,000","45,181,000","42,158,000","48,253,000","50,461,000","52,822,000","40,415,000","44,036,000","51,332,000","59,117,000","50,214,000","55,270,000","50,130,000","40,724,000","52,145,000","60,516,000","73,314,000","76,024,000","83,610,000","76,970,000","77,276,000","179,673,000","199,725,000","207,998,000","189,537,000","181,412,000","160,200,000","150,800,000","132,800,000","120,600,000","127,400,000","153,100,000","169,700,000","178,000,000","287,900,000","240,800,000","224,000,000","201,600,000","213,000,000","253,300,000","236,000,000","214,900,000","233,000,000","295,800,000","317,800,000","300,300,000","273,200,000","228,600,000","202,200,000","176,000,000","170,200,000","149,900,000","124,800,000","99,200,000","123,800,000","91,700,000","76,300,000","63,000,000","44,000,000","36,600,000","38,800,000","40,400,000","39,200,000","37,000,000","34,600,000","31,000,000","28,500,000","23,700,000","18,000,000","14,800,000","12,100,000","9,400,000","9,300,000","6,100,000","2,300,000","2,300,000","2,300,000","2,300,000"
	OperatingRevenue,"1,781,460,000","489,972,000","548,349,000","465,886,000","277,253,000","293,537,000","485,795,000","347,325,000","242,573,000","279,291,000","374,668,000","388,912,000","238,253,000","240,441,000","324,295,000","366,305,000","254,483,000","303,173,000","482,741,000","425,537,000","320,735,000","327,864,000","523,029,000","428,619,000","259,428,000","231,999,000","347,863,000","306,756,000","282,633,000","255,183,000","298,606,000","210,214,000","152,565,000","149,659,000","218,883,000","190,671,000","155,125,000","206,873,000","310,133,000","193,774,000","99,006,000","110,631,000","122,368,000","101,602,000","92,242,000","91,433,000","95,625,000","100,598,000","81,915,000","62,639,000","65,162,000","55,674,000","37,514,000","33,520,000","43,833,000","53,278,000","44,011,000","44,822,000","48,905,000","47,034,000","41,124,000","43,647,000","45,297,000","48,179,000","45,181,000","42,158,000","48,253,000","50,461,000","52,822,000","40,415,000","44,036,000","51,332,000","59,117,000","50,214,000","55,270,000","50,130,000","40,724,000","52,145,000","60,516,000","73,314,000","76,024,000","83,610,000","76,970,000","77,276,000","179,673,000","199,725,000","207,998,000","189,537,000","181,412,000","160,200,000","150,800,000","132,800,000","120,600,000","127,400,000","153,100,000","169,700,000","178,000,000","287,900,000","240,800,000","224,000,000","201,600,000","213,000,000","253,300,000","236,000,000","214,900,000","233,000,000","295,800,000","317,800,000","300,300,000","273,200,000","228,600,000","202,200,000","176,000,000","170,200,000","149,900,000","124,800,000","99,200,000","123,800,000","91,700,000","76,300,000","63,000,000","44,000,000","36,600,000","38,800,000","40,400,000","39,200,000","37,000,000","34,600,000","31,000,000","28,500,000","23,700,000","18,000,000","14,800,000","12,100,000","9,400,000","9,300,000","6,100,000","2,300,000","2,300,000","2,300,000","2,300,000"
CostOfRevenue,"857,819,000","231,243,000","258,827,000","230,442,000","137,307,000","145,418,000","234,295,000","167,115,000","115,101,000","133,056,000","177,163,000","180,979,000","115,759,000","115,802,000","161,115,000","181,186,000","129,924,000","150,543,000","247,653,000","214,255,000","159,019,000","163,585,000","267,877,000","216,920,000","132,743,000","116,745,000","182,952,000","164,535,000","150,179,000","136,208,000","167,775,000","109,647,000","77,190,000","76,291,000","115,034,000","91,223,000","75,627,000","123,259,000","152,083,000","93,687,000","45,566,000","48,284,000","56,338,000","47,247,000","44,533,000","45,415,000","43,163,000","43,818,000","35,180,000","27,355,000","30,276,000","26,700,000","17,927,000","15,051,000","19,755,000","23,292,000","19,360,000","20,115,000","21,565,000","20,213,000","16,759,000","17,369,000","17,886,000","20,014,000","18,023,000","17,678,000","21,686,000","23,596,000","25,522,000","18,955,000","26,834,000","28,404,000","27,444,000","23,921,000","26,552,000","24,132,000","20,989,000","25,778,000","29,361,000","37,227,000","37,391,000","43,042,000","70,656,000","46,584,000","158,998,000","136,761,000","117,474,000","102,736,000","100,257,000","96,802,000","85,200,000","71,600,000","63,800,000","248,600,000","157,200,000","135,500,000","99,400,000","185,600,000","128,200,000","115,400,000","104,400,000","141,500,000","135,400,000","124,300,000","109,600,000","202,400,000","181,100,000","161,700,000","164,900,000","159,400,000","125,400,000","104,700,000","82,900,000","78,900,000","70,300,000","59,500,000","56,400,000","68,800,000","45,000,000","37,800,000","30,000,000","20,400,000","15,400,000","17,000,000","17,200,000","17,100,000","16,700,000","15,900,000","14,400,000","12,700,000","10,800,000",,,,,,,,,,
GrossProfit,"923,641,000","258,729,000","289,522,000","235,444,000","139,946,000","148,119,000","251,500,000","180,210,000","127,472,000","146,235,000","197,505,000","207,933,000","122,494,000","124,639,000","163,180,000","185,119,000","124,559,000","152,630,000","235,088,000","211,282,000","161,716,000","164,279,000","255,152,000","211,699,000","126,685,000","115,254,000","164,911,000","142,221,000","132,454,000","118,975,000","130,831,000","100,567,000","75,375,000","73,368,000","103,849,000","99,448,000","79,498,000","83,614,000","158,050,000","100,087,000","53,440,000","62,347,000","66,030,000","54,355,000","47,709,000","46,018,000","52,462,000","56,780,000","46,735,000","35,284,000","34,886,000","28,974,000","19,587,000","18,469,000","24,078,000","29,986,000","24,651,000","24,707,000","27,340,000","26,821,000","24,365,000","26,278,000","27,412,000","28,165,000","27,158,000","24,480,000","26,567,000","26,865,000","27,300,000","21,460,000","17,202,000","22,928,000","31,673,000","26,293,000","28,718,000","25,998,000","19,735,000","26,367,000","31,155,000","36,087,000","38,633,000","40,568,000","6,314,000","30,692,000","20,675,000","62,964,000","90,524,000","86,801,000","81,155,000","63,398,000","65,600,000","61,200,000","56,800,000","-121,200,000","-4,100,000","34,200,000","78,600,000","102,300,000","112,600,000","108,600,000","97,200,000","71,500,000","117,900,000","111,700,000","105,300,000","30,600,000","114,700,000","156,100,000","135,400,000","113,800,000","103,200,000","97,500,000","93,100,000","91,300,000","79,600,000","65,300,000","42,800,000","55,000,000","46,700,000","38,500,000","33,000,000","23,600,000","21,200,000","21,800,000","23,200,000","22,100,000","20,300,000","18,700,000","16,600,000","15,800,000","12,900,000",,,,,,,,,,
OperatingExpense,"557,303,000","150,864,000","145,348,000","140,248,000","120,843,000","123,415,000","121,850,000","116,057,000","108,445,000","114,329,000","124,826,000","121,257,000","118,350,000","122,445,000","118,939,000","129,541,000","130,716,000","131,863,000","131,582,000","120,394,000","114,416,000","109,724,000","108,963,000","107,762,000","104,474,000","93,062,000","100,922,000","97,361,000","94,954,000","88,568,000","83,257,000","66,102,000","59,460,000","53,334,000","51,051,000","48,937,000","47,728,000","49,809,000","48,629,000","49,662,000","42,969,000","41,459,000","39,631,000","36,442,000","33,373,000","32,853,000","29,749,000","26,822,000","29,238,000","25,902,000","24,397,000","24,101,000","22,579,000","22,033,000","21,951,000","24,232,000","23,608,000","25,630,000","27,644,000","28,527,000","23,894,000","30,085,000","24,668,000","22,492,000","22,903,000","12,815,000","21,182,000","26,395,000","3,194,000","25,397,000","27,917,000","34,374,000","34,620,000","3,531,000","-11,194,000","22,006,000","36,941,000","161,734,000","44,251,000","50,555,000","53,120,000","99,756,000","85,660,000","49,396,000","56,275,000","61,434,000","68,346,000","71,625,000","64,949,000","57,922,000","60,400,000","58,500,000","57,000,000","60,700,000","68,100,000","81,000,000","81,000,000","89,000,000","95,300,000","92,600,000","91,800,000","107,400,000","112,500,000","111,000,000","114,600,000","136,500,000","119,300,000","107,700,000","104,900,000","92,800,000","83,500,000","75,400,000","72,500,000","70,200,000","61,700,000","57,300,000","50,700,000","56,500,000","31,500,000","27,100,000","26,900,000","20,000,000","20,500,000","14,000,000","15,200,000","14,500,000","13,600,000","12,400,000","10,700,000","10,100,000","8,500,000",,,,,,,,,,
	SellingGeneralAndAdministration,"150,996,000","39,470,000","38,247,000","38,132,000","35,147,000","33,642,000","32,415,000","31,247,000","29,704,000","32,464,000","36,113,000","33,018,000","29,520,000","30,194,000","30,364,000","33,160,000","32,784,000","36,307,000","34,604,000","30,041,000","30,859,000","31,752,000","32,884,000","32,089,000","30,540,000","27,228,000","30,632,000","30,103,000","29,119,000","30,498,000","27,783,000","21,545,000","19,683,000","17,823,000","18,625,000","19,215,000","19,198,000","19,724,000","19,021,000","20,194,000","18,059,000","17,354,000","16,488,000","16,760,000","14,606,000","15,252,000","13,431,000","15,372,000","14,011,000","12,678,000","11,428,000","11,746,000","10,071,000","10,649,000","11,055,000","11,597,000","12,003,000","13,304,000","14,450,000","12,819,000","12,981,000","14,797,000","13,478,000","12,389,000","11,177,000","9,437,000","10,740,000","15,765,000","14,301,000","7,127,000","9,611,000","13,162,000","12,494,000","14,635,000","12,163,000","12,203,000","12,517,000","15,342,000","17,909,000","19,939,000","20,471,000","95,570,000","24,120,000","22,403,000","25,448,000","26,907,000","27,155,000","29,299,000","26,268,000","21,349,000","23,300,000","22,600,000","22,700,000","21,700,000","22,700,000","26,800,000","27,100,000","30,200,000","29,200,000","28,400,000","29,500,000","33,700,000","31,500,000","30,900,000","30,600,000","45,800,000","43,000,000","38,400,000","38,100,000","36,200,000","32,300,000","29,200,000","27,800,000","26,000,000","23,100,000","51,400,000","45,200,000","51,900,000","27,500,000","23,600,000","23,700,000","17,600,000","17,800,000","12,300,000","13,600,000","13,000,000","12,200,000","11,200,000","9,700,000","8,700,000","7,500,000",,,,,,,,,,
	ResearchAndDevelopment,"406,307,000","111,394,000","107,101,000","102,116,000","85,696,000","89,773,000","89,435,000","84,810,000","78,741,000","81,865,000","88,713,000","88,239,000","88,830,000","92,251,000","88,575,000","96,381,000","97,932,000","95,556,000","96,978,000","90,353,000","83,557,000","77,972,000","76,079,000","75,673,000","73,934,000","65,834,000","70,290,000","67,258,000","65,835,000","58,070,000","55,474,000","44,557,000","39,777,000","35,511,000","32,426,000","29,722,000","28,530,000","30,085,000","29,608,000","29,468,000","24,910,000","24,105,000","23,143,000","19,682,000","18,767,000","17,044,000","16,348,000","15,450,000","15,092,000","13,724,000","12,834,000","12,355,000","12,508,000","10,950,000","10,896,000","10,864,000","11,605,000","12,326,000","13,194,000","12,051,000","10,913,000","10,998,000","11,190,000","10,103,000","11,726,000","10,378,000","10,442,000","10,630,000","13,651,000","14,851,000","15,480,000","17,793,000","18,707,000","16,871,000","18,224,000","20,427,000","20,646,000","5,664,000","26,342,000","30,616,000","32,649,000","2,288,000","61,540,000","26,993,000","30,827,000","28,105,000","33,905,000","34,549,000","31,039,000","28,155,000","28,900,000","27,900,000","26,700,000","29,500,000","31,100,000","34,100,000","35,500,000","43,000,000","47,700,000","44,600,000","44,200,000","51,300,000","59,800,000","58,500,000","61,200,000","70,200,000","60,100,000","54,500,000","54,000,000","49,500,000","40,900,000","37,200,000","36,800,000","35,800,000","32,100,000",,,,,,,,,,,,,,,,,,,,,,,,,,
	DepreciationAmortizationDepletionIncomeStatement,,,,,,,,,,,,,,,,,,,,,,,,,,,,,,,,,,,,,,,,,,,,,,,,,,,,,,,,,,,,,,,,,,,,,,"3,419,000","3,419,000","3,419,000","3,419,000",,"3,419,000","3,778,000","3,778,000",,,,,,,,,"6,422,000","7,286,000","7,777,000","7,642,000","8,418,000","8,200,000","8,000,000","7,600,000","9,500,000","14,300,000","20,100,000","18,400,000","15,800,000","18,400,000","19,600,000","18,100,000","22,400,000","21,200,000","21,600,000","22,800,000","20,500,000","16,200,000","14,800,000","12,800,000","7,100,000","10,300,000","9,000,000","7,900,000","8,400,000","6,500,000","5,900,000","5,500,000","4,600,000","4,000,000","3,500,000","3,200,000","2,400,000","2,700,000","1,700,000","1,600,000","1,500,000","1,400,000","1,200,000","1,000,000","1,400,000","1,000,000",,,,,,,,,,
		DepreciationAndAmortizationInIncomeStatement,,,,,,,,,,,,,,,,,,,,,,,,,,,,,,,,,,,,,,,,,,,,,,,,,,,,,,,,,,,,,,,,,,,,,,"3,419,000","3,419,000","3,419,000","3,419,000",,"3,419,000","3,778,000","3,778,000",,,,,,,,,"6,422,000","7,286,000","7,777,000","7,642,000","8,418,000","8,200,000","8,000,000","7,600,000","9,500,000","14,300,000","20,100,000","18,400,000","15,800,000","18,400,000","19,600,000","18,100,000","22,400,000","21,200,000","21,600,000","22,800,000","20,500,000","16,200,000","14,800,000","12,800,000","7,100,000","10,300,000","9,000,000","7,900,000","8,400,000","6,500,000","5,900,000","5,500,000","4,600,000","4,000,000","3,500,000","3,200,000","2,400,000","2,700,000","1,700,000","1,600,000","1,500,000","1,400,000","1,200,000","1,000,000","1,400,000","1,000,000",,,,,,,,,,
			Amortization,,,,,,,,,,,,,,,,,,,,,,,,,,,,,,,,,,,,,,,,,,,,,,,,,,,,,,,,,,,,,,,,,,,,,,"3,419,000","3,419,000","3,419,000","3,419,000",,"3,419,000","3,778,000","3,778,000",,,,,,,,,,,,,,,,,,,,,,,,,,,,,,,,,,,,,,,,,,,,,,,,,,,,,,,,,,,,,,,,
				AmortizationOfIntangiblesIncomeStatement,,,,,,,,,,,,,,,,,,,,,,,,,,,,,,,,,,,,,,,,,,,,,,,,,,,,,,,,,,,,,,,,,,,,,,"3,419,000","3,419,000","3,419,000","3,419,000",,"3,419,000","3,778,000","3,778,000",,,,,,,,,,,,,,,,,,,,,,,,,,,,,,,,,,,,,,,,,,,,,,,,,,,,,,,,,,,,,,,,
	ProvisionForDoubtfulAccounts,,,,,,,,,,,,,,,,,,,,,,,,,,,,,,,,,,,,,,,,,,,,"0","0",,"-30,000","0",,,"135,000","0","-2,745,000",,,,,,,,,,,,,,,,,,,,,,,,,,,,,,,,,,,,,,,,,,,,,,,,,,,,,,,,,,,,,,,,,,,,,,,,,,,,,,,,,,,,,,,,
	OtherOperatingExpenses,,,,,,,,,,,,,,,,,,,,,,,,,,,,,,,,,,,,,,,,,,,,,,,,"-4,000,000","135,000",,,,,"434,000",,"1,771,000",,"0",,"3,657,000",,,,,,"-7,000,000",,,"-24,758,000","0","-593,000",,,"-17,000,000","-45,000,000","-14,402,000",,,,,,,,,,,,,,,,,,,,,,,,,,,,,,,,,,,,,,,,,,,,,,,,,,,,,,,,,,,,,,,,,
OperatingIncome,"366,338,000","107,865,000","144,174,000","95,196,000","19,103,000","24,704,000","129,650,000","64,153,000","19,027,000","31,906,000","72,679,000","86,676,000","4,144,000","2,194,000","44,241,000","55,578,000","-6,157,000","20,767,000","103,506,000","90,888,000","47,300,000","54,555,000","146,189,000","103,937,000","22,211,000","22,192,000","63,989,000","44,860,000","37,500,000","30,407,000","47,574,000","34,465,000","15,915,000","20,034,000","52,798,000","50,511,000","31,770,000","33,805,000","109,421,000","50,425,000","10,471,000","20,888,000","26,399,000","17,913,000","14,336,000","13,165,000","22,713,000","29,958,000","17,497,000","9,382,000","10,489,000","4,873,000","-2,992,000","-3,564,000","2,127,000","5,754,000","1,043,000","-923,000","-304,000","-1,706,000","471,000","-3,807,000","2,744,000","5,673,000","4,255,000","11,665,000","5,385,000","470,000","24,106,000","-3,937,000","-10,715,000","-11,446,000","-2,947,000","22,762,000","39,912,000","3,992,000","-17,206,000","-135,367,000","-13,096,000","-14,468,000","-14,487,000","-59,188,000","-79,346,000","-18,704,000","-35,600,000","1,530,000","22,178,000","15,176,000","16,206,000","5,476,000","5,200,000","2,700,000","-200,000","-181,900,000","-72,200,000","-46,800,000","-2,400,000","13,300,000","17,300,000","16,000,000","5,400,000","-35,900,000","5,400,000","700,000","-9,300,000","-105,900,000","-4,600,000","48,400,000","30,500,000","21,000,000","19,700,000","22,100,000","20,600,000","21,100,000","17,900,000","8,000,000","-7,900,000","-1,500,000","15,200,000","11,400,000","6,100,000","3,600,000","700,000","7,800,000","8,000,000","7,600,000","6,700,000","6,300,000","5,900,000","5,700,000","4,400,000","18,000,000","14,800,000","-20,400,000","9,400,000","9,300,000","6,100,000","-15,400,000","2,300,000","2,300,000","2,300,000"
NetNonOperatingInterestIncomeExpense,"615,000","-103,000","-78,000","35,000","761,000","1,064,000","1,206,000","1,378,000","1,576,000","2,474,000","2,392,000","2,250,000","2,285,000","2,248,000","1,740,000","1,525,000","1,447,000","1,378,000","912,000","725,000","594,000","118,000","-350,000","-1,003,000","-689,000","-601,000","-591,000","-601,000","-638,000","-869,000","-1,042,000","-2,670,000","-467,000","267,000","222,000","201,000","158,000","106,000","76,000","131,000","127,000","139,000","112,000","112,000","154,000","187,000","212,000","233,000","228,000","237,000","269,000","376,000","463,000",,,,,,,,,,,,,,,,,,,,,,,,,,,,,,,,,,,,,,,,,,,,,,,,,,,,,,,,,,,,,,,,,,,,,,,,,,,,,,,,,,,,,,,,
	InterestIncomeNonOperating,"1,563,000","115,000","140,000","288,000","1,020,000","1,323,000","1,465,000","1,658,000","1,835,000","2,733,000","2,651,000","2,530,000","2,544,000","2,507,000","1,999,000","1,805,000","1,706,000","1,637,000","1,191,000","1,005,000","929,000","698,000","415,000","296,000","267,000","243,000","165,000","215,000","254,000","160,000","89,000","136,000","195,000","267,000","222,000","201,000",,"106,000","76,000","131,000","127,000",,,,,,,,"228,000",,,,,,,,,,,,,,,,,,,,,,,,,,,,,,,,,,,,,,,,,,,,,,,,,,,,,,,,,,,,,,,,,,,,,,,,,,,,,,,,,,,,,,,,,,,,
	InterestExpenseNonOperating,"948,000","218,000","218,000","253,000","259,000","259,000","259,000","280,000","259,000","259,000","259,000","280,000","259,000","259,000","259,000","280,000","259,000","259,000","279,000","280,000","335,000","580,000","765,000","1,299,000","956,000","844,000","756,000","816,000","892,000","1,029,000","1,131,000","2,806,000","662,000",,,,,,,,,,,,,,,,,,,,,,,,,,,,,,,,,,,,,,,,,,,,,,,,,,,,,,,,,,,,,,,,,,,,,,,,,,,,,,,,,,,,,,,,,,,,,,,,,,,,,,,,,,,,
	TotalOtherFinanceCost,,,,,,,,,,,,,,,,,,,,,,"-118,000",,,"689,000","601,000",,,,,,,,,,,"-158,000",,,"-131,000",,,"-112,000","-112,000","-154,000",,"-212,000","-233,000",,,"-269,000","-376,000","-463,000",,,,,,,,,,,,,,,,,,,,,,,,,,,,,,,,,,,,,,,,,,,,,,,,,,,,,,,,,,,,,,,,,,,,,,,,,,,,,,,,,,,,,,,,
OtherIncomeExpense,"1,710,000","180,000","-87,000","1,859,000","-242,000","2,152,000","-207,000","784,000","-241,000","-22,031,000","-563,000","-568,000","-378,000","4,763,000","-13,667,000","-378,000","210,000","-158,000","322,000","-1,116,000","-19,000","-9,760,000","-47,000","-261,000","147,000","-478,000","-1,003,000","-1,276,000","12,636,000","392,000","-4,271,000","-28,386,000","501,000","-1,000","-57,000","116,000","-282,000","14,000","-3,323,000","-40,000","-23,000","45,000","-71,000","-27,000","-17,000","540,000","364,000","-915,000","32,000","-1,092,000","407,000","1,544,000","2,727,000","-362,000","10,000","-1,823,000","195,000","-12,168,000","1,526,000","-5,448,000","26,000","-4,740,000","-2,862,000","403,000","248,000","7,021,000","53,000","-2,420,000","25,146,000","-232,000","-2,242,000","-4,148,000","-1,120,000","3,967,000","44,162,000","24,095,000","-7,713,000","-158,248,000","-4,094,000","-4,403,000","-611,000","-37,044,000","-7,004,000","280,000","9,474,000","-1,454,000","1,187,000","3,922,000","92,667,000","60,086,000","26,700,000","-12,000,000","-127,500,000","-11,900,000","-18,100,000","-27,700,000","3,300,000","29,800,000","1,600,000",,,"-11,700,000","12,000,000","6,900,000",,"-6,900,000","-600,000","-200,000","2,600,000","9,000,000","1,400,000","-4,000,000","1,400,000","3,100,000","11,800,000","700,000","2,300,000","2,100,000","300,000","600,000","300,000","1,200,000","500,000","500,000","600,000","1,200,000","700,000","700,000","600,000","1,200,000","600,000",,,,,,,,,,
	SpecialIncomeCharges,"0","0","0","0","0","0","0","0","-352,000","-21,925,000","0",,,"4,913,000","-13,768,000",,,"0",,,,"-9,842,000","0","0","0","0","-78,000","-752,000","12,500,000","0","-3,200,000","-16,392,000","0","26,000","-12,000","154,000","-265,000","0","-3,292,000","-40,000","-23,000","45,000","-71,000","-27,000","-17,000","540,000","364,000","-915,000","32,000","-1,092,000","407,000","1,544,000","2,727,000","-362,000","10,000","-1,823,000","195,000","-12,168,000","1,526,000","-5,448,000","26,000","-4,740,000","-2,862,000","403,000","248,000","7,021,000","53,000","-2,420,000","25,146,000","-232,000","-2,242,000","-4,148,000","-1,120,000","3,967,000","44,162,000","24,095,000","-7,713,000","-158,463,000","-4,094,000","-4,403,000","-611,000","-37,044,000","-7,004,000","280,000","9,474,000","-1,454,000","1,187,000","3,922,000","92,667,000","60,086,000","26,700,000","-12,000,000","-127,500,000","-11,900,000","-18,100,000","-27,700,000","3,300,000","29,800,000","1,600,000",,,"-11,700,000","12,000,000","6,900,000",,"-6,900,000","-600,000","-200,000","2,600,000","9,000,000","1,400,000","-4,000,000","1,400,000","3,100,000","11,800,000","700,000","2,300,000","2,100,000","300,000","600,000","300,000","1,200,000","500,000","500,000","600,000","1,200,000","700,000","700,000","600,000","1,200,000","600,000",,,,,,,,,,
		RestructuringAndMergernAcquisition,"0","0","0","0","0","0","0","0","352,000","21,925,000",,,,,,,,,,,,,,,,"0","0","0",,"0","3,200,000","16,392,000","0","-26,000","12,000","-154,000","-430,000","-247,000","3,539,000",,,,"0","0",,"0","-395,000","401,000",,,,"-165,000","0",,,,,"12,095,000","-1,553,000",,,"521,000","1,013,000","-428,000",,"0",,"2,311,000",,"485,000","3,107,000","4,148,000","1,723,000","595,000","896,000","395,000","7,640,000","1,238,000","2,208,000","3,102,000","2,085,000","3,544,000","5,460,000",,"1,919,000",,,,,,,,,,,,,,,,,,,,,,,,,,,,,,,,,,,,,,,,,,,,,,,,,,,,,,,,
		ImpairmentOfCapitalAssets,,,,,,,,,,,,,,,,,,"0",,,,"9,842,000",,,,,,,,,,,,,,,,,,,,,"0","0",,,"0","500,000",,,,,"0",,,,,,,,,,,,,,,,,,,,,,,,,,,,,,,,,,,,,,,,,,,,,,,,,,,,,,,,,,,,,,,,,,,,,,,,,,,,,,,,,,,,,,,,
		OtherSpecialCharges,,,,,,,,,,,,,,"0","13,768,000",,,,,,,,,,,"0","78,000","752,000","-12,500,000",,,,,"0",,,"695,000",,,,,,"71,000","27,000","17,000","-40,000","31,000","14,000",,,,"-1,379,000","18,000",,,,,"73,000","27,000",,,"4,219,000","1,849,000","25,000",,"-7,021,000",,"109,000",,"-253,000","-865,000",,"-603,000","-4,562,000","-45,058,000","-24,490,000","73,000","157,225,000","1,886,000","1,301,000","-1,474,000","33,500,000","1,544,000",,"-11,393,000",,,,,,,,,,,,,,,,,,,,,,,,,,,,,,,,,,,,,,,,,,,,,,,,,,,,,,,,
		GainOnSaleOfPPE,,,,,,,,,,,,,,"4,913,000",,,,,,,,,,,,,,,,,,,,"0",,,,"0","247,000",,,,,,,,,,,,,,,,,,,,,,,,,,,,,,,,,,,,,,,,,,,,,,,,,,,,,,,,,,,,,,,,,,,,,,,,,,,,,,,,,,,,,,,,,,,,,,,,,,,,,,
	OtherNonOperatingIncomeExpenses,"1,710,000","180,000","-87,000","1,859,000","-242,000","2,152,000","-207,000","784,000","111,000","-106,000","-563,000","-568,000","-378,000","-150,000","101,000","-378,000","210,000","-158,000","322,000","-1,116,000","-19,000","82,000","-47,000","-261,000","147,000","-478,000","-925,000","-524,000","136,000","392,000","-1,071,000","-11,994,000","501,000","-27,000","-45,000","-38,000","-17,000","14,000","-31,000",,,,,,,,,,,,,,,,,,,,,,,,,,,,,,,,,,,,,,,,,,,,,,,,,,,,,,,,,,,,,,,,,,,,,,,,,,,,,,,,,,,,,,,,,,,,,,,,,,,,,,
PretaxIncome,"368,663,000","107,942,000","144,009,000","97,090,000","19,622,000","27,920,000","130,649,000","66,315,000","20,362,000","12,349,000","74,508,000","88,358,000","6,051,000","9,205,000","32,314,000","56,725,000","-4,500,000","21,987,000","104,740,000","90,497,000","47,875,000","44,913,000","145,792,000","102,673,000","21,669,000","21,113,000","62,395,000","42,983,000","49,498,000","29,930,000","42,261,000","3,409,000","15,949,000","20,300,000","52,963,000","50,828,000","31,646,000","33,925,000","106,174,000","50,516,000","10,575,000","21,072,000","26,440,000","17,998,000","14,473,000","13,892,000","23,289,000","29,276,000","17,757,000","8,527,000","11,165,000","6,793,000","198,000","-5,172,000","2,816,000","6,339,000","2,174,000","-10,680,000","4,192,000","-317,000","4,004,000","-845,000","3,496,000","9,230,000","7,468,000","14,196,000","7,569,000","-266,000","25,611,000","-3,207,000","-12,604,000","-14,995,000","-3,371,000","10,284,000","39,524,000","13,932,000","-24,296,000","-152,243,000","-16,648,000","-18,330,000","-14,358,000","-91,376,000","-85,411,000","-17,004,000","-22,997,000","4,460,000","26,449,000","18,392,000","108,816,000",,,,,"-215,100,000",,"-74,600,000","800,000","21,300,000","18,400,000","12,700,000","3,600,000","-59,700,000","14,400,000","4,200,000","-10,600,000","-117,900,000","-5,300,000","48,200,000","33,100,000","27,600,000","21,200,000","18,000,000","21,900,000","21,900,000","29,700,000","8,800,000","-5,500,000","-1,000,000","15,400,000","12,000,000","6,400,000","4,000,000","1,300,000","8,300,000","8,600,000","8,100,000","7,500,000","7,000,000","6,500,000","6,200,000","5,100,000",,,,,,,,,,
TaxProvision,"42,308,000","11,528,000","16,373,000","11,994,000","2,413,000","2,639,000","16,281,000","6,829,000","2,153,000","2,191,000","5,996,000","12,148,000","1,433,000","3,048,000","2,381,000","-1,448,000","-228,000","9,983,000","70,961,000","17,197,000","4,963,000","9,855,000","23,751,000","24,608,000","5,805,000","7,101,000","21,011,000","8,103,000","16,144,000","8,581,000","19,532,000","2,557,000","5,701,000","7,698,000","11,463,000","17,461,000","11,004,000","7,565,000","38,312,000","15,067,000","3,648,000","-29,755,000","9,709,000","6,751,000","5,295,000","-116,514,000","-1,332,000","-1,598,000","155,000","-11,831,000","110,000","29,000","-23,000","2,596,000","66,000","-16,000","36,000","3,005,000","10,000","15,000","15,000","-8,124,000","32,000","-97,000","-213,000","-1,241,000","-5,261,000","-167,000","-366,000","-5,745,000","-15,134,000","66,000","24,000","-33,000","75,000","-7,122,000","21,000","559,000","-4,435,000","29,000","29,000",,,,,"508,000","2,572,000","1,924,000","10,711,000",,,,,"-700,000",,"46,400,000","300,000","9,100,000","5,500,000","3,800,000","1,100,000","-7,800,000","4,100,000","1,200,000","-3,000,000","-29,500,000","-1,700,000","15,200,000","10,400,000","8,700,000","6,700,000","5,600,000","6,900,000","7,300,000","9,900,000","2,400,000","-1,800,000","2,100,000","4,600,000","3,600,000","1,900,000","1,000,000","200,000","3,000,000","3,200,000","2,800,000","2,600,000","2,600,000","2,300,000","900,000","800,000",,,,,,,,,,
NetIncomeCommonStockholders,"326,355,000","96,414,000","127,636,000","85,096,000","17,209,000","25,281,000","114,368,000","59,486,000","18,209,000","10,158,000","68,512,000","76,210,000","4,618,000","6,157,000","29,933,000","58,173,000","-4,272,000","12,004,000","33,779,000","73,300,000","42,912,000","35,058,000","122,041,000","78,065,000","15,864,000","14,012,000","41,384,000","34,880,000","33,354,000","21,349,000","22,729,000","852,000","10,248,000","12,602,000","41,500,000","33,367,000","20,642,000","26,360,000","67,862,000","35,449,000","6,927,000","50,827,000","16,731,000","11,247,000","9,178,000","130,406,000","24,621,000","30,874,000","17,602,000","20,358,000","11,055,000","6,764,000","221,000","-7,768,000","2,750,000","6,355,000","2,138,000","-13,685,000","4,182,000","-332,000","3,989,000","7,279,000","3,464,000","9,327,000","7,681,000","15,437,000","12,830,000","-99,000","25,977,000","2,538,000","2,530,000","-15,061,000","-3,395,000","10,317,000","39,449,000","21,054,000","-24,317,000","-152,802,000","-12,213,000","-18,359,000","-15,839,000","-80,795,000","-85,367,000","-16,920,000","-22,997,000","3,952,000","23,877,000","16,468,000","98,880,000","62,104,000","27,900,000","-9,400,000","-127,700,000","-214,400,000","-92,600,000","-121,000,000","500,000","12,200,000","12,900,000","8,900,000","2,500,000","-51,900,000","10,300,000","3,000,000","-7,600,000","-88,400,000","-3,600,000","33,000,000","22,700,000","18,900,000","14,500,000","12,400,000","15,000,000","14,600,000","19,800,000","6,400,000","3,900,000","-3,100,000","10,800,000","8,400,000","4,500,000","3,000,000","1,100,000","5,300,000","5,400,000","5,300,000","4,900,000","4,400,000","4,200,000","5,300,000","4,300,000",,,,,,,,,,
	NetIncome,"326,355,000","96,414,000","127,636,000","85,096,000","17,209,000","25,281,000","114,368,000","59,486,000","18,209,000","10,158,000","68,512,000","76,210,000","4,618,000","6,157,000","29,933,000","58,173,000","-4,272,000","12,004,000","33,779,000","73,300,000","42,912,000","35,058,000","122,041,000","78,065,000","15,864,000","14,012,000","41,384,000","34,880,000","33,354,000","21,349,000","22,729,000","852,000","10,248,000","12,602,000","41,500,000","33,367,000","20,642,000","26,360,000","67,862,000","35,449,000","6,927,000","50,827,000","16,731,000","11,247,000","9,178,000","130,406,000","24,621,000","30,874,000","17,602,000","20,358,000","11,055,000","6,764,000","221,000","-7,768,000","2,750,000","6,355,000","2,138,000","-13,685,000","4,182,000","-332,000","3,989,000","7,279,000","3,464,000","9,327,000","7,681,000","15,437,000","12,830,000","-99,000","25,977,000","2,538,000","2,530,000","-15,061,000","-3,395,000","10,317,000","39,449,000","21,054,000","-24,317,000","-152,802,000","-12,213,000","-18,359,000","-15,839,000","-80,795,000","-85,367,000","-16,920,000","-22,997,000","3,952,000","23,877,000","16,468,000","98,880,000","62,104,000","27,900,000","-9,400,000","-127,700,000","-214,400,000","-92,600,000","-121,000,000","500,000","12,200,000","12,900,000","8,900,000","2,500,000","-51,900,000","10,300,000","3,000,000","-7,600,000","-88,400,000","-3,600,000","33,000,000","22,700,000","18,900,000","14,500,000","12,400,000","15,000,000","14,600,000","19,800,000","6,400,000","3,900,000","-3,100,000","10,800,000","8,400,000","4,500,000","3,000,000","1,100,000","5,300,000","5,400,000","5,300,000","4,900,000","4,400,000","4,200,000","5,300,000","4,300,000",,,,,,,,,,
		NetIncomeIncludingNoncontrollingInterests,"326,355,000","96,414,000","127,636,000","85,096,000","17,209,000","25,281,000","114,368,000","59,486,000","18,209,000","10,158,000","68,512,000","76,210,000","4,618,000","6,157,000","29,933,000","58,173,000","-4,272,000","12,004,000","33,779,000","73,300,000","42,912,000","35,058,000","122,041,000","78,065,000","15,864,000","14,012,000","41,384,000","34,880,000","33,354,000","21,349,000","22,729,000","852,000","10,248,000","12,602,000","41,500,000","33,367,000","20,642,000","26,360,000","67,862,000","35,449,000","6,927,000","50,827,000","16,731,000","11,247,000","9,178,000","130,406,000","24,621,000","30,874,000","17,602,000","20,358,000","11,055,000","6,764,000","221,000","-7,768,000","2,750,000","6,355,000","2,138,000","-13,685,000","4,182,000","-332,000","3,989,000","7,279,000","3,464,000","9,327,000","7,681,000","15,437,000","12,830,000","-99,000","25,977,000","2,538,000","2,530,000","-15,061,000","-3,395,000","10,317,000","39,449,000","21,054,000","-24,317,000","-152,802,000","-12,213,000","-18,359,000","-15,839,000","-81,006,000","-85,411,000","-17,004,000","-23,269,000","3,700,000","24,056,000","16,363,000","98,761,000","62,104,000","27,900,000","-9,400,000","-127,700,000","-214,400,000","-92,600,000","-121,000,000","500,000","12,200,000","12,900,000","8,900,000","2,500,000","-51,900,000","10,300,000","3,000,000","-7,600,000","-88,400,000","-3,600,000","33,000,000","22,700,000","18,900,000","14,500,000","12,400,000","15,000,000","14,600,000","19,800,000","6,400,000","3,900,000","-3,100,000","10,800,000","8,400,000","4,500,000","3,000,000","1,100,000","5,300,000","5,400,000","5,300,000","4,900,000","4,400,000","4,200,000","5,300,000","4,300,000","3,400,000","2,500,000","1,900,000","1,100,000","1,000,000","100,000","-2,100,000","-2,100,000","-2,100,000","-2,100,000"
			NetIncomeContinuousOperations,"326,355,000","96,414,000","127,636,000","85,096,000","17,209,000","25,281,000","114,368,000","59,486,000","18,209,000","10,158,000","68,512,000","76,210,000","4,618,000","6,157,000","29,933,000","58,173,000","-4,272,000","12,004,000","33,779,000","73,300,000","42,912,000","35,058,000","122,041,000","78,065,000","15,864,000","14,012,000","41,384,000","34,880,000","33,354,000","21,349,000","22,729,000","852,000","10,248,000","12,602,000","41,500,000","33,367,000","20,642,000","26,360,000","67,862,000","35,449,000","6,927,000","50,827,000","16,731,000","11,247,000","9,178,000","130,406,000","24,621,000","30,874,000","17,602,000","20,358,000","11,055,000","6,764,000","221,000","-7,768,000","2,750,000","6,355,000","2,138,000","-13,685,000","4,182,000","-332,000","3,989,000","7,279,000","3,464,000","9,327,000","7,681,000","15,437,000","12,830,000","-99,000","25,977,000","2,538,000","2,530,000","-15,061,000","-3,395,000","10,317,000","39,449,000","21,054,000","-24,317,000","-152,802,000","-12,213,000","-18,359,000","-14,387,000","-80,795,000","-85,367,000","-16,920,000","-22,997,000","3,952,000","23,877,000","16,468,000","98,105,000","62,104,000","27,900,000","-9,400,000","-127,700,000","-214,400,000","-92,600,000","-121,000,000","500,000","12,200,000","12,900,000","8,900,000","2,500,000","-51,900,000","10,300,000","3,000,000","-7,600,000","-88,400,000","-3,600,000","33,000,000","22,700,000","18,900,000","14,500,000","12,400,000","15,000,000","14,600,000","19,800,000","6,400,000","-3,700,000","-3,100,000","10,800,000","8,400,000","4,500,000","3,000,000","1,100,000","5,300,000","5,400,000","5,300,000","4,900,000","4,400,000","4,200,000","5,300,000","4,300,000","3,400,000","2,500,000","1,900,000","1,100,000","1,000,000","100,000","-2,100,000","-2,100,000","-2,100,000","-2,100,000"
			NetIncomeDiscontinuousOperations,,,,,,,,,,,,,,,,,,,,,,,,,,,,,,,,,,,,,,,,,,,,,,,,,,,,,,,,,,,,,,,,,,,,,,,,,,,,,,"0",,,"-1,452,000",,,,,,,,,,,,,,,,,,,,,,,,,,,,,,,,,,,,,,,,,,,,,,,,,,,,,,,,,,,,
			NetIncomeExtraordinary,,,,,,,,,,,,,,,,,,,,,,,,,,,,,,,,,,,,,,,,,,,,,,,,,,,,,,,,,,,,,,,,,,,,,,,,,,,,,,,,,,,,,,"0",,,"-1,707,000",,,,,,,,,,,,,,,,,,,,,,,,,"0",,,"7,600,000",,,,,,,,,,,,,,,,,,,,,,,,
			NetIncomeFromTaxLossCarryforward,,,,,,,,,,,,,,,,,,,,,,,,,,,,,,,,,,,,,,,,,,,,,,,,,,,,,,,,,,,,,,,,,,,,,,,,,,,,,,,,,,,,,,"0",,,"2,482,000",,,,,,,,,,,,,,,,,,,,,,,,,,,,,,,,,,,,,,,,,,,,,,,,,,,,
		MinorityInterests,,,,,,,,,,,,,,,,,,,,,,,,,,,,,,,,,,,,,,,,,,,,,,,,,,,,,,,,,,,,,,,,,,,,,,,,,,,,,,,,,,"211,000","44,000","84,000","272,000","252,000","-179,000","105,000","119,000",,,,,,,,,,,,,,,,,,,,,,,,,,,,,,,,,,,,,,,,,,,,,,,,,,,,
DilutedNIAvailtoComStockholders,"326,355,000","96,414,000","127,636,000","85,096,000","17,209,000","25,281,000","114,368,000","59,486,000","18,209,000","10,158,000","68,512,000","76,210,000","4,618,000","6,157,000","29,933,000","58,173,000","-4,272,000","12,004,000","33,779,000","73,300,000","42,912,000","35,058,000","122,041,000","78,065,000","15,864,000","14,012,000","41,384,000","34,880,000","33,354,000","21,349,000","22,729,000","852,000","10,248,000","12,602,000","41,500,000","33,367,000","20,642,000","26,360,000","67,862,000","35,449,000","6,927,000","50,827,000","16,731,000","11,247,000","9,178,000","130,406,000","24,621,000","30,874,000","17,602,000","20,358,000","11,055,000","6,764,000","221,000","-7,768,000","2,750,000","6,355,000","2,138,000","-13,685,000","4,182,000","-332,000","3,989,000","7,279,000","3,464,000","9,327,000","7,681,000","15,437,000","12,830,000","-99,000","25,977,000","2,538,000","2,530,000","-15,061,000","-3,395,000","10,317,000","39,449,000","21,054,000","-24,317,000","-152,802,000","-12,213,000","-18,359,000","-15,839,000","-80,795,000","-85,367,000","-16,920,000","-22,997,000","3,952,000","23,877,000","16,468,000","98,880,000","62,104,000","27,900,000","-9,400,000","-127,700,000","-214,400,000","-92,600,000","-121,000,000","500,000","12,200,000","12,900,000","8,900,000","2,500,000","-51,900,000","10,300,000","3,000,000","-7,600,000","-88,400,000","-3,600,000","33,000,000","22,700,000","18,900,000","14,500,000","12,400,000","15,000,000","14,600,000","19,800,000","6,400,000","3,900,000","-3,100,000","10,800,000","8,400,000","4,500,000","3,000,000","1,100,000","5,300,000","5,400,000","5,300,000","4,900,000","4,400,000","4,200,000","5,300,000","4,300,000",,,,,,,,,,
BasicEPS,,"1.69","2.23","1.48","0.3","0.44","1.97","1.02","0.31","0.17","1.18","1.31","0.08","0.1","0.5","0.96","-0.07","0.19","0.53","1.16","0.67","0.55","1.91","1.24","0.25","0.22","0.65","0.55","0.53","0.34","0.36","0.01","0.17","0.2","0.66","0.53","0.33","0.41","1.04","0.55","0.11",,"0.26","0.17","0.14",,"0.36","0.45","0.26",,"0.17","0.1","0",,"0.04","0.1","0.03",,"0.05","0","0.05",,"0.04","0.11","0.09",,"0.15","0","0.3",,"0.03","-0.18","-0.04",,"0.47","0.25","-0.29",,"-0.15","-0.22","-0.19",,"-1.08","-0.23","-0.31",,"0.32","0.25","1.51",,"0.45","-0.15","-2.12",,"-1.5","-1.9","0.01",,"0.19","0.13","0.04",,"0.16","0.05","-0.12",,"-0.06","0.47","0.34",,"0.23","0.2","0.25",,"0.37","0.13","0.07",,"0.23","0.18","0.1",,"0.03","0.17","0.17",,"0.16","0.14","0.14",,"0.14","0.11","0.1",,"0.04","0.04","0.01",,"-0.09","-0.09","-0.09"
DilutedEPS,,"1.64","2.16","1.43","0.29","0.42","1.91","0.99","0.3","0.17","1.13","1.27","0.08","0.1","0.49","0.93","-0.07","0.19","0.52","1.1","0.64","0.52","1.83","1.19","0.24","0.21","0.63","0.53","0.5","0.32","0.35","0.01","0.16","0.2","0.63","0.5","0.31","0.39","0.99","0.51","0.1",,"0.25","0.17","0.13",,"0.34","0.42","0.25",,"0.17","0.1","0",,"0.04","0.1","0.03",,"0.05","0","0.04",,"0.04","0.11","0.09",,"0.15","0","0.3",,"0.03","-0.18","-0.04",,"0.46","0.25","-0.29",,"-0.15","-0.22","-0.19",,"-1.08","-0.23","-0.31",,"0.3","0.23","1.27",,"0.4","-0.15","-2.12",,"-1.5","-1.9","0.01",,"0.18","0.13","0.04",,"0.15","0.04","-0.12",,"-0.06","0.47","0.34",,"0.23","0.2","0.25",,"0.37","0.13","0.07",,"0.23","0.18","0.1",,"0.03","0.17","0.17",,"0.16","0.14","0.14",,"0.14","0.11","0.1",,"0.04","0.04","0.01",,"-0.09","-0.09","-0.09"
BasicAverageShares,,"56,993,000","57,178,000","57,364,000","57,582,000","57,899,000","58,024,000","58,191,000","58,313,000","58,527,000","58,188,000","58,011,000","58,540,000","59,031,000","59,511,000","60,472,000","61,462,000","62,654,000","63,453,000","63,431,000","64,097,000","64,232,000","63,837,000","62,787,000","62,450,000","62,843,000","63,328,000","63,346,000","63,274,000","62,852,000","62,885,000","62,241,000","62,032,000","62,215,000","62,854,000","63,217,000","63,363,000","63,877,000","65,055,000","64,924,000","64,470,000",,"63,957,000","64,426,000","67,099,000",,"68,074,000","68,513,000","66,639,000",,"65,302,000","65,281,000","65,254,000",,"65,172,000","64,971,000","66,622,000",,"89,068,000","88,998,000","88,490,000",,"87,756,000","87,553,000","87,196,000",,"86,399,000","85,804,000","85,230,000",,"84,773,000","84,671,000","84,419,000",,"84,015,000","83,946,000","83,763,000",,"83,487,000","83,413,000","83,018,000",,"79,207,000","74,000,000","74,253,000",,"75,127,000","66,041,000","65,549,000",,"62,134,000","62,666,667","60,235,849",,"61,733,333","63,684,211","50,000,000",,"67,894,737","68,461,538","62,500,000",,"64,375,000","60,000,000","63,333,333",,"60,000,000","70,212,766","66,764,706",,"63,043,478","62,000,000","60,000,000",,"53,513,514","49,230,769","55,714,286",,"46,956,522","46,666,667","45,000,000",,"36,666,667","31,176,471","31,764,706",,"30,625,000","31,428,571","30,000,000",,"30,714,286","29,442,000","29,442,000",,"29,442,000","29,442,000","29,442,000",,"29,442,000","29,442,000","29,442,000"
DilutedAverageShares,,"58,625,000","59,031,000","59,451,000","59,513,000","59,922,000","59,963,000","60,127,000","60,280,000","60,683,000","60,492,000","60,213,000","60,258,000","60,199,000","60,783,000","62,431,000","61,462,000","64,572,000","65,557,000","66,360,000","67,160,000","67,062,000","66,748,000","65,717,000","65,232,000","65,398,000","65,761,000","66,329,000","66,410,000","65,815,000","65,214,000","65,085,000","64,688,000","64,545,000","65,368,000","66,125,000","66,188,000","67,138,000","68,866,000","69,207,000","68,529,000",,"66,989,000","67,265,000","70,445,000",,"71,695,000","72,878,000","70,755,000",,"65,632,000","65,473,000","65,341,000",,"65,274,000","65,317,000","67,213,000",,"89,533,000","88,998,000","89,669,000",,"88,725,000","88,499,000","88,759,000",,"88,101,000","85,804,000","86,183,000",,"86,159,000","84,671,000","84,419,000",,"86,440,000","85,556,000","83,763,000",,"83,487,000","83,413,000","83,018,000",,"79,207,000","74,000,000","74,253,000",,"80,388,000","70,918,000","80,684,000",,"80,911,000","62,666,667","60,235,849",,"61,733,333","63,684,211","50,000,000",,"71,666,667","68,461,538","62,500,000",,"68,666,667","75,000,000","63,333,333",,"60,000,000","70,212,766","66,764,706",,"63,043,478","62,000,000","60,000,000",,"53,513,514","49,230,769","55,714,286",,"46,956,522","46,666,667","45,000,000",,"36,666,667","31,176,471","31,764,706",,"30,625,000","31,428,571","30,000,000",,"30,714,286","29,442,000","29,442,000",,"29,442,000","29,442,000","29,442,000",,"29,442,000","29,442,000","29,442,000"
TotalOperatingIncomeAsReported,"366,338,000","107,865,000","144,174,000","95,196,000","19,103,000","24,704,000","129,650,000","64,153,000","18,675,000","9,981,000","72,679,000","86,676,000","4,144,000","7,107,000","44,241,000","55,578,000","-6,157,000","20,767,000","103,506,000","90,888,000","47,300,000","44,713,000","146,189,000","103,937,000","22,211,000","22,192,000","63,911,000","44,108,000","50,000,000","30,407,000","44,374,000","18,073,000","15,915,000","20,060,000","52,786,000","50,665,000","31,505,000","33,805,000","106,129,000","50,425,000","10,471,000","20,888,000","26,399,000","17,913,000","14,336,000","13,665,000","23,108,000","29,057,000","17,497,000","8,310,000","10,903,000","6,438,000","-247,000","-5,708,000","2,127,000","5,754,000","1,043,000","-13,018,000","1,249,000","-3,467,000","471,000","-4,328,000","-195,000","6,101,000","4,255,000","11,665,000","5,385,000","-1,841,000","24,106,000","-4,422,000","-13,822,000","-15,594,000","-4,670,000","7,773,000","39,016,000","3,597,000","-24,846,000","-154,442,000","-15,304,000","-17,570,000","-16,572,000","-94,042,000","-84,806,000","-18,704,000","-37,519,000","15,892,000","22,178,000","15,176,000","16,206,000","5,476,000","5,200,000","2,700,000","-200,000","-181,900,000","-72,200,000","-46,800,000","-2,400,000","13,300,000","17,300,000","16,000,000","5,400,000","-35,900,000","5,400,000","700,000","-9,300,000","-105,900,000","-4,600,000","48,400,000","30,500,000","21,000,000","19,700,000","22,100,000","20,600,000","21,100,000","17,900,000","8,000,000","-7,900,000","-1,500,000","15,200,000","11,400,000","6,100,000","3,600,000","700,000","7,800,000","8,000,000","7,600,000","6,700,000","6,300,000","5,900,000","5,700,000","4,400,000",,,,,,,,,,
TotalExpenses,"1,415,122,000","382,107,000","404,175,000","370,690,000","258,150,000","268,833,000","356,145,000","283,172,000","223,546,000","247,385,000","301,989,000","302,236,000","234,109,000","238,247,000","280,054,000","310,727,000","260,640,000","282,406,000","379,235,000","334,649,000","273,435,000","273,309,000","376,840,000","324,682,000","237,217,000","209,807,000","283,874,000","261,896,000","245,133,000","224,776,000","251,032,000","175,749,000","136,650,000","129,625,000","166,085,000","140,160,000","123,355,000","173,068,000","200,712,000","143,349,000","88,535,000","89,743,000","95,969,000","83,689,000","77,906,000","78,268,000","72,912,000","70,640,000","64,418,000","53,257,000","54,673,000","50,801,000","40,506,000","37,084,000","41,706,000","47,524,000","42,968,000","45,745,000","49,209,000","48,740,000","40,653,000","47,454,000","42,554,000","42,506,000","40,926,000","30,493,000","42,868,000","49,991,000","28,716,000","44,352,000","54,751,000","62,778,000","62,064,000","27,452,000","15,358,000","46,138,000","57,930,000","187,512,000","73,612,000","87,782,000","90,511,000","142,798,000","156,316,000","95,980,000","215,273,000","198,195,000","185,820,000","174,361,000","165,206,000","154,724,000","145,600,000","130,100,000","120,800,000","309,300,000","225,300,000","216,500,000","180,400,000","274,600,000","223,500,000","208,000,000","196,200,000","248,900,000","247,900,000","235,300,000","224,200,000","338,900,000","300,400,000","269,400,000","269,800,000","252,200,000","208,900,000","180,100,000","155,400,000","149,100,000","132,000,000","116,800,000","107,100,000","125,300,000","76,500,000","64,900,000","56,900,000","40,400,000","35,900,000","31,000,000","32,400,000","31,600,000","30,300,000","28,300,000","25,100,000","22,800,000","19,300,000",,,,,,,,,,
NetIncomeFromContinuingAndDiscontinuedOperation,"326,355,000","96,414,000","127,636,000","85,096,000","17,209,000","25,281,000","114,368,000","59,486,000","18,209,000","10,158,000","68,512,000","76,210,000","4,618,000","6,157,000","29,933,000","58,173,000","-4,272,000","12,004,000","33,779,000","73,300,000","42,912,000","35,058,000","122,041,000","78,065,000","15,864,000","14,012,000","41,384,000","34,880,000","33,354,000","21,349,000","22,729,000","852,000","10,248,000","12,602,000","41,500,000","33,367,000","20,642,000","26,360,000","67,862,000","35,449,000","6,927,000","50,827,000","16,731,000","11,247,000","9,178,000","130,406,000","24,621,000","30,874,000","17,602,000","20,358,000","11,055,000","6,764,000","221,000","-7,768,000","2,750,000","6,355,000","2,138,000","-13,685,000","4,182,000","-332,000","3,989,000","7,279,000","3,464,000","9,327,000","7,681,000","15,437,000","12,830,000","-99,000","25,977,000","2,538,000","2,530,000","-15,061,000","-3,395,000","10,317,000","39,449,000","21,054,000","-24,317,000","-152,802,000","-12,213,000","-18,359,000","-15,839,000","-80,795,000","-85,367,000","-16,920,000","-22,997,000","3,952,000","23,877,000","16,468,000","98,105,000","62,104,000","27,900,000","-9,400,000","-127,700,000","-214,400,000","-92,600,000","-121,000,000","500,000","12,200,000","12,900,000","8,900,000","2,500,000","-51,900,000","10,300,000","3,000,000","-7,600,000","-88,400,000","-3,600,000","33,000,000","22,700,000","18,900,000","14,500,000","12,400,000","15,000,000","14,600,000","19,800,000","6,400,000","-3,700,000","-3,100,000","10,800,000","8,400,000","4,500,000","3,000,000","1,100,000","5,300,000","5,400,000","5,300,000","4,900,000","4,400,000","4,200,000","5,300,000","4,300,000",,,,,,,,,,
NormalizedIncome,"326,355,000","96,414,000","127,636,000","85,096,000","17,209,000","25,281,000","114,368,000","59,486,000","18,523,688","28,192,994.736","68,512,000","76,210,000","4,618,000","2,870,814.123","42,682,168","58,173,000","-4,272,000","12,004,000","33,779,000","73,300,000","42,912,000","42,740,426.825","122,041,000","78,065,000","15,864,000","14,012,000","41,435,714","35,489,872","24,929,000","21,349,000","24,809,000","11,506,800","10,248,000","12,585,859.507","41,509,408","33,265,976","20,814,780","26,360,000","69,965,588","35,477,080","6,942,065","50,797,750","16,775,928.177","11,263,872.375","9,188,780.488","130,055,000","24,384,400","31,468,750","17,570,279.326","21,067,800","10,652,009.852","5,226,591.491","-1,551,550","-7,532,700","2,740,234.375","7,539,950","1,946,229.071","-5,775,800","2,659,640.267","3,209,200","3,963,097.403","10,360,000","6,299,803.204","9,085,200","7,532,200","11,224,400","12,798,200","1,353,000","10,889,400","2,677,200","3,875,200","-12,572,200","-2,723,000","7,936,800","-4,629,199.018","6,597,000","-19,689,200","-57,724,200","-9,209,634.911","-15,717,200","-14,020,400","-43,751,000","-78,363,000","-17,200,000","-32,471,000","5,240,387.444","22,805,428.334","12,956,283.167","14,559,418.146","26,052,400","11,880,000","-2,200,000","-51,200,000","-202,538,726.174","-81,740,000","-104,380,000","-1,562,500","-5,680,000","11,778,260.87","8,900,000","2,500,000","-41,728,643.216","1,716,666.667","-1,928,571.429","-7,600,000","-83,226,463.104","-3,192,452.83","33,136,929.461","20,916,918.429","12,736,956.522","13,542,452.83","15,155,555.556","14,041,095.89","12,533,333.333","11,933,333.333","5,890,909.091","-5,247,272.727","-4,360,000","10,589,610.39","7,980,000","4,289,062.5","2,100,000","676,923.077","4,980,722.892","5,023,255.814","4,514,814.815","4,442,666.667","3,960,000","3,812,307.692","4,274,193.548","3,794,117.647",,,,,,,,,,
InterestIncome,"1,563,000","115,000","140,000","288,000","1,020,000","1,323,000","1,465,000","1,658,000","1,835,000","2,733,000","2,651,000","2,530,000","2,544,000","2,507,000","1,999,000","1,805,000","1,706,000","1,637,000","1,191,000","1,005,000","929,000","698,000","415,000","296,000","267,000","243,000","165,000","215,000","254,000","160,000","89,000","136,000","195,000","267,000","222,000","201,000",,"106,000","76,000","131,000","127,000",,,,,,,,"228,000",,,,,,,,,,,,,,,,,,,,,,,,,,,,,,,,,,,,,,,,,,,,,,,,,,,,,,,,,,,,,,,,,,,,,,,,,,,,,,,,,,,,,,,,,,,,
InterestExpense,"948,000","218,000","218,000","253,000","259,000","259,000","259,000","280,000","259,000","259,000","259,000","280,000","259,000","259,000","259,000","280,000","259,000","259,000","279,000","280,000","335,000","580,000","765,000","1,299,000","956,000","844,000","756,000","816,000","892,000","1,029,000","1,131,000","2,806,000","662,000",,,,,,,,,,,,,,,,,,,,,,,,,,,,,,,,,,,,,,,,,,,,,,,,,,,,,,,,,,,,,,,,,,,,,,,,,,,,,,,,,,,,,,,,,,,,,,,,,,,,,,,,,,,,
NetInterestIncome,"615,000","-103,000","-78,000","35,000","761,000","1,064,000","1,206,000","1,378,000","1,576,000","2,474,000","2,392,000","2,250,000","2,285,000","2,248,000","1,740,000","1,525,000","1,447,000","1,378,000","912,000","725,000","594,000","118,000","-350,000","-1,003,000","-689,000","-601,000","-591,000","-601,000","-638,000","-869,000","-1,042,000","-2,670,000","-467,000","267,000","222,000","201,000","158,000","106,000","76,000","131,000","127,000","139,000","112,000","112,000","154,000","187,000","212,000","233,000","228,000","237,000","269,000","376,000","463,000",,,,,,,,,,,,,,,,,,,,,,,,,,,,,,,,,,,,,,,,,,,,,,,,,,,,,,,,,,,,,,,,,,,,,,,,,,,,,,,,,,,,,,,,
EBIT,"369,611,000","108,160,000","144,227,000","97,343,000","19,881,000","28,179,000","130,908,000","66,595,000","20,621,000","12,608,000","74,767,000","88,638,000","6,310,000","9,464,000","32,573,000","57,005,000","-4,241,000","22,246,000","105,019,000","90,777,000","48,210,000","45,493,000","146,557,000","103,972,000","22,625,000","21,957,000","63,151,000","43,799,000","50,390,000","30,959,000","43,392,000","6,215,000","16,611,000","20,034,000","52,798,000","50,511,000","31,770,000","33,805,000","109,421,000","50,425,000","10,471,000","20,888,000","26,399,000","17,913,000","14,336,000","13,165,000","22,713,000","29,958,000","17,497,000","9,382,000","10,489,000","4,873,000","-2,992,000","-3,564,000","2,127,000","5,754,000","1,043,000","-923,000","-304,000","-1,706,000","471,000","-3,807,000","2,744,000","5,673,000","4,255,000","11,665,000","5,385,000","470,000","24,106,000","-3,937,000","-10,715,000","-11,446,000","-2,947,000","22,762,000","39,912,000","3,992,000","-17,206,000","-135,367,000","-13,096,000","-14,468,000","-14,487,000","-59,188,000","-79,346,000","-18,704,000","-35,600,000","1,530,000","22,178,000","15,176,000","16,206,000","5,476,000","5,200,000","2,700,000","-200,000","-181,900,000","-72,200,000","-46,800,000","-2,400,000","13,300,000","17,300,000","16,000,000","5,400,000","-35,900,000","5,400,000","700,000","-9,300,000","-105,900,000","-4,600,000","48,400,000","30,500,000","21,000,000","19,700,000","22,100,000","20,600,000","21,100,000","17,900,000","8,000,000","-7,900,000","-1,500,000","15,200,000","11,400,000","6,100,000","3,600,000","700,000","7,800,000","8,000,000","7,600,000","6,700,000","6,300,000","5,900,000","5,700,000","4,400,000","18,000,000","14,800,000","-20,400,000","9,400,000","9,300,000","6,100,000","-15,400,000","2,300,000","2,300,000","2,300,000"
EBITDA,"431,672,000"
ReconciledCostOfRevenue,"857,819,000","231,243,000","258,827,000","230,442,000","137,307,000","145,418,000","234,295,000","167,115,000","115,101,000","133,056,000","177,163,000","180,979,000","115,759,000","115,802,000","161,115,000","181,186,000","129,924,000","150,543,000","247,653,000","214,255,000","159,019,000","163,585,000","267,877,000","216,920,000","132,743,000","116,745,000","182,952,000","164,535,000","150,179,000","136,208,000","167,775,000","109,647,000","77,190,000","76,291,000","115,034,000","91,223,000","75,627,000","123,259,000","152,083,000","93,687,000","45,566,000","48,284,000","56,338,000","47,247,000","44,533,000","45,415,000","43,163,000","43,818,000","35,180,000","27,355,000","30,276,000","26,700,000","17,927,000","15,051,000","19,755,000","23,292,000","19,360,000","20,115,000","21,565,000","20,213,000","16,759,000","17,369,000","17,886,000","20,014,000","18,023,000","17,678,000","21,686,000","23,596,000","25,522,000","16,601,000","24,091,000","25,779,000","24,685,000","23,921,000","23,445,000","21,019,000","17,182,000","25,778,000","29,361,000","37,227,000","37,391,000","43,042,000","70,656,000","46,584,000","158,998,000","136,761,000","117,474,000","102,736,000","100,257,000","96,802,000","85,200,000","71,600,000","63,800,000","248,600,000","157,200,000","135,500,000","99,400,000","185,600,000","128,200,000","115,400,000","104,400,000","141,500,000","135,400,000","124,300,000","109,600,000","202,400,000","181,100,000","161,700,000","164,900,000","159,400,000","125,400,000","104,700,000","82,900,000","78,900,000","70,300,000","58,900,000","56,400,000","68,800,000","45,100,000","37,800,000","30,000,000","20,400,000","15,400,000","17,000,000","17,200,000","17,100,000","16,800,000","15,800,000","14,400,000","12,700,000","10,800,000",,,,,,,,,,
ReconciledDepreciation,"62,061,000","16,905,000","17,446,000","15,812,000","11,898,000","11,605,000","11,633,000","12,100,000","11,745,000","12,858,000","17,468,000","18,166,000","19,745,000","17,188,000","17,342,000","22,657,000","22,639,000","22,224,000","20,144,000","19,435,000","19,596,000","15,444,000","15,028,000","15,049,000","17,912,000","14,806,000","15,233,000","14,633,000","13,388,000","12,877,000","10,869,000","7,012,000","4,097,000","4,037,000","3,934,000","3,545,000","3,367,000","3,522,000","2,890,000","4,192,000","2,958,000","2,710,000","2,606,000","2,394,000","2,262,000","2,210,000","2,042,000","1,972,000","1,921,000","1,876,000","1,897,000","2,085,000","2,030,000","2,121,000","2,018,000","1,943,000","2,086,000","2,007,000","2,335,000","2,260,000","1,731,000","1,027,000","1,673,000","1,204,000","1,732,000","874,000","1,801,000","2,072,000","2,769,000","5,773,000","6,162,000","6,044,000","6,178,000","6,196,000","6,526,000","6,891,000","7,585,000","8,495,000","9,858,000","10,422,000","11,273,000","10,317,000","10,011,000","7,814,000","7,266,000","6,422,000","7,286,000","7,777,000","7,642,000","8,418,000","8,200,000","8,000,000","7,600,000","9,500,000","14,300,000","20,100,000","18,400,000","15,800,000","18,400,000","19,600,000","18,100,000","22,400,000","21,200,000","21,600,000","22,800,000","20,500,000","16,200,000","14,800,000","12,800,000","7,100,000","10,300,000","9,000,000","7,900,000","8,400,000","6,500,000","6,500,000","5,500,000","4,600,000","3,900,000","3,500,000","3,200,000","2,400,000","2,700,000","1,700,000","1,600,000","1,500,000","1,300,000","1,300,000","1,000,000","1,400,000","1,000,000",,,,,,,,,,
NetIncomeFromContinuingOperationNetMinorityInterest,"326,355,000","96,414,000","127,636,000","85,096,000","17,209,000","25,281,000","114,368,000","59,486,000","18,209,000","10,158,000","68,512,000","76,210,000","4,618,000","6,157,000","29,933,000","58,173,000","-4,272,000","12,004,000","33,779,000","73,300,000","42,912,000","35,058,000","122,041,000","78,065,000","15,864,000","14,012,000","41,384,000","34,880,000","33,354,000","21,349,000","22,729,000","852,000","10,248,000","12,602,000","41,500,000","33,367,000","20,642,000","26,360,000","67,862,000","35,449,000","6,927,000","50,827,000","16,731,000","11,247,000","9,178,000","130,406,000","24,621,000","30,874,000","17,602,000","20,358,000","11,055,000","6,764,000","221,000","-7,768,000","2,750,000","6,355,000","2,138,000","-13,685,000","4,182,000","-332,000","3,989,000","7,279,000","3,464,000","9,327,000","7,681,000","15,437,000","12,830,000","-99,000","25,977,000","2,538,000","2,530,000","-15,061,000","-3,395,000","10,317,000","39,449,000","21,054,000","-24,317,000","-152,802,000","-12,213,000","-18,359,000","-14,387,000","-80,795,000","-85,367,000","-16,920,000","-22,997,000","3,952,000","23,877,000","16,468,000","98,105,000","62,104,000","27,900,000","-9,400,000","-127,700,000","-214,400,000","-92,600,000","-121,000,000","500,000","12,200,000","12,900,000","8,900,000","2,500,000","-51,900,000","10,300,000","3,000,000","-7,600,000","-88,400,000","-3,600,000","33,000,000","22,700,000","18,900,000","14,500,000","12,400,000","15,000,000","14,600,000","19,800,000","6,400,000","-3,700,000","-3,100,000","10,800,000","8,400,000","4,500,000","3,000,000","1,100,000","5,300,000","5,400,000","5,300,000","4,900,000","4,400,000","4,200,000","5,300,000","4,300,000",,,,,,,,,,
TotalUnusualItemsExcludingGoodwill,"0","0","0","0","0","0","0","0","-352,000","-21,925,000","0",,,"4,913,000","-13,768,000",,,"0",,,,"-9,842,000","0","0","0","0","-78,000","-752,000","12,500,000","0","-3,200,000","-16,392,000","0","26,000","-12,000","154,000","-265,000","0","-3,292,000","-40,000","-23,000","45,000","-71,000","-27,000","-17,000","540,000","364,000","-915,000","32,000","-1,092,000","407,000","1,544,000","2,727,000","-362,000","10,000","-1,823,000","195,000","-12,168,000","1,526,000","-5,448,000","26,000","-4,740,000","-2,862,000","403,000","248,000","7,021,000","53,000","-2,420,000","25,146,000","-232,000","-2,242,000","-4,148,000","-1,120,000","3,967,000","44,162,000","24,095,000","-7,713,000","-158,463,000","-4,094,000","-4,403,000","-611,000","-37,044,000","-7,004,000","280,000","9,474,000","-1,454,000","1,187,000","3,922,000","92,667,000","60,086,000","26,700,000","-12,000,000","-127,500,000","-11,900,000","-18,100,000","-27,700,000","3,300,000","29,800,000","1,600,000",,,"-11,700,000","12,000,000","6,900,000",,"-6,900,000","-600,000","-200,000","2,600,000","9,000,000","1,400,000","-4,000,000","1,400,000","3,100,000","11,800,000","700,000","2,300,000","2,100,000","300,000","600,000","300,000","1,200,000","500,000","500,000","600,000","1,200,000","700,000","700,000","600,000","1,200,000","600,000",,,,,,,,,,
TotalUnusualItems,"0","0","0","0","0","0","0","0","-352,000","-21,925,000","0",,,"4,913,000","-13,768,000",,,"0",,,,"-9,842,000","0","0","0","0","-78,000","-752,000","12,500,000","0","-3,200,000","-16,392,000","0","26,000","-12,000","154,000","-265,000","0","-3,292,000","-40,000","-23,000","45,000","-71,000","-27,000","-17,000","540,000","364,000","-915,000","32,000","-1,092,000","407,000","1,544,000","2,727,000","-362,000","10,000","-1,823,000","195,000","-12,168,000","1,526,000","-5,448,000","26,000","-4,740,000","-2,862,000","403,000","248,000","7,021,000","53,000","-2,420,000","25,146,000","-232,000","-2,242,000","-4,148,000","-1,120,000","3,967,000","44,162,000","24,095,000","-7,713,000","-158,463,000","-4,094,000","-4,403,000","-611,000","-37,044,000","-7,004,000","280,000","9,474,000","-1,454,000","1,187,000","3,922,000","92,667,000","60,086,000","26,700,000","-12,000,000","-127,500,000","-11,900,000","-18,100,000","-27,700,000","3,300,000","29,800,000","1,600,000",,,"-11,700,000","12,000,000","6,900,000",,"-6,900,000","-600,000","-200,000","2,600,000","9,000,000","1,400,000","-4,000,000","1,400,000","3,100,000","11,800,000","700,000","2,300,000","2,100,000","300,000","600,000","300,000","1,200,000","500,000","500,000","600,000","1,200,000","700,000","700,000","600,000","1,200,000","600,000",,,,,,,,,,
NormalizedEBITDA,"431,672,000","125,065,000","161,673,000","113,155,000","31,779,000","39,784,000","142,541,000","78,695,000","32,718,000","47,391,000","92,235,000","106,804,000","26,055,000","21,739,000","63,683,000","79,662,000","18,398,000","44,470,000","125,163,000","110,212,000","67,806,000","70,779,000","161,585,000","119,021,000","40,537,000","36,763,000","78,462,000","59,184,000","51,278,000","43,836,000","57,461,000","29,619,000","20,708,000","24,045,000","56,744,000","53,902,000","35,402,000","37,327,000","115,603,000","54,657,000","13,452,000","23,553,000","29,076,000","20,334,000","16,615,000","14,835,000","24,391,000","32,845,000","19,386,000","12,350,000","11,979,000","5,414,000","-3,689,000","-1,081,000","4,135,000","9,520,000","2,934,000","13,252,000","505,000","6,002,000","2,176,000","1,960,000","7,279,000","6,474,000","5,739,000","5,518,000","7,133,000","4,962,000","1,729,000","2,068,000","-2,311,000","-1,254,000","4,351,000","24,991,000","2,276,000","-13,212,000","-1,908,000","31,591,000","856,000","357,000","-2,603,000","-11,827,000","-62,331,000","-11,170,000","-37,808,000","9,406,000","28,277,000","19,031,000","-68,819,000","-46,192,000","-13,300,000","22,700,000","134,900,000","-160,500,000","-39,800,000","1,000,000","12,700,000","-700,000","34,100,000","35,600,000","23,500,000","-1,800,000","14,600,000","15,400,000","13,500,000","-78,500,000","12,200,000","63,400,000","40,700,000","19,100,000","28,600,000","35,100,000","27,100,000","26,400,000","12,600,000","13,800,000","-4,700,000","1,000,000","18,900,000","14,300,000","9,000,000","4,800,000","2,900,000","9,000,000","9,000,000","7,900,000","7,400,000","6,900,000","6,300,000","5,900,000","4,800,000","18,000,000","14,800,000","-20,400,000","9,400,000","9,300,000","6,100,000","-15,400,000","2,300,000","2,300,000","2,300,000"
TaxRateForCalcs,"0.115","0.107","0.114","0.124","0.123","0.095","0.125","0.103","0.106","0.177","0.08","0.137","0.237","0.331","0.074","0.27","0.051","0.27","0.4","0.19","0.104","0.219","0.163","0.24","0.268","0.336","0.337","0.189","0.326","0.287","0.35","0.35","0.357","0.379","0.216","0.344","0.348","0.223","0.361","0.298","0.345","0.35","0.367","0.375","0.366","0.35","0.35","0.35","0.009","0.35","0.01","0.004","0.35","0.35","0.023","0.35","0.017","0.35","0.002","0.35","0.004","0.35","0.009","0.4","0.4","0.4","0.4","0.4","0.4","0.4","0.4","0.4","0.4","0.4","0.002","0.4","0.4","0.4","0.266","0.4","0.4","0","0","0","0","0.114","0.097","0.105","0.098","0.4","0.4","0.4","0.4","0.003","0.4","0.4","0.375","0.4","0.299","0.299","0.306","0.131","0.285","0.286","0.283","0.25","0.321","0.315","0.314","0.315","0.316","0.311","0.315","0.333","0.333","0.273","0.327","0.4","0.299","0.3","0.297","0.25","0.154","0.361","0.372","0.346","0.347","0.371","0.354","0.145","0.157",,,,,,,,,,
TaxEffectOfUnusualItems,"0","0","0","0","0","0","0","0","-37,312","-3,890,005.264","0","0","0","1,626,814.123","-1,018,832","0","0","0","0","0","0","-2,159,573.175","0","0","0","0","-26,286","-142,128","4,075,000","0","-1,120,000","-5,737,200","0","9,859.507","-2,592","52,976","-92,220","0","-1,188,412","-11,920","-7,935","15,750","-26,071.823","-10,127.625","-6,219.512","189,000","127,400","-320,250","279.326","-382,200","4,009.852","6,591.491","954,450","-126,700","234.375","-638,050","3,229.071","-4,258,800","3,640.267","-1,906,800","97.403","-1,659,000","-26,196.796","161,200","99,200","2,808,400","21,200","-968,000","10,058,400","-92,800","-896,800","-1,659,200","-448,000","1,586,800","83,800.982","9,638,000","-3,085,200","-63,385,200","-1,090,634.911","-1,761,200","-244,400","0","0","0","0","-165,612.556","115,428.334","410,283.167","9,121,418.146","24,034,400","10,680,000","-4,800,000","-51,000,000","-38,726.174","-7,240,000","-11,080,000","1,237,500","11,920,000","478,260.87","0","0","-1,528,643.216","3,416,666.667","1,971,428.571","0","-1,726,463.104","-192,452.83","-63,070.539","816,918.429","2,836,956.522","442,452.83","-1,244,444.444","441,095.89","1,033,333.333","3,933,333.333","190,909.091","752,727.273","840,000","89,610.39","180,000","89,062.5","300,000","76,923.077","180,722.892","223,255.814","414,814.815","242,666.667","260,000","212,307.692","174,193.548","94,117.647",,,,,,,,,,