name,ttm,03/31/2022,12/31/2021,09/30/2021,06/30/2021,03/31/2021,12/31/2020,09/30/2020,06/30/2020,03/31/2020,12/31/2019,09/30/2019,06/30/2019,03/31/2019,12/31/2018,09/30/2018,06/30/2018,03/31/2018,12/31/2017,09/30/2017,06/30/2017,03/31/2017,12/31/2016,09/30/2016,06/30/2016,03/31/2016,12/31/2015,09/30/2015,06/30/2015,03/31/2015,12/31/2014,09/30/2014,06/30/2014,03/31/2014,12/31/2013,09/30/2013,06/30/2013,03/31/2013,12/31/2012,09/30/2012,06/30/2012,03/31/2012,12/31/2011,09/30/2011,06/30/2011,03/31/2011,12/31/2010,09/30/2010,06/30/2010,03/31/2010,12/31/2009,09/30/2009,06/30/2009,03/31/2009,12/31/2008,09/30/2008,06/30/2008,03/31/2008,12/31/2007,09/30/2007,06/30/2007,03/31/2007,12/31/2006,09/30/2006,06/30/2006,03/31/2006,12/31/2005,09/30/2005,06/30/2005,03/31/2005,12/31/2004,09/30/2004,06/30/2004,03/31/2004,12/31/2003,09/30/2003,06/30/2003,03/31/2003,12/31/2002,09/30/2002,06/30/2002,03/31/2002,12/31/2001,09/30/2001,06/30/2001,03/31/2001,12/31/2000,09/30/2000,06/30/2000,03/31/2000,12/31/1999,09/30/1999,06/30/1999,03/31/1999,12/31/1998,09/30/1998,06/30/1998,03/31/1998,12/31/1997,09/30/1997,06/30/1997,03/31/1997,12/31/1996,09/30/1996,06/30/1996,03/31/1996,12/31/1995,09/30/1995,06/30/1995,03/31/1995,12/31/1994,09/30/1994,06/30/1994,03/31/1994,12/31/1993,09/30/1993,06/30/1993,03/31/1993,12/31/1992,09/30/1992,06/30/1992,03/31/1992,12/31/1991,09/30/1991,06/30/1991,03/31/1991,12/31/1990,09/30/1990,06/30/1990,03/31/1990,12/31/1989,09/30/1989,06/30/1989,03/31/1989,12/31/1988,09/30/1988,06/30/1988,03/31/1988,12/31/1987,09/30/1987,06/30/1987,03/31/1987,12/31/1986,09/30/1986,06/30/1986,03/31/1986,12/31/1985,09/30/1985
TotalRevenue,"5,365,700,000","1,496,300,000","1,376,000,000","1,315,600,000","1,177,800,000","1,029,000,000","1,064,100,000","1,126,700,000","1,024,200,000","1,030,200,000","1,144,300,000","1,280,600,000","1,314,800,000","1,071,900,000","1,077,300,000","1,181,400,000","1,236,100,000","984,700,000","1,071,800,000","1,089,100,000","1,071,700,000","857,300,000","893,500,000","991,000,000","996,900,000","794,000,000","876,200,000","973,100,000","984,600,000","709,300,000","790,000,000","904,100,000","859,500,000","650,400,000","121,100,000","968,800,000","996,100,000","857,000,000","845,600,000","910,200,000","984,600,000","889,300,000","789,600,000","870,500,000","870,800,000","693,600,000","626,900,000","665,900,000","709,400,000","562,000,000","645,300,000","604,600,000","618,500,000","511,100,000","623,500,000","832,500,000","863,000,000","708,266,000","675,534,000","778,091,000","793,860,000","631,861,000","611,520,000","648,446,000","692,704,000","621,105,000","370,216,000","601,120,000","645,946,000","592,328,000","402,180,000","631,323,000","640,660,000","562,314,000","528,539,000","549,524,000","554,413,000","475,688,000","463,925,000","499,972,000","552,283,000","455,101,000","433,498,000","462,388,000","490,433,000","463,158,000","413,251,000","444,367,000","479,430,000","434,018,000","394,600,000","400,900,000","425,800,000","390,000,000","380,800,000","378,000,000","395,600,000","363,100,000","319,700,000","315,700,000","337,400,000","287,800,000","277,500,000","252,600,000","262,300,000","225,100,000","217,200,000","216,500,000","200,800,000","188,000,000","170,100,000","184,100,000","183,800,000","154,700,000","151,500,000","160,600,000","160,800,000","138,400,000","119,400,000","134,000,000","87,400,000","132,600,000","37,100,000","163,300,000","156,400,000","144,100,000","151,700,000","157,700,000","161,100,000","150,700,000","132,400,000","136,500,000","141,700,000","143,100,000","141,100,000","144,100,000","143,100,000","139,100,000","135,200,000","141,800,000","138,300,000","127,500,000","115,200,000","115,400,000","117,200,000","118,400,000","105,300,000","122,900,000"
	OperatingRevenue,"5,365,700,000","1,496,300,000","1,376,000,000","1,315,600,000","1,177,800,000","1,029,000,000","1,064,100,000","1,126,700,000","1,024,200,000","1,030,200,000","1,144,300,000","1,280,600,000","1,314,800,000","1,071,900,000","1,077,300,000","1,181,400,000","1,236,100,000","984,700,000","1,071,800,000","1,089,100,000","1,071,700,000","857,300,000","893,500,000","991,000,000","996,900,000","794,000,000","876,200,000","973,100,000","984,600,000","709,300,000","790,000,000","904,100,000","859,500,000","650,400,000","121,100,000","968,800,000","996,100,000","857,000,000","845,600,000","910,200,000","984,600,000","889,300,000","789,600,000","870,500,000","870,800,000","693,600,000","626,900,000","665,900,000","709,400,000","562,000,000","645,300,000","604,600,000","618,500,000","511,100,000","623,500,000","832,500,000","863,000,000","708,266,000","675,534,000","778,091,000","793,860,000","631,861,000","611,520,000","648,446,000","692,704,000","621,105,000","370,216,000","601,120,000","645,946,000","592,328,000","402,180,000","631,323,000","640,660,000","562,314,000","528,539,000","549,524,000","554,413,000","475,688,000","463,925,000","499,972,000","552,283,000","455,101,000","433,498,000","462,388,000","490,433,000","463,158,000","413,251,000","444,367,000","479,430,000","434,018,000","394,600,000","400,900,000","425,800,000","390,000,000","380,800,000","378,000,000","395,600,000","363,100,000","319,700,000","315,700,000","337,400,000","287,800,000","277,500,000","252,600,000","262,300,000","225,100,000","217,200,000","216,500,000","200,800,000","188,000,000","170,100,000","184,100,000","183,800,000","154,700,000","151,500,000","160,600,000","160,800,000","138,400,000","119,400,000","134,000,000","87,400,000","132,600,000","37,100,000","163,300,000","156,400,000","144,100,000","151,700,000","157,700,000","161,100,000","150,700,000","132,400,000","136,500,000","141,700,000","143,100,000","141,100,000","144,100,000","143,100,000","139,100,000","135,200,000","141,800,000","138,300,000","127,500,000","115,200,000","115,400,000","117,200,000","118,400,000","105,300,000","122,900,000"
CostOfRevenue,"3,805,000,000","1,005,400,000","985,500,000","944,000,000","870,100,000","767,300,000","771,600,000","796,400,000","743,000,000","751,800,000","835,600,000","900,400,000","920,600,000","783,300,000","798,500,000","867,100,000","903,900,000","735,300,000","797,000,000","777,600,000","757,700,000","609,600,000","626,400,000","667,400,000","675,700,000","548,600,000","623,400,000","677,600,000","699,200,000","536,300,000","594,300,000","667,000,000","634,900,000","488,300,000","38,100,000","734,000,000","755,900,000","669,400,000","640,500,000","684,300,000","729,200,000","678,100,000","630,800,000","683,000,000","687,100,000","546,500,000","497,400,000","522,300,000","562,800,000","448,400,000","513,400,000","462,300,000","477,800,000","422,100,000","515,400,000","668,400,000","688,900,000","578,917,000","542,786,000","616,715,000","629,220,000","507,373,000","492,330,000","519,102,000","545,908,000","493,725,000","293,674,000","486,148,000","516,267,000","474,605,000","317,204,000","521,722,000","518,055,000","457,962,000","440,331,000","453,451,000","453,353,000","385,520,000","381,051,000","408,023,000","451,011,000","371,720,000","370,738,000","378,546,000","399,790,000","378,546,000","332,156,000","332,473,000","355,981,000","322,523,000","300,300,000","298,600,000","315,500,000","292,500,000","291,700,000","284,500,000","295,300,000","272,600,000","239,700,000","230,400,000","250,900,000","214,300,000","211,500,000","182,800,000","190,100,000","165,600,000","162,200,000","157,300,000","144,700,000","137,500,000","122,800,000","130,800,000","131,000,000","110,100,000","106,700,000","108,100,000","114,000,000","98,400,000","82,600,000","93,500,000","58,700,000","92,600,000","23,400,000","114,400,000","111,700,000","101,900,000","101,900,000","108,400,000","112,900,000","106,300,000",,,,,,,,,,,,,,,,,,
GrossProfit,"1,560,700,000","490,900,000","390,500,000","371,600,000","307,700,000","261,700,000","292,500,000","330,300,000","281,200,000","278,400,000","308,700,000","380,200,000","394,200,000","288,600,000","278,800,000","314,300,000","332,200,000","249,400,000","274,800,000","311,500,000","314,000,000","247,700,000","267,100,000","323,600,000","321,200,000","245,400,000","252,800,000","295,500,000","285,400,000","173,000,000","195,700,000","237,100,000","224,600,000","162,100,000","83,000,000","234,800,000","240,200,000","187,600,000","205,100,000","225,900,000","255,400,000","211,200,000","158,800,000","187,500,000","183,700,000","147,100,000","129,500,000","143,600,000","146,600,000","113,600,000","131,900,000","142,300,000","140,700,000","89,000,000","108,100,000","164,100,000","174,100,000","129,349,000","132,748,000","161,376,000","164,640,000","124,488,000","119,190,000","129,344,000","146,796,000","127,380,000","76,542,000","114,972,000","129,679,000","117,723,000","84,976,000","109,601,000","122,605,000","104,352,000","88,208,000","96,073,000","101,060,000","90,168,000","82,874,000","91,949,000","101,272,000","83,381,000","62,760,000","83,842,000","90,643,000","84,612,000","81,095,000","111,894,000","123,449,000","111,495,000","94,300,000","102,300,000","110,300,000","97,500,000","89,100,000","93,500,000","100,300,000","90,500,000","80,000,000","85,300,000","86,500,000","73,500,000","66,000,000","69,800,000","72,200,000","59,500,000","55,000,000","59,200,000","56,100,000","50,500,000","47,300,000","53,300,000","52,800,000","44,600,000","44,800,000","52,500,000","46,800,000","40,000,000","36,800,000","40,500,000","28,700,000","40,000,000","13,700,000","48,900,000","44,700,000","42,200,000","49,800,000","49,300,000","48,200,000","44,400,000",,,,,,,,,,,,,,,,,,
OperatingExpense,"800,600,000","213,600,000","208,000,000","205,100,000","173,900,000","172,200,000","180,700,000","174,600,000","167,800,000","175,700,000","167,400,000","189,200,000","187,000,000","173,900,000","164,200,000","174,300,000","172,500,000","154,700,000","167,500,000","168,600,000","155,200,000","151,000,000","151,900,000","145,700,000","142,300,000","134,800,000","127,100,000","133,700,000","137,400,000","106,600,000","106,700,000","103,100,000","102,300,000","99,100,000","32,200,000","111,400,000","117,700,000","117,500,000","134,400,000","109,200,000","114,500,000","115,300,000","102,800,000","107,000,000","98,300,000","91,900,000","102,700,000","77,100,000","82,400,000","75,000,000","97,100,000","71,600,000","56,700,000","71,600,000","80,400,000","82,300,000","84,200,000","85,257,000","24,072,000","76,601,000","84,682,000","73,553,000","55,025,000","63,285,000","62,595,000","65,243,000","39,905,000","60,858,000","64,662,000","64,025,000","51,136,000","61,616,000","62,856,000","62,075,000","54,628,000","59,437,000","58,505,000","56,746,000","57,308,000","58,647,000","58,867,000","57,004,000","50,785,000","58,711,000","56,988,000","55,516,000","56,135,000","62,828,000","66,514,000","67,018,000","57,600,000","58,700,000","60,500,000","59,700,000","54,500,000","54,900,000","56,600,000","55,900,000","50,400,000","50,400,000","48,700,000","48,300,000","43,700,000","42,800,000","43,000,000","40,900,000","36,600,000","37,500,000","34,600,000","36,000,000","32,800,000","35,300,000","35,400,000","33,000,000","32,600,000","39,000,000","33,800,000","29,800,000","26,800,000","29,300,000","23,200,000","30,900,000","-19,700,000","78,300,000","38,200,000","38,000,000","39,600,000","38,400,000","37,800,000","38,200,000",,,,,,,,,,,,,,,,,,
	SellingGeneralAndAdministration,"750,400,000","203,000,000","193,500,000","192,600,000","161,300,000","159,800,000","164,200,000","162,300,000","153,100,000","161,900,000","155,600,000","175,000,000","172,300,000","164,200,000","152,100,000","164,800,000","159,900,000","148,600,000","155,900,000","152,200,000","141,600,000","139,700,000","140,800,000","135,600,000","131,500,000","124,100,000","116,500,000","121,700,000","125,600,000","98,100,000","97,000,000","94,400,000","95,400,000","92,200,000","32,500,000","105,800,000","106,600,000","108,800,000","113,100,000","101,100,000","106,000,000","107,500,000","98,800,000","99,900,000","92,200,000","85,700,000","95,800,000","71,500,000","76,500,000","72,300,000","81,900,000","66,600,000","72,800,000","67,700,000","77,400,000","79,100,000","80,900,000","80,602,000","69,381,000","72,155,000","75,516,000","69,164,000","61,891,000","59,559,000","60,675,000","61,359,000","37,947,000","56,621,000","60,496,000","59,823,000","50,518,000","56,665,000","57,771,000","56,967,000","53,607,000","54,576,000","53,686,000","51,941,000","52,538,000","53,844,000","53,577,000","51,844,000","48,649,000","54,420,000","52,521,000","51,512,000","38,178,000","42,857,000","46,526,000","48,922,000","43,700,000","42,500,000","44,200,000","42,900,000","40,600,000","39,300,000","40,500,000","40,100,000","37,400,000","36,300,000","35,000,000","34,500,000","36,000,000","35,600,000","35,300,000","33,700,000","31,800,000","31,000,000","28,700,000","30,000,000","27,400,000","29,800,000","29,900,000","27,900,000","27,600,000","28,100,000","29,000,000","24,900,000","22,600,000","24,400,000","19,300,000","25,900,000","-19,300,000","71,700,000","31,600,000","31,500,000","33,700,000","32,700,000","32,200,000","32,400,000",,,,,,,,,,,,,,,,,,
	ResearchAndDevelopment,"51,800,000","12,300,000","12,900,000","12,800,000","13,800,000","12,600,000","12,600,000","13,700,000","14,100,000","14,400,000","15,900,000","15,200,000","15,400,000","14,400,000","14,700,000","12,300,000","14,200,000","13,900,000","14,700,000","13,500,000","13,900,000","12,800,000","12,500,000","12,300,000","12,000,000","11,300,000","11,800,000","11,300,000","10,900,000","8,800,000","8,800,000","8,600,000","8,500,000","8,000,000","1,900,000","8,800,000","9,200,000","9,400,000","8,600,000","8,100,000","8,500,000","7,800,000","7,300,000","7,100,000","7,300,000","7,000,000","6,400,000","6,000,000","6,500,000","4,500,000","6,700,000","3,200,000","3,200,000","3,500,000","3,000,000","3,200,000","3,300,000","4,655,000","4,272,000","4,446,000","4,275,000","4,389,000","3,770,000","3,726,000","3,701,000","3,884,000","2,781,000","4,237,000","4,166,000","4,202,000","1,171,000","4,951,000","5,085,000","5,108,000","5,734,000","4,861,000","4,819,000","4,805,000","4,677,000","4,803,000","5,290,000","5,160,000","4,563,000","4,291,000","4,467,000","4,004,000","4,418,000","3,878,000","4,075,000","4,092,000","3,900,000","3,900,000","4,100,000","3,900,000","4,000,000","4,100,000","4,200,000","3,900,000","4,100,000","3,900,000","3,900,000","3,900,000",,,,,,,,,,,,,,,,,,,,,,,,,,,,,,,,,,,,,,,,,,,,,,
	DepreciationAmortizationDepletionIncomeStatement,,,,,,,,,,,,,,,,,,,,,,,,,,,,,,,,,,,,,,,,,,,,,,,,,,,,,,,,,,,,,,,,,,,,,,,,,,,,,,,,,,,,,,,"13,539,000","16,093,000","15,913,000","14,004,000","10,000,000","12,300,000","12,200,000","12,900,000","9,900,000","11,500,000","11,900,000","11,900,000","8,900,000","10,200,000","9,800,000","9,900,000","7,700,000","7,200,000","7,700,000","7,200,000","4,800,000","6,500,000","5,900,000","6,000,000","5,400,000","5,500,000","5,500,000","5,100,000","5,000,000","10,900,000","4,800,000","4,900,000","4,200,000","4,900,000","3,900,000","5,000,000","-400,000","6,600,000","6,600,000","6,500,000","5,900,000","5,700,000","5,600,000","5,800,000",,,,,,,,,,,,,,,,,,
		DepreciationAndAmortizationInIncomeStatement,,,,,,,,,,,,,,,,,,,,,,,,,,,,,,,,,,,,,,,,,,,,,,,,,,,,,,,,,,,,,,,,,,,,,,,,,,,,,,,,,,,,,,,"13,539,000","16,093,000","15,913,000","14,004,000","10,000,000","12,300,000","12,200,000","12,900,000","9,900,000","11,500,000","11,900,000","11,900,000","8,900,000","10,200,000","9,800,000","9,900,000","7,700,000","7,200,000","7,700,000","7,200,000","4,800,000","6,500,000","5,900,000","6,000,000","5,400,000","5,500,000","5,500,000","5,100,000","5,000,000","10,900,000","4,800,000","4,900,000","4,200,000","4,900,000","3,900,000","5,000,000","-400,000","6,600,000","6,600,000","6,500,000","5,900,000","5,700,000","5,600,000","5,800,000",,,,,,,,,,,,,,,,,,
	OtherOperatingExpenses,"-1,600,000","-1,700,000","1,600,000","-300,000","-1,200,000","-200,000","3,900,000","-1,400,000","600,000","-600,000","-4,100,000","-1,000,000","-700,000","-4,700,000","-2,600,000","-2,800,000","-1,600,000","-7,800,000","-3,100,000","2,900,000","-300,000","-1,500,000","-1,400,000","-2,200,000","-1,200,000","-600,000","-1,200,000","700,000","900,000","-300,000","900,000","100,000","-1,600,000","-1,100,000","-2,200,000","-3,200,000","1,900,000","-700,000","6,300,000","6,100,000","600,000",,,"-1,300,000","-1,200,000","-800,000","500,000","-400,000","-600,000","-1,800,000","8,500,000","1,800,000","-19,300,000","400,000",,,,,,,"4,891,000",,,,"-1,781,000",,,,,,,,,,,,,,,,,,,,,,,,,,,,,,,,,,,,,,,,,,,,,,,,,,,,,,,,,,,,,,,,,,,,,,,,,,,,,,,,,,,
OperatingIncome,"760,100,000","277,300,000","182,500,000","166,500,000","133,800,000","89,500,000","111,800,000","155,700,000","113,400,000","102,700,000","141,300,000","191,000,000","207,200,000","114,700,000","114,600,000","140,000,000","159,700,000","94,700,000","107,300,000","142,900,000","158,800,000","96,700,000","115,200,000","177,900,000","178,900,000","110,600,000","125,700,000","161,800,000","148,000,000","66,400,000","89,000,000","134,000,000","122,300,000","63,000,000","50,800,000","123,400,000","122,500,000","70,100,000","70,700,000","116,700,000","140,900,000","95,900,000","56,000,000","80,500,000","85,400,000","55,200,000","26,800,000","66,500,000","64,200,000","38,600,000","34,800,000","70,700,000","84,000,000","17,400,000","27,700,000","81,800,000","89,900,000","44,092,000","108,676,000","84,775,000","79,958,000","50,935,000","64,165,000","66,059,000","84,201,000","62,137,000","36,637,000","54,114,000","65,017,000","53,698,000","33,840,000","47,985,000","59,749,000","42,277,000","33,580,000","36,636,000","42,555,000","33,422,000","25,566,000","33,302,000","42,405,000","26,377,000","11,975,000","25,131,000","33,655,000","29,096,000","24,960,000","49,066,000","56,935,000","44,477,000","36,700,000","43,600,000","49,800,000","37,800,000","34,600,000","38,600,000","43,700,000","34,600,000","29,600,000","34,900,000","37,800,000","25,200,000","22,300,000","27,000,000","29,200,000","18,600,000","18,400,000","21,700,000","21,500,000","14,500,000","14,500,000","18,000,000","17,400,000","11,600,000","12,200,000","13,500,000","13,000,000","10,200,000","10,000,000","11,200,000","5,500,000","9,100,000","33,400,000","-29,400,000","6,500,000","4,200,000","10,200,000","10,900,000","10,400,000","6,200,000","-390,300,000","136,500,000","141,700,000","143,100,000","-389,000,000","144,100,000","143,100,000","139,100,000","-373,500,000","141,800,000","138,300,000","127,500,000","-315,600,000","115,400,000","117,200,000","118,400,000","-322,400,000","122,900,000"
NetNonOperatingInterestIncomeExpense,"-82,800,000","-22,400,000","-22,000,000","-19,600,000","-18,800,000","-18,700,000","-18,100,000","-18,400,000","-17,100,000","-18,200,000","-14,800,000","-15,000,000","-14,700,000","-13,700,000","-11,800,000","-13,000,000","-14,200,000","-14,500,000","-12,100,000","-7,700,000","-7,100,000","-6,600,000","-6,500,000","-7,500,000","-8,200,000","-8,400,000","-8,400,000","-8,700,000","-8,500,000","-8,400,000","-8,400,000","-7,700,000","-8,000,000","-8,000,000","-8,400,000","-8,500,000","-8,600,000","-8,300,000","-6,300,000","-6,200,000","-6,500,000","-6,500,000","-5,700,000","-5,500,000","-4,900,000","-5,100,000","-3,200,000","-1,400,000","-1,800,000","-1,900,000","-2,000,000","-2,000,000","-2,300,000","-2,700,000",,,,,,,,,,,,,,,,,,,,,,,,,,,,,,,,,,,,,,,,,,,,,,,,,,,,,,,,,,,,,,,,,,,,,,,,,,,,,,,,,,,,,,,,,,,,,,
	InterestIncomeNonOperating,"900,000","200,000","100,000","200,000","400,000","500,000","800,000","600,000","2,700,000","700,000","1,700,000","1,700,000","1,900,000","2,600,000","3,700,000","3,300,000","3,300,000","900,000","200,000","100,000","0","200,000","200,000","400,000","400,000","300,000","200,000","100,000","100,000","300,000","400,000","400,000","400,000","300,000","300,000","100,000","100,000","100,000","200,000","200,000","100,000","100,000","0","100,000","200,000","200,000","0","100,000",,,,,,,,,,,,,,,,,,,,,,,,,,,,,,,,,,,,,,,,,,,,,,,,,,,,,,,,,,,,,,,,,,,,,,,,,,,,,,,,,,,,,,,,,,,,,,,,,,,,
	InterestExpenseNonOperating,"83,700,000","22,600,000","22,100,000","19,800,000","19,200,000","19,200,000","18,900,000","19,000,000","19,800,000","18,900,000","16,500,000","16,700,000","16,600,000","16,300,000","15,500,000","16,300,000","17,500,000","15,400,000","12,300,000","7,800,000","7,100,000","6,800,000","6,700,000","7,900,000","8,600,000","8,700,000","8,600,000","8,800,000","8,600,000","8,700,000","8,800,000","8,100,000","8,400,000","8,300,000","8,700,000","8,600,000","8,700,000","8,400,000","6,500,000","6,400,000","6,600,000","6,600,000","5,700,000","5,600,000","5,100,000","5,300,000","3,200,000","1,500,000","1,800,000","1,900,000","2,000,000","2,000,000","2,300,000","2,700,000",,,,,,,,,,,,,,,,,,,,,,,,,,,,,,,,,,,,,,,,,,,,,,,,,,,,,,,,,,,,,,,,,,,,,,,,,,,,,,,,,,,,,,,,,,,,,,
	TotalOtherFinanceCost,,,,,,,,,,,,,,,,,,,,,,,,,,,,,,,,,,,,,,,,"6,200,000",,,,,,,,,,,,,,,,,,,,,,,,,,,,,,,,,,,,,,,,,,,,,,,,,,,,,,,,,,,,,,,,,,,,,,,,,,,,,,,,,,,,,,,,,,,,,,,,,,,,,,,,,,,,
OtherIncomeExpense,"-2,400,000","-100,000","-300,000","-900,000","-1,100,000","-3,900,000","-2,000,000","-900,000","700,000","-8,300,000","-2,900,000","1,200,000","600,000","400,000","-3,300,000","-5,100,000","700,000","-1,900,000","-700,000",,,,"0","-141,500,000",,,,,,,,,,,,,"-100,000,000",,,"-6,100,000","-600,000","300,000",,"1,300,000",,,,,,,"0","800,000","-1,500,000","700,000","-900,000","600,000","-300,000","-122,924,000","615,000","51,611,000","-4,891,000","2,246,000","4,928,000","3,448,000","1,781,000","455,000","-1,472,000","2,607,000","4,794,000","-5,106,000","-1,309,000","2,804,000","2,579,000","-3,522,000","1,845,000","2,325,000","3,631,000","-3,088,000","1,410,000","672,000","-534,000","-1,639,000","6,562,000","-341,000","246,000","-36,852,000","0","1,540,000","717,000","1,189,000","2,400,000","1,500,000","500,000","2,400,000","2,700,000","4,200,000","2,700,000","1,800,000","2,300,000","1,500,000","1,300,000","900,000","2,500,000","400,000","400,000","700,000","500,000","500,000","600,000","1,200,000","800,000","100,000","500,000","600,000","400,000","700,000","500,000","700,000","800,000","1,000,000","200,000","700,000","0","-500,000","200,000","600,000","200,000","400,000","900,000","1,100,000",,,,,,,,,,,,,,,,,,
	SpecialIncomeCharges,,,"0","0","0","0","0","0","0","-8,800,000",,,,,,,,,"0","0",,,"0","-141,500,000",,,,,,,,,,,,"0","-100,000,000",,,"-6,100,000","-600,000","300,000",,"1,300,000",,,,,,,"0","800,000","-1,500,000","700,000","-900,000","600,000","-300,000","-122,924,000","615,000","51,611,000","-4,891,000","2,246,000","4,928,000","3,448,000","1,781,000","455,000","-1,472,000","2,607,000","4,794,000","-5,106,000","-1,309,000","2,804,000","2,579,000","-3,522,000","1,845,000","2,325,000","3,631,000","-3,088,000","1,410,000","672,000","-534,000","-1,639,000","6,562,000","-341,000","246,000","-36,852,000","0","1,540,000","717,000","1,189,000","2,400,000","1,500,000","500,000","2,400,000","2,700,000","4,200,000","2,700,000","1,800,000","2,300,000","1,500,000","1,300,000","900,000","2,500,000","400,000","400,000","700,000","500,000","500,000","600,000","1,200,000","800,000","100,000","500,000","600,000","400,000","700,000","500,000","700,000","800,000","1,000,000","200,000","700,000","0","-500,000","200,000","600,000","200,000","400,000","900,000","1,100,000",,,,,,,,,,,,,,,,,,
		RestructuringAndMergernAcquisition,,,,,,,,,,,,,,,,,,,,,,,,,,,,,,,,,,,,,,,,,,,,,,,,,,,,,,,,,,,,,,,,,,,,,,,,,,,,,,,,,,,"-4,883,000",,,"37,694,000",,,,,,,,,,,,,,,,,,,,,,,,,,,,,,,,,,,,,,,,,,,,,,,,,,,,,,,,,,,,,,
		WriteOff,,,,,,,,,,,,,,,,,,,"0","0",,,"0","141,500,000",,,,,,,,,,,,"0","100,000,000",,,,,,,,,,,,,,,,,,,,,,,,,,,,,,,,,,,,,,,,,,,,,,,,,,,,,,,,,,,,,,,,,,,,,,,,,,,,,,,,,,,,,,,,,,,,,,,,,,,,,,,,,,,,,,,
		OtherSpecialCharges,,,,,,,"0",,,"8,800,000",,,,,,,,,,,,,,,,,,,,,,,,,,,,,,,,,,,,,,,,,,,,,,,,,,,,,,,,,,,,,,,,,,,,,,,,,"-1,679,000",,,"-842,000",,,,,,,,,,,,,,,,,,,,,,,,,,,,,,,,,,,,,,,,,,,,,,,,,,,,,,,,,,,,,,
	OtherNonOperatingIncomeExpenses,"-2,400,000","-100,000","-300,000","-900,000","-1,100,000","-3,900,000","-2,000,000","-900,000","700,000","500,000","-2,900,000","1,200,000","600,000","400,000","-3,300,000","-5,100,000","700,000","-1,900,000","-700,000",,,,,,,,,,,,,,,,,,,,,,,,,,,,,,,,,,,,,,,,,,,,,,,,,,,,,,,,,,,,,,,,,,,,,,,,,,,,,,,,,,,,,,,,,,,,,,,,,,,,,,,,,,,,,,,,,,,,,,,,,,,,,,,,,
PretaxIncome,"674,900,000","254,800,000","160,200,000","146,000,000","113,900,000","66,900,000","91,700,000","136,400,000","97,000,000","76,200,000","123,600,000","177,200,000","193,100,000","101,400,000","99,500,000","121,900,000","146,200,000","78,300,000","91,200,000","135,200,000","151,700,000","90,100,000","108,700,000","28,900,000","170,700,000","102,200,000","117,300,000","153,100,000","139,500,000","58,000,000","80,600,000","126,300,000","114,300,000","55,000,000","142,400,000","114,900,000","13,900,000","61,800,000","70,900,000","104,400,000","133,800,000","89,700,000","47,000,000","76,300,000","80,500,000","50,100,000","23,600,000","65,100,000","62,400,000","36,700,000","32,800,000","69,500,000","80,200,000","15,400,000","14,500,000","76,300,000","84,500,000","-83,239,000","58,376,000","129,805,000","81,886,000","49,124,000","53,070,000","64,199,000","78,838,000","58,336,000","31,582,000","52,174,000","65,414,000","44,388,000","28,187,000","47,076,000","58,085,000","35,151,000","27,756,000","35,326,000","42,947,000","25,704,000","22,694,000","30,442,000","37,775,000","19,589,000","10,854,000","17,038,000","26,003,000","-15,970,000","15,527,000","44,188,000","50,663,000","40,487,000","34,400,000","40,100,000","45,500,000","35,500,000","31,500,000","36,900,000","40,600,000","31,400,000","27,500,000","32,300,000","34,800,000","22,200,000","21,700,000","25,700,000","27,200,000","17,600,000","17,400,000","20,700,000","20,500,000","14,200,000","14,000,000","16,900,000","16,700,000","11,200,000","11,500,000","13,400,000","12,400,000","9,800,000","9,400,000","10,800,000","600,000","8,700,000","32,200,000","-30,900,000","5,700,000","3,700,000","9,000,000","10,300,000","10,600,000","6,600,000",,,,,,,,,,,,,,,,,,
TaxProvision,"142,700,000","60,500,000","29,400,000","33,000,000","19,800,000","14,700,000","7,000,000","34,100,000","21,600,000","14,400,000","19,600,000","37,900,000","40,100,000","24,000,000","10,400,000","25,000,000","31,500,000","20,400,000","-23,900,000","48,800,000","49,400,000","28,600,000","32,200,000","38,400,000","55,400,000","33,700,000","35,600,000","49,500,000","44,700,000","18,500,000","27,300,000","40,000,000","38,600,000","18,500,000","47,300,000","38,300,000","5,700,000","6,500,000","22,800,000","34,700,000","44,400,000","29,700,000","7,400,000","22,600,000","25,200,000","16,800,000","1,700,000","18,300,000","23,500,000","13,700,000","-8,300,000","24,500,000","24,500,000","5,400,000","700,000","25,700,000","27,600,000","-21,560,000","17,427,000","47,164,000","26,209,000","15,465,000","13,441,000","20,819,000","24,190,000","19,252,000","10,980,000","13,831,000","21,097,000","14,316,000","6,181,000","14,945,000","18,877,000","11,424,000","9,020,000","10,795,000","14,387,000","8,611,000","7,829,000","10,502,000","13,032,000","6,758,000","3,284,000","6,170,000","9,411,000","-5,781,000","4,956,000","15,978,000","18,723,000","15,028,000","13,100,000","15,400,000","17,500,000","13,700,000","12,400,000","14,600,000","16,000,000","12,400,000","10,700,000","12,800,000","13,800,000","8,800,000","8,500,000","10,200,000","10,800,000","7,000,000","6,800,000","8,200,000","8,100,000","5,600,000","5,500,000","6,700,000","6,600,000","4,400,000","4,500,000","5,300,000","4,900,000","3,900,000","3,700,000","4,200,000","300,000","3,300,000","12,300,000","-11,900,000","2,200,000","1,400,000","3,400,000","3,900,000","4,000,000","2,500,000",,,,,,,,,,,,,,,,,,
NetIncomeCommonStockholders,"561,600,000","193,100,000","127,800,000","141,500,000","99,300,000","52,000,000","80,600,000","102,300,000","75,400,000","33,500,000","102,600,000","137,900,000","152,900,000","79,400,000","88,100,000","99,700,000","113,700,000","309,600,000","113,800,000","85,900,000","101,100,000","61,300,000","75,600,000","-9,800,000","114,300,000","67,800,000","80,800,000","103,100,000","94,400,000","38,800,000","52,700,000","86,700,000","74,400,000","35,600,000","69,300,000","76,200,000","8,100,000","54,900,000","46,200,000","69,500,000","92,800,000","60,000,000","38,600,000","53,700,000","54,600,000","33,400,000","32,200,000","50,500,000","38,600,000","24,300,000","35,900,000","46,600,000","55,500,000","6,600,000","13,700,000","50,400,000","54,300,000","-62,596,000","42,942,000","82,472,000","53,388,000","36,833,000","79,919,000","38,548,000","56,048,000","41,176,000","23,728,000","19,703,000","34,679,000","28,255,000","-10,449,000","28,975,000","37,359,000","23,727,000","18,736,000","24,531,000","28,560,000","17,093,000","-34,079,000","20,209,000","24,741,000","12,831,000","7,570,000","10,868,000","16,592,000","-10,189,000","10,571,000","28,210,000","31,940,000","25,459,000","21,300,000","24,700,000","28,000,000","21,800,000","19,100,000","22,300,000","24,600,000","19,000,000","16,800,000","19,500,000","21,000,000","13,400,000","13,200,000","15,500,000","16,400,000","10,600,000","10,600,000","12,500,000","12,400,000","8,600,000","8,500,000","10,200,000","10,100,000","6,800,000","7,000,000","8,100,000","7,500,000","5,900,000","5,700,000","6,700,000","300,000","5,600,000","4,900,000","-19,000,000","3,500,000","2,300,000","5,600,000","6,400,000","6,600,000","4,100,000",,,,,,,,,,,,,,,,,,
	NetIncome,"563,100,000","193,600,000","128,100,000","142,100,000","99,300,000","52,200,000","80,600,000","102,300,000","75,400,000","61,800,000","102,600,000","137,900,000","152,900,000","79,400,000","88,100,000","99,700,000","113,700,000","309,600,000","115,100,000","86,300,000","102,300,000","61,800,000","76,200,000","-9,800,000","115,200,000","68,500,000","81,800,000","103,600,000","94,900,000","39,400,000","52,900,000","87,300,000","75,200,000","35,800,000","69,700,000","76,600,000","8,200,000","55,200,000","47,800,000","69,500,000","92,800,000","60,000,000","38,600,000","53,700,000","54,600,000","33,400,000","32,200,000","50,500,000","38,600,000","24,300,000","35,900,000","46,600,000","55,500,000","6,600,000","13,700,000","50,400,000","54,300,000","-62,596,000","42,942,000","82,472,000","53,388,000","36,833,000","79,919,000","38,548,000","56,048,000","41,176,000","23,728,000","19,703,000","34,679,000","28,255,000","-10,449,000","28,975,000","37,359,000","23,727,000","18,736,000","24,531,000","28,560,000","17,093,000","-34,079,000","20,209,000","24,741,000","12,831,000","7,570,000","10,868,000","16,592,000","-10,189,000","10,571,000","28,210,000","31,940,000","25,459,000","21,300,000","24,700,000","28,000,000","21,800,000","19,100,000","22,300,000","24,600,000","19,000,000","16,800,000","19,500,000","21,000,000","13,400,000","13,200,000","15,500,000","16,400,000","10,600,000","10,600,000","12,500,000","12,400,000","8,600,000","8,500,000","10,200,000","10,100,000","6,800,000","7,000,000","8,100,000","7,500,000","5,900,000","5,700,000","6,700,000","300,000","5,600,000","4,900,000","-19,000,000","3,500,000","2,300,000","5,600,000","6,400,000","6,600,000","4,100,000",,,,,,,,,,,,,,,,,,
		NetIncomeIncludingNoncontrollingInterests,"563,100,000","193,600,000","128,100,000","142,100,000","99,300,000","52,200,000","80,600,000","102,300,000","75,400,000","61,800,000","102,600,000","137,900,000","152,900,000","79,400,000","88,100,000","99,700,000","113,700,000","309,600,000","115,100,000","86,300,000","102,300,000","61,800,000","76,200,000","-9,800,000","115,200,000","68,500,000","81,800,000","103,600,000","94,900,000","39,400,000","52,900,000","87,300,000","75,200,000","35,800,000","69,700,000","76,600,000","8,200,000","55,200,000","47,800,000","69,500,000","92,800,000","60,000,000","38,600,000","53,700,000","54,600,000","33,400,000","32,200,000","50,500,000","38,600,000","24,300,000","35,900,000","46,600,000","55,500,000","6,600,000","13,700,000","50,400,000","54,300,000","-62,596,000","42,942,000","82,472,000","53,388,000","36,833,000","79,919,000","38,548,000","56,048,000","41,176,000","23,728,000","19,703,000","34,679,000","28,255,000","-10,449,000","28,975,000","37,359,000","23,727,000","18,736,000","24,531,000","28,560,000","17,093,000","-34,079,000","20,209,000","24,741,000","12,831,000","7,570,000","10,868,000","16,592,000","-10,189,000","10,571,000","28,210,000","31,940,000","25,459,000","21,300,000","24,700,000","28,000,000","21,800,000","19,100,000","22,300,000","24,600,000","19,000,000","16,800,000","19,500,000","21,000,000","13,400,000","13,200,000","15,500,000","16,400,000","10,600,000","10,600,000","12,500,000","12,400,000","8,600,000","8,500,000","10,200,000","10,100,000","6,800,000","7,000,000","8,100,000","7,500,000","5,900,000","5,700,000","6,700,000","300,000","5,600,000","4,900,000","-19,000,000","3,500,000","2,300,000","5,600,000","6,400,000","6,600,000","4,100,000","4,700,000","5,000,000","11,100,000","6,100,000","-1,300,000","6,400,000","7,300,000","5,000,000","4,500,000","5,400,000","5,100,000","3,900,000","4,700,000","4,900,000","5,500,000","4,600,000","2,300,000","6,900,000"
			NetIncomeContinuousOperations,"532,200,000","194,300,000","130,800,000","113,000,000","94,100,000","52,200,000","84,700,000","102,300,000","75,400,000","61,800,000","104,000,000","139,300,000","153,000,000","77,400,000","89,100,000","96,900,000","114,700,000","57,900,000","115,100,000","86,400,000","102,300,000","61,500,000","76,500,000","-9,500,000","115,300,000","68,500,000","81,700,000","103,600,000","94,800,000","39,500,000","53,300,000","86,300,000","75,700,000","36,500,000","95,100,000","76,600,000","8,200,000","55,300,000","48,100,000","69,700,000","89,400,000","60,000,000","39,600,000","53,700,000","55,300,000","33,300,000","21,900,000","46,800,000","38,900,000","23,000,000","41,100,000","45,000,000","55,700,000","10,000,000","13,800,000","50,600,000","56,900,000","-61,679,000","40,949,000","82,641,000","55,677,000","33,659,000","39,629,000","43,380,000","54,648,000","39,084,000","20,602,000","38,343,000","44,317,000","30,072,000","22,006,000","32,131,000","39,208,000","23,727,000","18,736,000","24,531,000","28,560,000","17,093,000","14,865,000","19,940,000","24,741,000","12,831,000","7,570,000","10,868,000","16,592,000","-10,189,000","10,571,000","28,210,000","31,940,000","25,459,000","21,300,000","24,700,000","28,000,000","21,800,000","19,100,000","22,300,000","24,600,000","19,000,000","16,800,000","19,500,000","21,000,000","13,400,000","13,200,000","15,500,000","16,400,000","10,600,000","10,600,000","12,500,000","12,400,000","8,600,000","8,500,000","10,200,000","10,100,000","6,800,000","7,000,000","8,100,000","7,500,000","5,900,000","5,700,000","6,600,000","300,000","5,400,000","19,900,000","-19,000,000","3,500,000","2,300,000","5,600,000","6,400,000","6,600,000","4,100,000","4,700,000","5,000,000","11,100,000","6,100,000","-1,300,000","6,400,000","7,300,000","5,000,000","4,500,000","5,400,000","5,100,000","3,900,000","4,700,000","4,900,000","5,500,000","4,600,000","2,300,000","6,900,000"
			NetIncomeDiscontinuousOperations,"30,900,000","-700,000","-2,700,000","29,100,000","5,200,000","3,100,000","-4,100,000","0","0","0","-1,400,000","-1,400,000","-100,000","2,000,000","-1,000,000","2,800,000","-1,000,000","251,700,000","0","-100,000","0","300,000","-300,000","-300,000","-100,000",,"100,000","0","100,000","-100,000","-400,000","1,000,000","-500,000","-700,000","-25,400,000","0","0","-100,000","-300,000","-200,000","3,400,000","0","-1,000,000","0","-700,000","100,000","10,300,000","3,700,000","-300,000","1,300,000","-5,200,000","1,600,000","-200,000","-3,400,000","-100,000","-200,000","-2,600,000","-917,000","1,993,000","-169,000","-2,289,000","3,174,000","40,290,000","-4,832,000","1,400,000","2,092,000","3,126,000","-18,640,000","-9,638,000","-1,817,000","-32,455,000","-3,156,000","-1,849,000",,,,,,,,,,,,,,,,,,,,,,,,,,,,,,,,,,,,,,,,,,,,,,"0","100,000",,"200,000",,,,,,,,,,,,,,,,,,,,,,,,,,
			NetIncomeFromTaxLossCarryforward,,,,,,,,,,,,,,,,,,,,,,,,,,,,,,,,,,,,,,,,,,,,,,,,,,,,,,,,,,,,,,,,,,,,,,,,,,,,,,,,"269,000",,,,,,,,,,,,,,,,,,,,,,,,,,,,,,,,,,,,,,,,,,,,,,,,,,,,,,,,,,,,,,,,,,,,
	PreferredStockDividends,,,,,,"28,500,000",,,,"28,300,000",,,,,,,,,,,,,,,,,,,,,,,,,,,,,,,,,,,,,,,,,,,,,,,,,,,,,,,,,,,,,,,,,,,,,,,,,,,,,,,,,,,,,,,,,,,,,,,,,,,,,,,,,,,,,,,,,,,,,,,,,,,,,,,,,,,,,,,,,,
	OtherunderPreferredStockDividend,"1,500,000","500,000","400,000","500,000",,"200,000",,,,"28,300,000",,,,,,,,,"1,300,000","400,000","1,200,000","500,000","600,000","0","900,000","700,000","1,000,000","500,000","500,000","600,000","200,000","600,000","800,000","200,000","400,000","400,000","100,000","300,000",,,,,,,,,,,,,,,,,,,,,,,,,,,,,,,,,,,,,,,,,,,,,,,,,,,,,,,,,,,,,,,,,,,,,,,,,,,,,,,,,,,,,,,,,,,,,,,,,,,,,,,,,,,,,,
DilutedNIAvailtoComStockholders,"561,600,000","193,100,000","127,800,000","141,500,000","99,300,000","52,000,000","80,600,000","102,300,000","75,400,000","33,500,000","102,600,000","137,900,000","152,900,000","79,400,000","88,100,000","99,700,000","113,700,000","309,600,000","113,800,000","85,900,000","101,100,000","61,300,000","75,600,000","-9,800,000","114,300,000","67,800,000","80,800,000","103,100,000","94,400,000","38,800,000","52,700,000","86,700,000","74,400,000","35,600,000","69,300,000","76,200,000","8,100,000","54,900,000","46,200,000","69,500,000","92,800,000","60,000,000","38,600,000","53,700,000","54,600,000","33,400,000","32,200,000","50,500,000","38,600,000","24,300,000","35,900,000","46,600,000","55,500,000","6,600,000","13,700,000","50,400,000","54,300,000","-62,596,000","42,942,000","82,472,000","53,388,000","36,833,000","79,919,000","38,548,000","56,048,000","41,176,000","23,728,000","19,703,000","34,679,000","28,255,000","-10,449,000","28,975,000","37,359,000","23,727,000","18,736,000","24,531,000","28,560,000","17,093,000","-34,079,000","20,209,000","24,741,000","12,831,000","7,570,000","10,868,000","16,592,000","-10,189,000","10,571,000","28,210,000","31,940,000","25,459,000","21,300,000","24,700,000","28,000,000","21,800,000","19,100,000","22,300,000","24,600,000","19,000,000","16,800,000","19,500,000","21,000,000","13,400,000","13,200,000","15,500,000","16,400,000","10,600,000","10,600,000","12,500,000","12,400,000","8,600,000","8,500,000","10,200,000","10,100,000","6,800,000","7,000,000","8,100,000","7,500,000","5,900,000","5,700,000","6,700,000","300,000","5,600,000","4,900,000","-19,000,000","3,500,000","2,300,000","5,600,000","6,400,000","6,600,000","4,100,000",,,,,,,,,,,,,,,,,,
BasicEPS,,"3.71","2.45","2.7","1.89","0.98","1.51","1.88","1.37","1.1","1.81","2.43","2.68","1.37","1.48","1.66","1.86","4.98","1.84","1.38","1.59","0.95","1.17","-0.15","1.78","1.06","1.25","1.59","1.45","0.6","0.82","1.35","1.16","0.56","1.09","1.2","0.13","0.87","0.75","1.1","1.48","0.96",,"0.86","0.88","0.54",,"0.82","0.63","0.4",,"0.76","0.91","0.11",,"0.83","0.9","-1.03",,"1.33","0.86","0.6",,"0.63","0.915","0.675",,"0.32","0.56","0.455",,"0.465","0.6","0.385",,"0.4","0.465","0.28",,"0.325","0.405","0.21",,"0.18","0.275","-0.165",,"0.465","0.53","0.42",,"0.41","0.465","0.36",,"0.37","0.405","0.315",,"0.325","0.345","0.22",,"0.255","0.27","0.175",,"0.2","0.2","0.14",,"0.165","0.165","0.11",,"0.13","0.12","0.1",,"0.115","0.11","0.095",,"-0.625","0.115","0.075",,"0.1","0.105","0.065",,"0.08","0.175","0.095",,"0.1","0.115","0.08",,"0.08","0.075","0.06",,"0.07","0.075","0.065",,"0.095"
DilutedEPS,,"3.66","2.41","2.67","1.87","0.97","1.49","1.87","1.36","1.09","1.78","2.4","2.65","1.36","1.47","1.64","1.85","4.94","1.82","1.37","1.58","0.94","1.16","-0.15","1.75","1.05","1.24","1.56","1.43","0.59","0.81","1.32","1.14","0.55","1.07","1.18","0.13","0.85","0.74","1.08","1.45","0.94",,"0.85","0.86","0.53",,"0.81","0.62","0.39",,"0.75","0.9","0.11",,"0.82","0.88","-1.03",,"1.31","0.85","0.59",,"0.62","0.9","0.665",,"0.32","0.555","0.45",,"0.46","0.595","0.38",,"0.4","0.465","0.28",,"0.325","0.405","0.21",,"0.18","0.27","-0.165",,"0.46","0.52","0.415",,"0.405","0.455","0.355",,"0.365","0.4","0.31",,"0.315","0.34","0.215",,"0.25","0.265","0.175",,"0.2","0.2","0.14",,"0.165","0.165","0.11",,"0.13","0.12","0.1",,"0.115","0.11","0.095",,"-0.625","0.115","0.075",,"0.1","0.105","0.065",,"0.08","0.175","0.095",,"0.1","0.115","0.08",,"0.08","0.075","0.06",,"0.07","0.075","0.065",,"0.095"
BasicAverageShares,,"52,100,000","52,300,000","52,300,000","52,300,000","53,000,000","53,200,000","54,100,000","54,800,000","55,819,000","56,432,000","56,657,000","56,960,000","57,547,000","59,156,000","59,826,000","60,641,000","61,684,000","61,798,000","62,432,000","63,746,000","64,353,000","64,285,000","64,353,000","64,246,000","64,018,000","64,523,000","64,970,000","65,010,000","64,876,000","64,517,000","64,149,000","64,100,000","63,878,000","63,629,000","63,567,000","63,409,000","63,253,000","63,001,000","62,708,000","62,419,000","61,913,000",,"61,599,000","61,449,000","61,134,000",,"60,980,000","60,832,000","60,706,000",,"60,612,000","60,584,000","60,568,000",,"60,528,000","60,506,000","60,594,000",,"61,984,000","61,810,000","61,655,000",,"61,358,000","61,280,000","60,888,000",,"61,186,000","61,954,000","61,886,000",,"62,270,000","62,040,000","61,942,000",,"61,360,000","61,294,000","61,216,000",,"60,990,000","60,760,000","60,584,000",,"60,520,000","60,524,000","60,516,000",,"60,510,000","60,510,000","60,382,000",,"60,243,902","60,215,054","60,555,556",,"60,270,270","60,740,741","60,317,460",,"60,000,000","60,869,565","60,909,091",,"60,784,314","60,740,741","60,571,429",,"62,500,000","62,000,000","61,428,571",,"61,818,182","61,212,121","61,818,182",,"62,307,692","62,500,000","59,000,000",,"58,260,870","58,947,368","58,947,368",,"60,976,000","60,864,000","60,816,000",,"64,000,000","62,857,143","63,076,923",,"64,480,000","64,632,000","64,536,000",,"64,520,000","64,528,000","64,400,000",,"67,024,000","67,024,000","72,856,000",,"73,376,000","73,376,000","73,256,000",,"73,224,000"
DilutedAverageShares,,"52,900,000","53,100,000","53,000,000","53,000,000","53,600,000","53,800,000","54,500,000","55,200,000","56,472,000","57,232,000","57,335,000","57,566,000","57,870,000","59,457,000","60,329,000","61,059,000","62,164,000","62,302,000","62,797,000","64,140,000","64,848,000","64,873,000","64,353,000","65,112,000","64,876,000","65,356,000","65,987,000","66,018,000","65,896,000","65,698,000","65,447,000","65,441,000","65,089,000","65,064,000","64,890,000","64,695,000","64,719,000","64,227,000","63,946,000","63,797,000","63,229,000",,"62,403,000","62,701,000","62,181,000",,"61,527,000","62,258,065","61,512,000",,"61,237,000","60,926,000","60,916,000",,"61,303,000","61,372,000","60,594,000",,"62,955,725","62,625,000","62,508,000",,"62,202,000","62,118,000","61,954,000",,"61,790,000","62,670,000","62,662,000",,"63,004,000","62,672,000","62,536,000",,"61,596,000","61,524,000","61,410,000",,"61,260,000","61,042,000","60,868,000",,"60,772,000","60,988,000","60,516,000",,"61,222,000","61,230,000","61,052,000",,"60,987,654","61,538,462","61,408,451",,"61,095,890","61,500,000","61,290,323",,"61,904,762","61,764,706","62,325,581",,"62,000,000","61,886,792","60,571,429",,"62,500,000","62,000,000","61,428,571",,"61,818,182","61,212,121","61,818,182",,"62,307,692","62,500,000","59,000,000",,"58,260,870","58,947,368","58,947,368",,"60,976,000","60,864,000","60,816,000",,"64,000,000","62,857,143","63,076,923",,"64,480,000","64,632,000","64,536,000",,"64,520,000","64,528,000","64,400,000",,"67,024,000","67,024,000","72,856,000",,"73,376,000","73,376,000","73,256,000",,"73,224,000"
TotalOperatingIncomeAsReported,"760,100,000","277,300,000","182,500,000","166,500,000","133,800,000","89,500,000","111,800,000","155,700,000","113,400,000","102,700,000","141,300,000","191,000,000","207,200,000","114,700,000","114,600,000","140,000,000","159,700,000","94,700,000","104,000,000",,,,,,,,,,,,,,,,,,,,,"110,600,000","140,300,000","96,200,000","52,700,000","81,800,000","85,400,000","55,200,000","26,800,000","66,500,000","64,200,000","38,600,000","34,800,000","70,700,000","84,000,000","17,400,000","27,700,000","81,800,000","89,900,000","44,092,000","108,676,000","84,775,000","79,958,000","50,935,000","64,165,000","66,059,000","84,201,000","62,137,000","36,637,000","54,114,000","65,017,000","53,698,000","33,840,000","47,985,000","59,749,000","42,277,000","33,580,000","36,636,000","42,555,000","33,422,000","25,566,000","33,302,000","42,405,000","26,377,000","16,858,000","25,131,000","33,655,000","-8,598,000","24,960,000","49,066,000","56,935,000","44,477,000","36,700,000","43,600,000","49,800,000","37,800,000","34,600,000","38,600,000","43,700,000","34,600,000","29,600,000","34,900,000","37,800,000","25,200,000","22,300,000","27,000,000","29,200,000","18,600,000","18,400,000","21,700,000","21,500,000","14,500,000","14,500,000","18,000,000","17,400,000","11,600,000","12,200,000","13,500,000","13,000,000","10,200,000","10,000,000","11,200,000","5,500,000","9,100,000","33,400,000","-29,400,000","6,500,000","4,200,000","10,200,000","10,900,000","10,400,000","6,200,000",,,,,,,,,,,,,,,,,,
TotalExpenses,"4,605,600,000","1,219,000,000","1,193,500,000","1,149,100,000","1,044,000,000","939,500,000","952,300,000","971,000,000","910,800,000","927,500,000","1,003,000,000","1,089,600,000","1,107,600,000","957,200,000","962,700,000","1,041,400,000","1,076,400,000","890,000,000","964,500,000","946,200,000","912,900,000","760,600,000","778,300,000","813,100,000","818,000,000","683,400,000","750,500,000","811,300,000","836,600,000","642,900,000","701,000,000","770,100,000","737,200,000","587,400,000","70,300,000","845,400,000","873,600,000","786,900,000","774,900,000","793,500,000","843,700,000","793,400,000","733,600,000","790,000,000","785,400,000","638,400,000","600,100,000","599,400,000","645,200,000","523,400,000","610,500,000","533,900,000","534,500,000","493,700,000","595,800,000","750,700,000","773,100,000","664,174,000","566,858,000","693,316,000","713,902,000","580,926,000","547,355,000","582,387,000","608,503,000","558,968,000","333,579,000","547,006,000","580,929,000","538,630,000","368,340,000","583,338,000","580,911,000","520,037,000","494,959,000","512,888,000","511,858,000","442,266,000","438,359,000","466,670,000","509,878,000","428,724,000","421,523,000","437,257,000","456,778,000","434,062,000","388,291,000","395,301,000","422,495,000","389,541,000","357,900,000","357,300,000","376,000,000","352,200,000","346,200,000","339,400,000","351,900,000","328,500,000","290,100,000","280,800,000","299,600,000","262,600,000","255,200,000","225,600,000","233,100,000","206,500,000","198,800,000","194,800,000","179,300,000","173,500,000","155,600,000","166,100,000","166,400,000","143,100,000","139,300,000","147,100,000","147,800,000","128,200,000","109,400,000","122,800,000","81,900,000","123,500,000","3,700,000","192,700,000","149,900,000","139,900,000","141,500,000","146,800,000","150,700,000","144,500,000",,,,,,,,,,,,,,,,,,
NetIncomeFromContinuingAndDiscontinuedOperation,"563,100,000","193,600,000","128,100,000","142,100,000","99,300,000","52,200,000","80,600,000","102,300,000","75,400,000","61,800,000","102,600,000","137,900,000","152,900,000","79,400,000","88,100,000","99,700,000","113,700,000","309,600,000","115,100,000","86,300,000","102,300,000","61,800,000","76,200,000","-9,800,000","115,200,000","68,500,000","81,800,000","103,600,000","94,900,000","39,400,000","52,900,000","87,300,000","75,200,000","35,800,000","69,700,000","76,600,000","8,200,000","55,200,000","47,800,000","69,500,000","92,800,000","60,000,000","38,600,000","53,700,000","54,600,000","33,400,000","32,200,000","50,500,000","38,600,000","24,300,000","35,900,000","46,600,000","55,500,000","6,600,000","13,700,000","50,400,000","54,300,000","-62,596,000","42,942,000","82,472,000","53,388,000","36,833,000","79,919,000","38,548,000","56,048,000","41,176,000","23,728,000","19,703,000","34,679,000","28,255,000","-10,449,000","28,975,000","37,359,000","23,727,000","18,736,000","24,531,000","28,560,000","17,093,000","14,865,000","19,940,000","24,741,000","12,831,000","7,570,000","10,868,000","16,592,000","-10,189,000","10,571,000","28,210,000","31,940,000","25,459,000","21,300,000","24,700,000","28,000,000","21,800,000","19,100,000","22,300,000","24,600,000","19,000,000","16,800,000","19,500,000","21,000,000","13,400,000","13,200,000","15,500,000","16,400,000","10,600,000","10,600,000","12,500,000","12,400,000","8,600,000","8,500,000","10,200,000","10,100,000","6,800,000","7,000,000","8,100,000","7,500,000","5,900,000","5,700,000","6,700,000","300,000","5,600,000","4,900,000","-19,000,000","3,500,000","2,300,000","5,600,000","6,400,000","6,600,000","4,100,000",,,,,,,,,,,,,,,,,,
NormalizedIncome,"532,200,000","194,300,000","130,800,000","113,000,000","94,100,000","52,200,000","84,700,000","102,300,000","75,400,000","68,936,800","104,000,000","139,300,000","153,000,000","77,400,000","89,100,000","96,900,000","114,700,000","57,900,000","115,100,000","86,400,000","102,300,000","61,500,000","76,500,000","75,400,000","115,300,000","68,500,000","81,700,000","103,600,000","94,800,000","39,500,000","53,300,000","86,300,000","75,700,000","36,500,000","95,100,000","76,600,000","73,200,000","55,300,000","48,100,000","73,772,509.579","89,800,896.861","59,799,331.104","39,600,000","52,785,058.978","55,300,000","33,300,000","21,900,000","46,800,000","38,900,000","23,000,000","41,100,000","44,482,014.388","56,741,770.574","9,545,454.545","14,656,551.724","50,202,096.986","57,102,011.834","29,406,061.041","40,517,596.084","49,782,599.7","59,002,552.683","32,120,075.767","35,949,110.948","41,050,146.887","53,413,467.313","38,779,158.736","21,562,235.071","36,427,099.341","41,069,137.188","33,531,214.923","23,027,955.299","30,217,172.912","37,467,147.25","26,104,357.515","17,490,578.47","22,916,478.826","26,145,364.286","19,146,500.778","13,941,423.284","19,499,829.183","25,090,775.301","13,904,562.152","2,993,407.039","11,085,513.088","16,435,032.266","13,322,899.061","10,571,000","27,226,850.729","31,487,974.261","24,711,334.058","19,813,953.488","23,776,059.85","27,692,307.692","20,326,197.183","17,462,857.143","19,761,788.618","22,964,039.409","17,910,828.025","15,394,909.091","18,594,427.245","20,215,517.241","12,856,756.757","11,679,262.673","15,258,754.864","16,158,823.529","10,178,409.091","10,295,402.299","12,198,067.633","12,037,073.171","7,873,239.437","8,014,285.714","10,139,644.97","9,797,604.79","6,435,714.286","6,756,521.739","7,676,865.672","7,197,580.645","5,478,571.429","5,214,893.617","5,988,888.889","180,000","4,965,517.241","19,900,000","-18,692,556.634","3,377,192.982","1,927,027.027","5,475,555.556","6,151,456.311","6,039,622.642","3,416,666.667",,,,,,,,,,,,,,,,,,
InterestIncome,"900,000","200,000","100,000","200,000","400,000","500,000","800,000","600,000","2,700,000","700,000","1,700,000","1,700,000","1,900,000","2,600,000","3,700,000","3,300,000","3,300,000","900,000","200,000","100,000","0","200,000","200,000","400,000","400,000","300,000","200,000","100,000","100,000","300,000","400,000","400,000","400,000","300,000","300,000","100,000","100,000","100,000","200,000","200,000","100,000","100,000","0","100,000","200,000","200,000","0","100,000",,,,,,,,,,,,,,,,,,,,,,,,,,,,,,,,,,,,,,,,,,,,,,,,,,,,,,,,,,,,,,,,,,,,,,,,,,,,,,,,,,,,,,,,,,,,,,,,,,,,
InterestExpense,"83,700,000","22,600,000","22,100,000","19,800,000","19,200,000","19,200,000","18,900,000","19,000,000","19,800,000","18,900,000","16,500,000","16,700,000","16,600,000","16,300,000","15,500,000","16,300,000","17,500,000","15,400,000","12,300,000","7,800,000","7,100,000","6,800,000","6,700,000","7,900,000","8,600,000","8,700,000","8,600,000","8,800,000","8,600,000","8,700,000","8,800,000","8,100,000","8,400,000","8,300,000","8,700,000","8,600,000","8,700,000","8,400,000","6,500,000","6,400,000","6,600,000","6,600,000","5,700,000","5,600,000","5,100,000","5,300,000","3,200,000","1,500,000","1,800,000","1,900,000","2,000,000","2,000,000","2,300,000","2,700,000",,,,,,,,,,,,,,,,,,,,,,,,,,,,,,,,,,,,,,,,,,,,,,,,,,,,,,,,,,,,,,,,,,,,,,,,,,,,,,,,,,,,,,,,,,,,,,
NetInterestIncome,"-82,800,000","-22,400,000","-22,000,000","-19,600,000","-18,800,000","-18,700,000","-18,100,000","-18,400,000","-17,100,000","-18,200,000","-14,800,000","-15,000,000","-14,700,000","-13,700,000","-11,800,000","-13,000,000","-14,200,000","-14,500,000","-12,100,000","-7,700,000","-7,100,000","-6,600,000","-6,500,000","-7,500,000","-8,200,000","-8,400,000","-8,400,000","-8,700,000","-8,500,000","-8,400,000","-8,400,000","-7,700,000","-8,000,000","-8,000,000","-8,400,000","-8,500,000","-8,600,000","-8,300,000","-6,300,000","-6,200,000","-6,500,000","-6,500,000","-5,700,000","-5,500,000","-4,900,000","-5,100,000","-3,200,000","-1,400,000","-1,800,000","-1,900,000","-2,000,000","-2,000,000","-2,300,000","-2,700,000",,,,,,,,,,,,,,,,,,,,,,,,,,,,,,,,,,,,,,,,,,,,,,,,,,,,,,,,,,,,,,,,,,,,,,,,,,,,,,,,,,,,,,,,,,,,,,
EBIT,"758,600,000","277,400,000","182,300,000","165,800,000","133,100,000","86,100,000","110,600,000","155,400,000","116,800,000","95,100,000","140,100,000","193,900,000","209,700,000","117,700,000","115,000,000","138,200,000","163,700,000","93,700,000","103,500,000","143,000,000","158,800,000","96,900,000","115,400,000","36,800,000","179,300,000","110,900,000","125,900,000","161,900,000","148,100,000","66,700,000","89,400,000","134,400,000","122,700,000","63,300,000","151,100,000","123,500,000","22,600,000","70,200,000","77,400,000","110,800,000","140,400,000","96,300,000","52,700,000","81,900,000","85,600,000","55,400,000","26,800,000","66,600,000","64,200,000","38,600,000","34,800,000","71,500,000","82,500,000","18,100,000","27,700,000","81,800,000","89,900,000","44,092,000","108,676,000","84,775,000","79,958,000","50,935,000","64,165,000","66,059,000","84,201,000","62,137,000","36,637,000","54,114,000","65,017,000","53,698,000","33,840,000","47,985,000","59,749,000","42,277,000","33,580,000","36,636,000","42,555,000","33,422,000","25,566,000","33,302,000","42,405,000","26,377,000","11,975,000","25,131,000","33,655,000","29,096,000","24,960,000","49,066,000","56,935,000","44,477,000","36,700,000","43,600,000","49,800,000","37,800,000","34,600,000","38,600,000","43,700,000","34,600,000","29,600,000","34,900,000","37,800,000","25,200,000","22,300,000","27,000,000","29,200,000","18,600,000","18,400,000","21,700,000","21,500,000","14,500,000","14,500,000","18,000,000","17,400,000","11,600,000","12,200,000","13,500,000","13,000,000","10,200,000","10,000,000","11,200,000","5,500,000","9,100,000","33,400,000","-29,400,000","6,500,000","4,200,000","10,200,000","10,900,000","10,400,000","6,200,000","-390,300,000","136,500,000","141,700,000","143,100,000","-389,000,000","144,100,000","143,100,000","139,100,000","-373,500,000","141,800,000","138,300,000","127,500,000","-315,600,000","115,400,000","117,200,000","118,400,000","-322,400,000","122,900,000"
EBITDA,"995,200,000"
ReconciledCostOfRevenue,"3,805,000,000","1,005,400,000","985,500,000","944,000,000","870,100,000","767,300,000","771,600,000","796,400,000","743,000,000","751,800,000","835,600,000","900,400,000","920,600,000","783,300,000","798,500,000","867,100,000","903,900,000","735,300,000","797,000,000","777,600,000","757,700,000","609,600,000","626,400,000","667,400,000","675,700,000","548,600,000","623,400,000","677,600,000","699,200,000","536,300,000","594,300,000","667,000,000","634,900,000","488,300,000","38,100,000","734,000,000","755,900,000","669,400,000","640,500,000","684,300,000","729,200,000","678,100,000","630,800,000","683,000,000","687,100,000","546,500,000","497,400,000","522,300,000","562,800,000","448,400,000","513,400,000","462,300,000","477,800,000","422,100,000","515,400,000","668,400,000","688,900,000","578,917,000","542,786,000","616,715,000","629,220,000","507,373,000","492,330,000","519,102,000","545,908,000","493,725,000","293,674,000","486,148,000","516,267,000","474,605,000","317,204,000","521,722,000","518,055,000","457,962,000","440,331,000","453,451,000","453,353,000","385,520,000","381,051,000","408,023,000","451,011,000","371,720,000","370,738,000","378,546,000","399,790,000","378,546,000","332,156,000","332,473,000","355,981,000","322,523,000","300,300,000","298,600,000","315,500,000","292,500,000","291,700,000","284,500,000","295,300,000","272,600,000","239,700,000","230,400,000","250,900,000","214,300,000","211,500,000","182,800,000","190,100,000","165,600,000","162,200,000","157,300,000","144,700,000","137,500,000","122,800,000","130,800,000","130,600,000","110,100,000","106,700,000","113,000,000","114,000,000","98,400,000","82,600,000","91,600,000","59,800,000","92,600,000","23,400,000","114,500,000","111,500,000","101,900,000","101,900,000","108,200,000","113,100,000","106,300,000",,,,,,,,,,,,,,,,,,
ReconciledDepreciation,"236,600,000","64,700,000","61,500,000","57,600,000","52,800,000","54,300,000","55,200,000","56,200,000","56,000,000","56,800,000","53,900,000","51,500,000","50,900,000","49,100,000","47,400,000","45,900,000","46,300,000","51,000,000","48,400,000","41,600,000","40,300,000","38,800,000","35,800,000","34,600,000","33,900,000","33,500,000","33,900,000","33,600,000","33,500,000","28,300,000","28,200,000","25,500,000","24,700,000","25,600,000","24,000,000","30,000,000","30,200,000","29,700,000","26,400,000","26,000,000","25,600,000","26,900,000","23,400,000","19,000,000","22,600,000","23,000,000","18,100,000","17,500,000","18,800,000","17,500,000","16,700,000","16,500,000","16,900,000","17,400,000","15,700,000","17,900,000","17,053,000","18,347,000","16,011,000","17,488,000","16,920,000","15,455,000","16,137,000","15,348,000","14,218,000","14,133,000","10,801,000","14,111,000","14,470,000","13,839,000","6,819,000","15,801,000","14,463,000","15,556,000","13,455,000","15,882,000","15,771,000","15,258,000","10,547,000","15,468,000","15,573,000","15,406,000","9,881,000","17,982,000","18,001,000","18,096,000","13,539,000","16,093,000","15,913,000","14,004,000","10,000,000","12,300,000","12,200,000","12,900,000","9,900,000","11,500,000","11,900,000","11,900,000","8,900,000","10,200,000","9,800,000","9,900,000","7,700,000","7,200,000","7,700,000","7,200,000","4,800,000","6,500,000","5,900,000","6,000,000","5,400,000","5,500,000","5,900,000","5,100,000","5,000,000","6,000,000","4,800,000","4,900,000","4,200,000","6,800,000","2,800,000","5,000,000","-400,000","6,500,000","6,800,000","6,500,000","5,900,000","5,900,000","5,400,000","5,800,000",,,,,,,,,,,,,,,,,,
NetIncomeFromContinuingOperationNetMinorityInterest,"532,200,000","194,300,000","130,800,000","113,000,000","94,100,000","52,200,000","84,700,000","102,300,000","75,400,000","61,800,000","104,000,000","139,300,000","153,000,000","77,400,000","89,100,000","96,900,000","114,700,000","57,900,000","115,100,000","86,400,000","102,300,000","61,500,000","76,500,000","-9,500,000","115,300,000","68,500,000","81,700,000","103,600,000","94,800,000","39,500,000","53,300,000","86,300,000","75,700,000","36,500,000","95,100,000","76,600,000","8,200,000","55,300,000","48,100,000","69,700,000","89,400,000","60,000,000","39,600,000","53,700,000","55,300,000","33,300,000","21,900,000","46,800,000","38,900,000","23,000,000","41,100,000","45,000,000","55,700,000","10,000,000","13,800,000","50,600,000","56,900,000","-61,679,000","40,949,000","82,641,000","55,677,000","33,659,000","39,629,000","43,380,000","54,648,000","39,084,000","20,602,000","38,343,000","44,317,000","30,072,000","22,006,000","32,131,000","39,208,000","23,727,000","18,736,000","24,531,000","28,560,000","17,093,000","14,865,000","19,940,000","24,741,000","12,831,000","7,570,000","10,868,000","16,592,000","-10,189,000","10,571,000","28,210,000","31,940,000","25,459,000","21,300,000","24,700,000","28,000,000","21,800,000","19,100,000","22,300,000","24,600,000","19,000,000","16,800,000","19,500,000","21,000,000","13,400,000","13,200,000","15,500,000","16,400,000","10,600,000","10,600,000","12,500,000","12,400,000","8,600,000","8,500,000","10,200,000","10,100,000","6,800,000","7,000,000","8,100,000","7,500,000","5,900,000","5,700,000","6,600,000","300,000","5,400,000","19,900,000","-19,000,000","3,500,000","2,300,000","5,600,000","6,400,000","6,600,000","4,100,000",,,,,,,,,,,,,,,,,,
TotalUnusualItemsExcludingGoodwill,"0",,"0","0","0","0","0","0","0","-8,800,000",,,,,,,,,"0","0",,,"0","-141,500,000",,,,,,,,,,,,"0","-100,000,000",,,"-6,100,000","-600,000","300,000",,"1,300,000",,,,,,,"0","800,000","-1,500,000","700,000","-900,000","600,000","-300,000","-122,924,000","615,000","51,611,000","-4,891,000","2,246,000","4,928,000","3,448,000","1,781,000","455,000","-1,472,000","2,607,000","4,794,000","-5,106,000","-1,309,000","2,804,000","2,579,000","-3,522,000","1,845,000","2,325,000","3,631,000","-3,088,000","1,410,000","672,000","-534,000","-1,639,000","6,562,000","-341,000","246,000","-36,852,000","0","1,540,000","717,000","1,189,000","2,400,000","1,500,000","500,000","2,400,000","2,700,000","4,200,000","2,700,000","1,800,000","2,300,000","1,500,000","1,300,000","900,000","2,500,000","400,000","400,000","700,000","500,000","500,000","600,000","1,200,000","800,000","100,000","500,000","600,000","400,000","700,000","500,000","700,000","800,000","1,000,000","200,000","700,000","0","-500,000","200,000","600,000","200,000","400,000","900,000","1,100,000",,,,,,,,,,,,,,,,,,
TotalUnusualItems,"0",,"0","0","0","0","0","0","0","-8,800,000",,,,,,,,,"0","0",,,"0","-141,500,000",,,,,,,,,,,,"0","-100,000,000",,,"-6,100,000","-600,000","300,000",,"1,300,000",,,,,,,"0","800,000","-1,500,000","700,000","-900,000","600,000","-300,000","-122,924,000","615,000","51,611,000","-4,891,000","2,246,000","4,928,000","3,448,000","1,781,000","455,000","-1,472,000","2,607,000","4,794,000","-5,106,000","-1,309,000","2,804,000","2,579,000","-3,522,000","1,845,000","2,325,000","3,631,000","-3,088,000","1,410,000","672,000","-534,000","-1,639,000","6,562,000","-341,000","246,000","-36,852,000","0","1,540,000","717,000","1,189,000","2,400,000","1,500,000","500,000","2,400,000","2,700,000","4,200,000","2,700,000","1,800,000","2,300,000","1,500,000","1,300,000","900,000","2,500,000","400,000","400,000","700,000","500,000","500,000","600,000","1,200,000","800,000","100,000","500,000","600,000","400,000","700,000","500,000","700,000","800,000","1,000,000","200,000","700,000","0","-500,000","200,000","600,000","200,000","400,000","900,000","1,100,000",,,,,,,,,,,,,,,,,,
NormalizedEBITDA,"995,200,000","342,100,000","243,800,000","223,400,000","185,900,000","140,400,000","165,800,000","211,600,000","172,800,000","160,700,000","194,000,000","245,400,000","260,600,000","166,800,000","162,400,000","184,100,000","210,000,000","144,700,000","151,900,000","184,600,000","199,100,000","135,700,000","151,200,000","212,900,000","213,200,000","144,400,000","159,800,000","195,500,000","181,600,000","95,000,000","117,600,000","159,900,000","147,400,000","88,900,000","175,100,000","153,500,000","152,800,000","99,900,000","103,800,000","142,900,000","166,600,000","122,900,000","76,100,000","99,600,000","108,200,000","78,400,000","44,900,000","84,100,000","83,000,000","56,100,000","51,500,000","87,200,000","100,900,000","34,800,000","44,300,000","99,100,000","107,253,000","185,363,000","124,072,000","50,652,000","101,769,000","64,144,000","75,374,000","77,959,000","96,638,000","75,815,000","48,910,000","65,618,000","74,693,000","72,643,000","41,968,000","60,982,000","71,633,000","61,355,000","45,190,000","50,193,000","54,695,000","51,768,000","34,703,000","48,098,000","58,512,000","43,422,000","15,294,000","43,454,000","51,410,000","84,044,000","38,499,000","63,619,000","72,131,000","57,292,000","44,300,000","54,400,000","61,500,000","48,300,000","41,800,000","45,900,000","52,900,000","44,700,000","36,200,000","43,600,000","46,300,000","34,200,000","27,500,000","33,800,000","36,500,000","25,100,000","22,700,000","27,700,000","26,800,000","19,300,000","19,100,000","23,400,000","22,800,000","16,100,000","16,800,000","23,700,000","17,300,000","14,400,000","13,400,000","17,000,000","9,200,000","13,400,000","33,000,000","-22,300,000","13,100,000","10,100,000","15,900,000","16,400,000","15,100,000","10,900,000","-390,300,000","136,500,000","141,700,000","143,100,000","-389,000,000","144,100,000","143,100,000","139,100,000","-373,500,000","141,800,000","138,300,000","127,500,000","-315,600,000","115,400,000","117,200,000","118,400,000","-322,400,000","122,900,000"
TaxRateForCalcs,"0.211","0.237","0.184","0.226","0.174","0.22","0.076","0.25","0.223","0.189","0.159","0.214","0.208","0.236","0.105","0.205","0.215","0.261","0.4","0.361","0.326","0.317","0.296","0.4","0.325","0.33","0.303","0.323","0.32","0.319","0.339","0.317","0.338","0.336","0.332","0.332","0.35","0.105","0.322","0.332","0.332","0.331","0.157","0.296","0.313","0.335","0.072","0.281","0.377","0.373","0.35","0.353","0.305","0.351","0.048","0.337","0.327","0.259","0.299","0.363","0.32","0.315","0.253","0.324","0.307","0.33","0.348","0.265","0.323","0.323","0.219","0.317","0.325","0.325","0.325","0.306","0.335","0.335","0.345","0.345","0.345","0.345","0.303","0.362","0.362","0.362","0.319","0.362","0.37","0.371","0.381","0.384","0.385","0.386","0.394","0.396","0.394","0.395","0.389","0.396","0.397","0.396","0.392","0.397","0.397","0.398","0.391","0.396","0.395","0.394","0.393","0.396","0.395","0.393","0.391","0.396","0.395","0.398","0.394","0.389","0.4","0.379","0.382","0.385","0.386","0.378","0.378","0.379","0.377","0.379",,,,,,,,,,,,,,,,,,
TaxEffectOfUnusualItems,"0","0","0","0","0","0","0","0","0","-1,663,200","0","0","0","0","0","0","0","0","0","0","0","0","0","-56,600,000","0","0","0","0","0","0","0","0","0","0","0","0","-35,000,000","0","0","-2,027,490.421","-199,103.139","99,331.104","0","385,058.978","0","0","0","0","0","0","0","282,014.388","-458,229.426","245,454.545","-43,448.276","202,096.986","-97,988.166","-31,838,938.959","183,596.084","18,752,599.7","-1,565,447.317","707,075.767","1,248,110.948","1,118,146.887","546,467.313","150,158.736","-511,764.929","691,099.341","1,546,137.188","-1,646,785.077","-287,044.701","890,172.912","838,147.25","-1,144,642.485","599,578.47","710,478.826","1,216,364.286","-1,034,499.222","486,423.284","231,829.183","-184,224.699","-565,437.848","1,985,407.039","-123,486.912","89,032.266","-13,340,100.939","0","556,850.729","264,974.261","441,334.058","913,953.488","576,059.85","192,307.692","926,197.183","1,062,857.143","1,661,788.618","1,064,039.409","710,828.025","894,909.091","594,427.245","515,517.241","356,756.757","979,262.673","158,754.864","158,823.529","278,409.091","195,402.299","198,067.633","237,073.171","473,239.437","314,285.714","39,644.97","197,604.79","235,714.286","156,521.739","276,865.672","197,580.645","278,571.429","314,893.617","388,888.889","80,000","265,517.241","0","-192,556.634","77,192.982","227,027.027","75,555.556","151,456.311","339,622.642","416,666.667",,,,,,,,,,,,,,,,,,