name,ttm,03/31/2022,12/31/2021,09/30/2021,06/30/2021,03/31/2021,12/31/2020,09/30/2020,06/30/2020,03/31/2020,12/31/2019,09/30/2019,06/30/2019,03/31/2019,12/31/2018,09/30/2018,06/30/2018,03/31/2018,12/31/2017,09/30/2017,06/30/2017,03/31/2017,12/31/2016,09/30/2016,06/30/2016,03/31/2016,12/31/2015,09/30/2015,06/30/2015,03/31/2015,12/31/2014,09/30/2014,06/30/2014,03/31/2014,12/31/2013,09/30/2013,06/30/2013,03/31/2013,12/31/2012,09/30/2012,06/30/2012,03/31/2012,12/31/2011,09/30/2011,06/30/2011,03/31/2011,12/31/2010,09/30/2010,06/30/2010,03/31/2010,12/31/2009,09/30/2009,06/30/2009,03/31/2009,12/31/2008,09/30/2008,06/30/2008,03/31/2008,12/31/2007,09/30/2007,06/30/2007,03/31/2007,12/31/2006,09/30/2006,06/30/2006,03/31/2006,12/31/2005,09/30/2005,06/30/2005,03/31/2005,12/31/2004,09/30/2004,06/30/2004,03/31/2004,12/31/2003,09/30/2003,06/30/2003,03/31/2003,12/31/2002,09/30/2002,06/30/2002,03/31/2002,12/31/2001,09/30/2001,06/30/2001,03/31/2001,12/31/2000,09/30/2000,06/30/2000,03/31/2000,12/31/1999,09/30/1999,06/30/1999,03/31/1999,12/31/1998,09/30/1998,06/30/1998,03/31/1998,12/31/1997,09/30/1997,06/30/1997,03/31/1997,12/31/1996,09/30/1996,06/30/1996,03/31/1996,12/31/1995,09/30/1995,06/30/1995,03/31/1995,12/31/1994,09/30/1994,06/30/1994,03/31/1994,12/31/1993,09/30/1993,06/30/1993,03/31/1993,12/31/1992,09/30/1992,06/30/1992,03/31/1992,12/31/1991,09/30/1991,06/30/1991,03/31/1991,12/31/1990,09/30/1990,06/30/1990,03/31/1990,12/31/1989,09/30/1989,06/30/1989,03/31/1989,12/31/1988,09/30/1988,06/30/1988,03/31/1988,12/31/1987,09/30/1987,06/30/1987,03/31/1987,12/31/1986,09/30/1986,06/30/1986,03/31/1986,12/31/1985,09/30/1985
TotalRevenue,"72,770,000","17,210,000","24,700,000","16,577,000","14,283,000","14,712,000","15,960,851","14,571,974","13,009,743","12,838,432","994,965","11,748,131","17,938,831","14,259,319","29,575,119","18,428,697","13,833,185","24,851,599","17,480,622","12,380,602","22,837,783","38,713,284","27,635,543","12,210,945","12,873,938","18,354,435","19,783,432","8,297,715","7,608,208","7,308,325","8,089,161","14,069,135","6,261,442","7,099,985","9,654,120","6,372,495","4,971,925","5,055,378","4,080,661","3,840,622","4,638,245","4,742,322","3,229,280","3,388,141","3,808,210","3,817,125","3,606,767","3,416,026","2,682,061","3,705,879","3,473,834","4,344,610","5,263,530","3,845,927","5,757,915","3,291,854","5,795,355","3,627,868","20,526,958","6,132,292","4,770,158","8,403,558","17,808,452","8,306,351","8,220,186","8,001,214","8,105,183","6,450,009","5,916,195","23,082,643","30,270,463","3,990,996","4,394,648","3,328,819","22,585,580","2,531,978","2,720,658","5,306,924","8,892,121","8,654,626","6,887,264","2,482,028","2,581,977","1,724,155","2,708,032","2,234,391","14,175,416","2,882,689","1,304,720","1,497,678","3,400,000","6,400,000","6,000,000","1,300,000","-5,600,000","1,500,000","4,500,000","6,000,000","12,700,000","1,300,000","3,300,000","5,300,000","7,200,000","700,000","5,600,000","8,100,000","6,900,000","1,400,000","3,700,000","4,600,000","9,400,000","2,600,000","4,900,000","10,400,000","12,800,000","3,900,000","8,500,000","9,600,000","14,100,000","6,400,000","9,600,000","10,900,000","12,800,000","8,300,000","13,100,000","12,200,000","8,800,000","6,500,000","6,300,000","10,300,000","14,000,000","9,100,000","12,900,000","11,100,000","12,700,000","9,100,000","11,900,000","11,900,000","14,600,000","7,200,000","8,700,000","7,400,000","7,100,000","3,800,000","7,300,000","5,800,000","5,800,000","3,700,000"
	OperatingRevenue,"72,770,000","17,210,000","24,700,000","16,577,000","14,283,000","14,712,000","15,960,851","14,571,974","13,009,743","12,838,432","994,965","11,748,131","17,938,831","14,259,319","29,575,119","18,428,697","13,833,185","24,851,599","17,480,622","12,380,602","22,837,783","38,713,284","27,635,543","12,210,945","12,873,938","18,354,435","19,783,432","8,297,715","7,608,208","7,308,325","8,089,161","14,069,135","6,261,442","7,099,985","9,654,120","6,372,495","4,971,925","4,957,701","3,915,682","3,840,622","4,638,245","4,742,322","3,229,280","3,388,141","3,808,210","3,817,125","3,571,540","3,386,023","2,625,391","3,638,815","3,668,385","4,270,603","5,221,083","3,767,830","5,757,915","3,291,854","5,795,355","3,627,868","20,526,958","6,132,292","4,770,158","8,403,558","17,808,452","8,306,351","8,220,186","8,001,214","8,105,183","6,450,009","5,916,195","23,082,643","30,270,463","3,990,996","4,394,648","3,328,819","22,585,580","2,531,978","2,720,658","5,306,924","8,892,121","8,654,626","6,887,264","2,482,028","2,581,977","1,724,155","2,708,032","2,234,391","14,175,416","2,882,689","1,304,720","1,497,678","3,400,000","6,400,000","6,000,000","1,300,000","-5,600,000","1,500,000","4,500,000","6,000,000","12,700,000","1,300,000","3,300,000","5,300,000","7,200,000","700,000","5,600,000","8,100,000","6,900,000","1,400,000","3,700,000","4,600,000","9,400,000","2,600,000","4,900,000","10,400,000","12,800,000","3,900,000","8,500,000","9,600,000","14,100,000","6,400,000","9,600,000","10,900,000","12,800,000","8,300,000","13,100,000","12,200,000","8,800,000","6,500,000","6,300,000","10,300,000","14,000,000","9,100,000","12,900,000","11,100,000","12,700,000","9,100,000","11,900,000","11,900,000","14,600,000","7,200,000","8,700,000","7,400,000","7,100,000","3,800,000","7,300,000","5,800,000","5,800,000","3,700,000"
CostOfRevenue,"23,498,000","4,067,000","11,875,000","4,236,000","3,320,000","2,999,000","3,673,984","5,274,458","2,625,097","3,637,461","-4,386,845","1,818,436","6,115,319","3,557,757","1,717,316","8,739,613","4,435,384","4,791,688","6,024,595","3,466,206","8,854,499","12,107,677","13,081,483","4,043,639","3,828,511","4,886,387","5,874,273","2,721,326","2,488,167","2,684,332","2,660,594","5,236,173","2,189,515","1,913,674","4,829,623","1,956,910","2,046,792","1,789,985","1,545,429","1,685,806","2,490,558","2,453,415","2,533,950","2,445,040","2,786,266","2,603,953","2,759,673","2,610,339","2,602,673","2,378,127","2,896,565","2,403,455","2,566,467","2,303,618","2,448,036","2,391,963","2,702,574","2,463,989","4,169,232","2,725,095","2,668,952","6,049,445","6,521,580","3,385,929","2,762,423","2,622,755","3,012,361","2,389,154","3,019,150","5,404,240","7,284,056","2,199,251","2,518,186","2,303,612","2,593,436","1,933,461","2,192,906","2,155,119","3,266,139","2,620,540","2,380,995","1,900,305","2,028,215","2,009,651","2,112,317","1,772,531","4,022,609","1,365,072","1,442,922","1,214,475","1,200,000","4,400,000","1,700,000","1,100,000","-5,100,000","1,300,000","3,700,000","4,800,000","2,900,000","1,300,000","2,300,000","4,300,000","3,400,000","1,200,000","3,600,000","4,700,000","2,900,000","1,600,000","3,100,000","4,300,000","3,800,000","1,700,000","3,900,000","6,600,000","6,900,000","5,200,000","8,000,000","8,500,000","6,700,000","6,900,000","8,900,000","9,300,000","8,400,000","7,300,000","11,400,000","10,200,000","7,100,000","8,100,000","7,700,000","10,600,000","8,300,000","9,600,000","11,600,000",,,,,,,,,,,,,,,
GrossProfit,"49,272,000","13,143,000","12,825,000","12,341,000","10,963,000","11,713,000","12,286,867","9,297,516","10,384,646","9,200,971","5,381,810","9,929,695","11,823,512","10,701,562","27,857,803","9,689,084","9,397,801","20,059,911","11,456,027","8,914,396","13,983,284","26,605,607","14,554,060","8,167,306","9,045,427","13,468,048","13,909,159","5,576,389","5,120,041","4,623,993","5,428,567","8,832,962","4,071,927","5,186,311","4,824,497","4,415,585","2,925,133","3,265,393","2,535,232","2,154,816","2,147,687","2,288,907","695,330","943,101","1,021,944","1,213,172","847,094","805,687","79,388","1,327,752","577,269","1,941,155","2,697,063","1,542,309","3,309,879","899,891","3,092,781","1,163,879","16,357,726","3,407,197","2,101,206","2,354,113","11,286,872","4,920,422","5,457,763","5,378,459","5,092,822","4,060,855","2,897,045","17,678,403","22,986,407","1,791,745","1,876,462","1,025,207","19,992,144","598,517","527,752","3,151,805","5,625,982","6,034,086","4,506,269","581,723","553,762","-285,496","595,715","461,860","10,152,807","1,517,617","-138,202","283,203","2,200,000","2,000,000","4,300,000","200,000","-500,000","200,000","800,000","1,200,000","9,800,000","0","1,000,000","1,000,000","3,800,000","-500,000","2,000,000","3,400,000","4,000,000","-200,000","600,000","300,000","5,600,000","900,000","1,000,000","3,800,000","5,900,000","-1,300,000","500,000","1,100,000","7,400,000","-500,000","700,000","1,600,000","4,400,000","1,000,000","1,700,000","2,000,000","1,700,000","-1,600,000","-1,400,000","-300,000","5,700,000","-500,000","1,300,000",,,,,,,,,,,,,,,
OperatingExpense,"33,171,000","9,412,000","7,878,000","8,247,000","7,634,000","7,869,000","6,265,285","8,103,057","7,192,187","7,644,471","7,025,568","6,547,836","6,193,587","5,848,287","6,753,336","5,785,240","6,283,938","6,724,379","5,834,289","5,156,681","5,942,877","5,982,722","4,156,498","3,767,287","3,704,685","6,864,824","4,198,453","4,196,089","2,946,629","2,625,505","3,440,069","2,393,582","2,391,628","2,282,442","1,950,533","1,946,130","1,974,873","2,526,080","2,138,730","2,895,658","1,452,816","1,520,241","2,294,269","1,357,749","644,502","1,792,613","613,274","1,088,344","1,006,653","1,205,947","731,185","1,602,005","2,386,052","1,025,417","-751,657","-681,528","-338,379","-310,628","-1,391,659","-965,862","-700,084","-185,453","-100,114","-251,381","-514,051","-387,504","-275,213","-228,280","-459,429","-247,350","-4,775,312","814,493","1,262,187","1,485,212","-5,011,889","997,333","-392,622","977,534","-4,143,389","738,023","791,927","998,754","556,434","2,135,284","893,280","1,009,332","365,668","937,349","981,667","1,080,108","300,000","1,000,000","900,000","1,100,000","400,000","600,000","700,000","800,000","4,100,000","1,000,000","800,000","900,000","2,100,000","800,000","800,000","900,000","1,900,000","800,000","900,000","1,000,000","1,600,000","1,000,000","900,000","1,100,000","2,300,000","1,100,000","900,000","1,100,000","2,600,000","900,000","700,000","900,000","3,600,000","800,000","800,000","800,000","3,300,000","600,000","600,000","500,000","3,100,000","400,000","500,000",,,,,,,,,,,,,,,
	SellingGeneralAndAdministration,"11,051,000","3,043,000","2,725,000","2,680,000","2,603,000","3,039,000","1,538,000","3,341,000","2,171,000","3,092,000","2,936,000","2,261,000","2,119,000","2,502,000","2,604,370","1,928,000","2,429,000","2,824,000","2,309,764","1,995,512","2,727,187","3,220,147","1,779,467","1,821,827","1,899,126","4,797,457","2,630,176","2,778,960","1,874,877","1,469,766","2,454,591","1,506,964","1,545,247","1,510,434","1,211,731","1,207,593","1,260,674","1,753,564","1,554,199","2,311,448","1,452,816","1,520,241","2,294,269","1,357,749","644,502","1,792,613","613,274","1,088,344","1,006,653","1,205,947","731,185","1,602,005","2,386,052","1,025,417","256,997","1,410,864","-76,058","1,221,000","644,914","1,044,337","996,286","3,484,705","2,277,626","1,911,250","721,965","1,908,530","1,784,562","-51,130","3,124,627","3,138,999","1,511,393","814,493","1,262,187","1,485,212","1,322,094","997,333","1,291,073","977,534","878,471","738,023","791,927","998,754","556,434","2,135,284","893,280","1,009,332","564,823","876,533","914,638","1,008,798","200,000","900,000","900,000","1,000,000","200,000","600,000","700,000","800,000","3,200,000","1,000,000","800,000","900,000","1,000,000","800,000","800,000","900,000","800,000","800,000","900,000","1,000,000","500,000","1,000,000","900,000","1,100,000","500,000","1,100,000","900,000","1,100,000","600,000","900,000","700,000","900,000","1,100,000","800,000","800,000","800,000","500,000","600,000","600,000","500,000","400,000","400,000","500,000",,,,,,,,,,,,,,,
		GeneralAndAdministrativeExpense,"11,051,000","3,043,000","2,725,000","2,680,000","2,603,000","3,039,000","1,538,000","3,341,000","2,171,000","3,092,000","2,936,000","2,261,000","2,119,000","2,502,000","2,604,370","1,928,000","2,429,000","2,824,000","2,309,764","1,995,512","2,727,187","3,220,147","1,779,467","1,821,827","1,899,126","4,797,457","2,630,176","2,778,960","1,874,877","1,469,766","2,454,591","1,506,964","1,545,247","1,510,434","1,211,731","1,207,593","1,260,674","1,753,564","1,554,199","2,311,448","1,452,816","1,520,241",,"1,357,749","644,502","1,792,613","613,274","1,088,344","1,006,653","1,205,947","731,185","1,602,005","2,386,052","1,025,417",,,,,,,,,,,,,,,,,,,,,,,,,,,,,,,,,,,,,,,,,,,,,,,,,,,,,,,,,,,,,,,,,,,,,,,,,,,,,,,,,,,,,,,,,,,,,,
			SalariesAndWages,"3,116,000","906,000","734,000","734,000","742,000","958,000","651,000","616,000","700,000","819,000","629,000","613,000","634,000","811,000",,"386,000","430,000","468,000",,,,,,,,,,,,,,,,,,,,,,"446,678",,,,,,,,,,,,,,,,,,,,,,,,,,,,,,,,,,,,,,,,,,,,,,,,,,,,,,,,,,,,,,,,,,,,,,,,,,,,,,,,,,,,,,,,,,,,,,,,,,,,,,,,,,,,
			OtherGandA,"7,935,000","2,137,000","1,991,000","1,946,000","1,861,000","2,081,000","887,000","2,725,000","1,471,000","2,273,000","2,307,000","1,648,000","1,485,000","1,691,000","3,887,370","1,542,000","1,999,000","2,356,000","2,309,764","1,995,512","2,727,187","3,220,147","1,779,467","1,821,827","1,899,126","4,797,457","2,630,176","2,778,960","1,874,877","1,469,766","2,454,591","1,506,964","1,545,247","1,510,434","1,211,731","1,207,593","1,260,674","1,753,564","2,424,502","1,864,770",,,,,,,,,,,,,,,,,,,,,,,,,,,,,,,,,,,,,,,,,,,,,,,,,,,,,,,,,,,,,,,,,,,,,,,,,,,,,,,,,,,,,,,,,,,,,,,,,,,,,,,,,,,,
	DepreciationAmortizationDepletionIncomeStatement,"22,120,000","6,369,000","5,153,000","5,567,000","5,031,000","4,830,000","4,727,285","4,762,057","5,021,187","4,552,471","4,089,568","4,286,836","4,074,587","3,346,287","4,148,966","3,857,240","3,854,938","3,900,379","3,524,525","3,161,169","3,215,690","2,762,575","2,377,031","1,945,460","1,805,559","2,067,367","1,568,277","1,417,129","1,071,752","1,155,739","985,478","886,618","846,381","772,008","738,802","738,537","714,199","772,516","584,531","584,210",,,,,,,,"686,231","686,897",,,,,,,,,,,,,,,,,,,,,,,,,,,,,,,,,,,,,,,"60,816","67,029","71,310","100,000","100,000",,"100,000",,,,,,,,,,,,,,,,,,,,,,,,,,,,,,,,,,,,,,,,,,,,,,,,,,,,,,
		DepreciationAndAmortizationInIncomeStatement,"22,120,000","6,369,000","5,153,000","5,567,000","5,031,000","4,830,000","4,727,285","4,762,057","5,021,187","4,552,471","4,089,568","4,286,836","4,074,587","3,346,287","4,148,966","3,857,240","3,854,938","3,900,379","3,524,525","3,161,169","3,215,690","2,762,575","2,377,031","1,945,460","1,805,559","2,067,367","1,568,277","1,417,129","1,071,752","1,155,739","985,478","886,618","846,381","772,008","738,802","738,537","714,199","772,516","584,531","584,210",,,,,,,,"686,231","686,897",,,,,,,,,,,,,,,,,,,,,,,,,,,,,,,,,,,,,,,"60,816","67,029","71,310","100,000","100,000",,"100,000",,,,,,,,,,,,,,,,,,,,,,,,,,,,,,,,,,,,,,,,,,,,,,,,,,,,,,
	OtherOperatingExpenses,,,,,,,,,,,,,,,,,,,"0",,,"-2,226,526",,,,,,,,,,,,,,,,,,,,"245,726",,,,,,,,,,,,,"-1,008,654","-2,092,392","-262,321","-1,531,628","-2,036,573","-2,010,199","-1,696,370","-3,670,158","-2,377,740","-2,162,631","-1,236,016","-2,296,034","-2,059,775","-177,150","-3,584,056","-3,386,349",,,,,,,"-1,683,695",,,,,,,,,,,,,,,,,,,,,,,,,,,,,,,,,,,,,,,,,,,,,,,,,,,,,,,,,,,,,,,,,,,,,,,
OperatingIncome,"16,101,000","3,731,000","4,947,000","4,094,000","3,329,000","3,844,000","6,021,582","1,194,459","3,192,459","1,556,500","-1,643,758","3,381,859","5,629,925","4,853,275","21,104,467","3,903,844","3,113,863","13,335,532","5,621,738","3,757,715","8,040,407","20,622,885","10,397,562","4,400,019","5,340,742","6,603,224","9,710,706","1,380,300","2,173,412","1,998,488","1,988,498","6,439,380","1,680,299","2,903,869","2,873,964","2,469,455","950,260","739,313","396,502","-740,842","694,871","768,666","-1,598,939","-414,648","377,442","-579,441","233,820","-282,657","-927,265","121,805","-153,916","339,150","311,011","516,892","4,061,536","1,581,419","3,431,160","1,474,507","17,749,385","4,373,059","2,801,290","2,539,566","11,386,986","5,171,803","5,971,814","5,765,963","5,368,035","4,289,135","3,356,474","17,925,753","27,761,719","977,252","614,275","-460,005","25,004,033","-398,816","920,374","2,174,271","9,769,371","5,296,063","3,714,342","-417,031","-2,672","-2,420,780","-297,565","-547,472","9,787,139","580,268","-1,119,869","-796,905","1,900,000","1,000,000","3,400,000","-900,000","-900,000","-400,000","100,000","400,000","5,700,000","-1,000,000","200,000","100,000","1,700,000","-1,300,000","1,200,000","2,500,000","2,100,000","-1,000,000","-300,000","-700,000","4,000,000","-100,000","100,000","2,700,000","3,600,000","-2,400,000","-400,000","0","4,800,000","-1,400,000","0","700,000","800,000","200,000","900,000","1,200,000","-1,600,000","-2,200,000","-2,000,000","-800,000","2,600,000","-900,000","800,000","11,100,000","-29,700,000","9,100,000","11,900,000","11,900,000","-20,000,000","7,200,000","8,700,000","7,400,000","-14,300,000","3,800,000","7,300,000","5,800,000","-13,200,000","3,700,000"
NetNonOperatingInterestIncomeExpense,"-8,387,000","-1,902,000","-2,078,000","-1,986,000","-2,421,000","-2,444,000","-2,455,208","-2,477,232","-2,453,000","-3,453,000","-3,246,000","-3,254,000","-3,042,000","-2,923,000","-2,979,000","-2,345,000","-2,538,000","-2,561,000","-2,244,000","-2,073,000","-2,144,176","-2,061,891","-2,052,745","-2,454,390","-2,154,437","-2,091,766","-2,072,686","-1,892,145","-1,888,434","-1,066,502","-865,806","-554,908","-503,407","-453,704","-510,524","-509,898","-468,371","-296,502","-134,293","-124,197","191,022","112,889","114,963","86,210","84,507","175,211","16,002","30,003","56,670","54,239","69,736","55,718","39,447","66,547",,,,,,,,,,,,,,,,,,,,,,,,,,,,,,,,,,,,,,,,,,,,,,,,,,,,,,,,,,,,,,,,,,,,,,,,,,,,,,,,,,,,,,,,,,,,,,
	InterestIncomeNonOperating,,,,,,,,,,,,,,,,,,,"325,240","637,801","553,159","536,489","537,728","534,212","635,050","881,245","874,551","546,640","638,710","631,484","19,172","14,246","14,371","13,947","14","0","225","166","665","453","191,022","112,889","114,963","86,210","84,507","175,211","16,002","30,003","56,670","54,239","69,736","55,718","39,447","66,547",,,,,,,,,,,,,,,,,,,,,,,,,,,,,,,,,,,,,,,,,,,,,,,,,,,,,,,,,,,,,,,,,,,,,,,,,,,,,,,,,,,,,,,,,,,,,,
	InterestExpenseNonOperating,"7,801,000","1,737,000","1,936,000","1,866,000","2,262,000","2,279,000","2,001,208","2,477,232","2,453,000","3,453,000","2,802,000","3,254,000","3,042,000","2,923,000","2,874,000","2,242,000","2,538,000","2,561,000","2,085,000","1,948,000","2,144,176","2,061,891","2,052,745","2,454,390","2,154,437","2,091,766","2,072,686","1,892,145","1,888,434","1,066,502","884,978","569,154","517,778","467,651","510,538","509,898","468,596","296,668","134,958","124,650",,,,,,,,,,,,,,,,,,,,,,,,,,,,,,,,,,,,,,,,,,,,,,,,,,,,,,,,,,,,,,,,,,,,,,,,,,,,,,,,,,,,,,,,,,,,,,,,,,,,,,,,,,,,
	TotalOtherFinanceCost,"586,000","165,000","142,000","120,000","159,000","165,000",,,,,,,,,"105,000","103,000",,,"159,000","125,000",,,,,,,,,,,,,,,,,,,,,,,,,,,,,,,,,,,,,,,,,,,,,,,,,,,,,,,,,,,,,,,,,,,,,,,,,,,,,,,,,,,,,,,,,,,,,,,,,,,,,,,,,,,,,,,,,,,,,,,,,,,,,,,,
OtherIncomeExpense,"11,490,000","-2,139,000","355,000","21,869,000","-8,595,000","5,947,000","-6,974,293","-739,760","16,050,014","-14,453,961","1,366,749","2,220,380","11,826,467","6,908,712","1,133,200","-1,105,183","18,396,700","3,663,170","10,858","9,458","8,524","2,235,709","-52,487","11,482,021","-605,183","-776,292","1,548,251","3,933,606","87,567","-354,142","1,500","-421,040","-255,769","-943,890","0","0","-616,278","0","-2,406","-33,513","0","-245,726","-10,250","-6,610,138","-84,507","-175,211","-16,002","-30,003","-56,670","-54,239","-69,736","-55,718","-39,447","-66,547","575,000","590,439","196,257","8,000","1,178,848","816,235","550,000","34,744","10,895","212,550","311,818","144,052","13,350","21,210","214,733","23,000","117,186","38,975","17,225","36,327","96,224","12,500","164,039","359,112","-1","1,000","149,866","0","-5","4,333","50,939","1,340","1,278,742","14,750","2,899","82,527","1,900,000","100,000","2,000,000","200,000","200,000","300,000","100,000","400,000","300,000","300,000","500,000","300,000","5,500,000","200,000","700,000","200,000","5,200,000","200,000","1,500,000","0","4,200,000","-300,000",,"0","-300,000","100,000","300,000","300,000","1,300,000","100,000","100,000","100,000","1,200,000","0","0","-100,000","-10,000,000","100,000","0","0","-100,000","100,000","0",,,,,,,,,,,,,,,
	GainOnSaleOfSecurity,"5,219,000","-1,894,000","4,007,000","-797,000","3,903,000","5,332,000","-685,718","-1,029,496","8,469,612","-13,186,398","258,480","33,048","14,560","38,755","13,838","14,179","11,892","12,312","10,554","9,724","8,524","9,183","31,181","2,531","2,691","-566,384","-186,864","170,466","74,818","150,459",,,,,,,,,,,,,,,,,,,,,,,,,,,,,,,,,,,,,,,,,,,,,,,,,,,,,,,,,,,,,,,,,,,,,,,,,,,,,,,,,,,,,,,,,,,,,,,,,,,,,,,,,,,,,,,,,,,,,,
	EarningsFromEquityInterest,,,,,,,,,,,,,,,,,,,,,,,,,,,,,,,,,,,,,,,,,,,,"8,750",,,,,,,,,,,,,,,,,,,,,,,,,,,,,,,,,,,,,,,,,,,,,,,,,,,,,,,,,,,,,,,,,,,,,,,,,,,,,,,,,,,,,,,,,,,,,,,,,,,,,,,,
	SecuritiesAmortization,,,,,,,,,,,,,,"106,000",,,,,,,,,,,,,,,,,,,,,,,,,,,,,,,,,,,,,,,,,,,,,,,,,,,,,,,,,,,,,,,,,,,,,,,,,,,,,,,,,,,,,,,,,,,,,,,,,,,,,,,,,,,,,,,,,,,,,,,,,,,,,,,,,,,,,,
	SpecialIncomeCharges,"6,271,000","-245,000","-3,652,000","22,666,000","-12,498,000","615,000","-6,288,575","289,736","7,580,402","-1,267,563","1,108,269","2,187,332","11,811,907","6,869,957","1,119,362","-1,119,362","18,384,808","3,650,858","304","-266",,"2,226,526","-83,668","11,479,490","-607,874","-209,908","1,735,115","3,763,140","12,749","-504,601","1,500","-421,040","0",,"0","0","-616,278","0","-2,406","-33,513","0","-245,726","0","-6,618,888",,,,,"0",,,,,,"575,000","590,439","196,257","8,000","1,178,848","816,235","550,000","34,744","10,895","212,550","311,818","144,052","13,350","21,210","214,733","23,000","117,186","38,975","17,225","36,327","96,224","12,500","164,039","359,112","-1","1,000","149,866",,"-5","4,333","50,939","1,340","1,278,742","14,750","2,899","82,527","1,900,000","100,000","2,000,000","200,000","200,000","300,000","100,000","400,000","300,000","300,000","500,000","300,000","5,500,000","200,000","700,000","200,000","5,200,000","200,000","1,500,000",,,,,,,"100,000","300,000","300,000",,"100,000","100,000","100,000",,,,,,,,,,,,,,,,,,,,,,,,,,
		ImpairmentOfCapitalAssets,,,,,,"0","7,242,500","0","0","1,904,500",,,,,"-1,119,362","1,119,362",,,"0",,,,"0",,"1,970,822","209,908","0","0","0","510,041","0","421,040","0",,"0","0","616,278",,"0","0",,,"0","6,618,888",,,,,,,,,,,,,,,,,,,,,,,,,,,,,,,,,,,,,,,,,,,,,,,,,,,,,,,,,,,,,,,,,,,,,,,,,,,,,,,,,,,,,,,,,,,,,,,,,,,,,,,,
		WriteOff,,,"1,072,000","0","16,527,000","0","7,242,500","0","0","1,904,500",,,,,"-1,119,362","1,119,362",,,"0",,,,"0",,"1,970,822","209,908","0","0","0","510,041","0","421,040","0",,"0","0","616,278",,"0",,,,,,,,,,,,,,,,,,,,,,,,,,,,,,,,,,,,,,,,,,,,,,,,,,,,,,,,,,,,,,,,,,,,,,,,,,,,,,,,,,,,,,,,,,,,,,,,,,,,,,,,,,,,,
		OtherSpecialCharges,,,"2,790,000",,"703,000","93,000","1,426,481",,"-504,544","-636,937",,,,,,,,,"-304",,,,"0",,"-1,362,948","0","-1,735,115","-3,763,140","-12,749","-5,440","-1,500",,,,"0",,"0",,"242,051","33,513",,,,"0",,,,,,,,,,,,,,,,,,,,,,,,,,,,,,,,,,,,,,,,,,,,,,,,,,,,,,,,,,,,,,,,,,,,,,,,,,,,,,,,,,,,,,,,,,,,,,,,,,,,,,,,
		GainOnSaleOfPPE,"27,363,000","-245,000","210,000","22,666,000","4,732,000","708,000","2,380,406","289,736","7,075,858","0","1,108,269","2,187,332","11,811,907","6,869,957","0","0","18,384,808","3,650,858","304","-266",,,"-83,668","11,479,490","1,362,948","0","1,735,115","3,763,140","12,749","5,440","1,500",,,,"0","0","0","0","-2,406",,,,,,,,,,"0",,,,,,,,,,,,,,,,,,,,,,,,,,,,,,,,,,,,,,,,,,,,,,,,,,,,,,,,,,,,,,,,,,,,,,,,,,,,,,,,,,,,,,,,,,,,,,,,,,,
	OtherNonOperatingIncomeExpenses,,,,,,,,,,,,,,,,,,,"0",,,"2,226,526",,,,,,,,,,,,,,,,,,,,,,,,,,,,,,,,,,,,,,,,,,,,,,,,,,,,,,,,,,,,,,,,,,,,,,,,,,,,,,,,,,,,,,,,,,,,,,,,,,,,,,,,,,,,,,,,,,,,,,,,,,,,,,
PretaxIncome,"19,204,000","-310,000","3,224,000","23,977,000","-7,687,000","7,347,000","-3,407,526","-2,022,515","16,789,840","-16,349,799","-3,524,427","2,348,603","14,414,158","8,839,138","19,258,040","453,497","18,973,081","14,437,689","3,388,826","1,693,874","5,904,755","20,796,703","8,292,330","13,427,650","2,581,122","3,735,166","9,186,271","3,421,761","372,545","577,844","1,124,192","5,463,432","1,176,892","2,450,165","2,363,440","1,959,557","-134,389","442,811","259,803","-898,552","885,893","635,829","-1,494,226","-6,938,576","461,949","-404,230","233,820","-282,657","-927,265","121,805","77,532","339,150","311,011","516,892","3,804,539","170,555","3,507,218","253,507","17,104,471","3,328,722","1,805,004","-945,139","9,109,360","3,260,553","5,249,849","3,857,433","3,583,473","4,340,265","231,847","14,786,754","22,057,820","1,180,987","793,828","-212,679","19,185,365","-176,923","-370,699","2,790,390","5,501,076","5,541,349","4,101,203","-188,058","1,007,993","-2,179,805","160,483","-155,728","11,781,301","1,018,437","-712,740","-270,839","2,800,000","1,600,000","5,900,000","-700,000",,,"300,000","600,000","6,100,000","-800,000","700,000","300,000","7,300,000","-1,000,000","1,700,000","2,600,000",,"-800,000","1,300,000","-500,000","8,200,000","-200,000",,"2,700,000","2,800,000","-2,100,000","-100,000","300,000","4,600,000","-1,400,000",,"700,000","1,200,000","200,000","700,000","1,100,000","-11,600,000","-2,100,000","-1,800,000","-700,000","2,200,000","-800,000","900,000",,,,,,,,,,,,,,,
TaxProvision,"-3,153,000","-512,000","1,292,000","30,000","-3,963,000","-438,000","-83,089,365","-501,011","4,179,316","-4,087,940","-987,056","595,144","3,653,288","2,210,802","5,670,078","157,325","4,810,173","3,525,390","-20,938,398","726,974","2,225,847","8,050,311","3,212,127","5,281,646","1,000,480","2,342,601","3,547,208","1,349,480","147,928","224,488","442,380","1,984,741","453,984","949,758","1,094,942","755,918","-56,193","165,753","85,840","-341,946","336,089","243,096","-563,900","-2,720,584","143,167","-145,325","144,429","-105,664","-334,094","43,986","-3,361","129,488","123,202","194,686","1,402,201","65,309","1,336,026","97,383","6,206,325","1,226,158","689,064","-361,327","3,490,217","824,138","1,706,370","1,460,509","1,388,129","1,651,418","-619,279","5,704,321","8,498,610","448,452","302,795","-81,640","7,381,013","-66,323","-138,643","1,057,691","2,139,783","2,082,945","1,515,830","-68,829","270,068","-803,011","58,623","-56,841","4,444,851","-1,124,811","-263,689","-100,003","800,000","500,000","2,200,000","-300,000",,,"100,000","200,000","2,300,000","-300,000","200,000","100,000","2,800,000","-400,000","600,000","1,000,000",,"-300,000","500,000","-200,000","3,100,000","100,000",,"900,000","1,000,000","-800,000","100,000","100,000","1,700,000","-500,000",,"300,000","400,000","100,000","300,000","400,000","-1,700,000","-800,000","-700,000","-300,000","800,000","-300,000","300,000",,,,,,,,,,,,,,,
NetIncomeCommonStockholders,"18,837,000","-993,000","736,000","22,818,000","-3,724,000","7,785,000","79,681,839","-1,521,504","12,610,524","-12,261,859","96,421,939","1,486,022","10,596,798","6,468,099","11,796,411","296,172","14,162,908","10,912,299","24,327,224","966,900","3,678,908","12,746,392","5,095,073","8,161,014","1,570,443","1,424,718","5,689,322","2,079,871","224,617","353,356","681,812","3,478,691","722,908","1,500,407","1,852,128","1,242,304","251,770","337,045","61,821","-556,606","599,586","494,401","-548,076","-4,217,992","318,782","-258,905","89,391","-176,993","-593,171","77,819","80,893","209,662","187,809","322,206","2,402,338","105,246","2,171,192","156,124","10,898,146","2,102,564","1,115,940","-583,812","5,619,143","2,436,415","3,791,933","2,180,831","2,195,344","2,688,847","851,126","9,082,433","13,559,210","732,535","491,033","-131,039","11,804,352","-110,600","-232,056","1,732,699","3,361,293","3,458,404","2,585,373","-119,229","737,925","-1,376,794","101,860","-98,887","7,336,450","2,143,248","-449,051","-170,836","2,300,000","1,100,000","11,600,000","900,000","700,000","-100,000","200,000","400,000","3,800,000","-500,000","500,000","200,000","4,500,000","-600,000","1,100,000","1,600,000",,"-500,000","800,000","-300,000","5,100,000","-500,000",,"1,800,000","2,100,000","-1,300,000","-200,000","200,000","4,400,000","-1,200,000","100,000","700,000","2,000,000","100,000","400,000","700,000","-10,700,000","-1,300,000","-1,600,000","-400,000","600,000","-500,000","100,000",,,,,,,,,,,,,,,
	NetIncome,"22,357,000","202,000","1,932,000","23,947,000","-3,724,000","7,785,000","79,681,839","-1,521,504","12,610,524","-12,261,859","96,421,939","1,486,022","10,596,798","6,468,099","11,796,411","296,172","14,162,908","10,912,299","24,327,224","966,900","3,678,908","12,746,392","5,095,073","8,161,014","1,570,443","1,424,718","5,689,322","2,079,871","224,617","353,356","681,812","3,478,691","722,908","1,500,407","1,852,128","1,242,304","251,770","337,045","61,821","-556,606","599,586","494,401","-548,076","-4,217,992","318,782","-258,905","89,391","-176,993","-593,171","77,819","80,893","209,662","187,809","322,206","2,402,338","105,246","2,171,192","156,124","10,898,146","2,102,564","1,115,940","-583,812","5,619,143","2,436,415","3,791,933","2,180,831","2,195,344","2,688,847","851,126","9,082,433","13,559,210","732,535","491,033","-131,039","11,804,352","-110,600","-232,056","1,732,699","3,361,293","3,458,404","2,585,373","-119,229","737,925","-1,376,794","101,860","-98,887","7,336,450","2,143,248","-449,051","-170,836","2,300,000","1,100,000","11,600,000","900,000","700,000","-100,000","200,000","400,000","3,800,000","-500,000","500,000","200,000","4,500,000","-600,000","1,100,000","1,600,000",,"-500,000","800,000","-300,000","5,100,000","-500,000",,"1,800,000","2,100,000","-1,300,000","-200,000","200,000","4,400,000","-1,200,000","100,000","700,000","2,000,000","100,000","400,000","700,000","-9,900,000","-1,300,000","-1,100,000","-400,000","1,400,000","-500,000","600,000",,,,,,,,,,,,,,,
		NetIncomeIncludingNoncontrollingInterests,"22,357,000","202,000","1,932,000","23,947,000","-3,724,000","7,785,000","79,681,839","-1,521,504","12,610,524","-12,261,859","96,421,939","1,486,022","10,596,798","6,468,099","11,796,411","296,172","14,162,908","10,912,299","24,327,224","966,900","3,678,908","12,746,392","5,080,203","8,146,004","1,580,642","1,392,565","5,639,063","2,072,281","224,617","353,356","681,812","3,478,691","722,908","1,500,407","1,852,128","1,242,304","251,770","337,045","61,821","-556,606","599,586","494,401","-548,076","-4,217,992","318,782","-258,905","89,391","-176,993","-593,171","77,819","80,893","209,662","187,809","322,206","2,402,338","105,246","2,171,192","156,124","10,898,146","2,102,564","1,115,940","-583,812","5,619,143","2,436,415","3,791,933","2,180,831","2,195,344","2,688,847","851,126","9,082,433","13,559,210","732,535","491,033","-131,039","11,804,352","-110,600","-232,056","1,732,699","3,361,293","3,458,404","2,585,373","-119,229","737,925","-1,376,794","101,860","-98,887","7,336,450","2,143,248","-449,051","-170,836","2,300,000","1,100,000","11,600,000","900,000","800,000","-100,000","100,000","400,000","3,800,000","-500,000","500,000","200,000","4,500,000","-600,000","1,100,000","1,600,000",,"-500,000","800,000","-300,000","5,100,000","-500,000","0","1,800,000","2,300,000","-1,300,000","-200,000","200,000","4,400,000","-1,200,000","100,000","700,000","1,600,000","100,000","600,000","700,000","-9,900,000","-1,300,000","-1,300,000","-500,000","1,700,000","-500,000","500,000","400,000","300,000","200,000","600,000","1,000,000","1,900,000","-700,000","500,000","900,000","1,000,000","-200,000","800,000","600,000","400,000",
			NetIncomeContinuousOperations,"22,357,000","202,000","1,932,000","23,947,000","-3,724,000","7,785,000","79,681,839","-1,521,504","12,610,524","-12,261,859","-2,537,371","1,753,459","10,760,870","6,628,336","13,587,962","296,172","14,162,908","10,912,299","24,327,224","966,900","3,678,908","12,746,392","5,080,203","8,146,004","1,580,642","1,392,565","5,639,063","2,072,281","224,617","353,356","681,812","3,478,691","722,908","1,500,407","1,268,498","1,203,639","-78,196","277,058","173,963","-556,606","549,804","392,733","-930,326","-4,217,992","318,782","-258,905","89,391","-176,993","-593,171","77,819","80,893","209,662","187,809","322,206","2,402,338","105,246","2,171,192","156,124","10,898,146","2,102,564","1,115,940","-583,812","5,619,143","2,436,415","3,543,479","2,396,924","2,195,344","2,688,847","851,126","9,082,433","13,559,210","732,535","491,033","-131,039","11,804,352","-110,600","-232,056","1,732,699","3,361,293","3,458,404","2,585,373","-119,229","737,925","-1,376,794","101,860","-98,887","7,336,450","2,143,248","-449,051","-170,836","2,000,000","1,100,000","3,700,000","-400,000","-500,000","-100,000","200,000","400,000","3,800,000","-500,000","500,000","200,000","4,500,000","-600,000","1,100,000","1,600,000",,"-500,000","800,000","-300,000","5,100,000","-300,000","100,000","1,800,000","1,800,000","-1,300,000","-200,000","200,000","2,900,000","-900,000","100,000","400,000","800,000","100,000","400,000","700,000","-9,900,000","-1,300,000","-1,100,000","-400,000","1,400,000","-500,000","600,000","400,000","300,000","200,000","600,000","1,000,000","1,900,000","-700,000","500,000","900,000","1,000,000","-200,000","800,000","600,000","400,000",
			NetIncomeDiscontinuousOperations,,,,,,,"0","0","0","0","98,959,310","-267,437","-164,072","-160,237","-249,061",,,,,,,,,,,"0","0",,,,"0","0","0","0","583,630","38,665","329,966","59,987","-112,142","0","49,782","101,668",,,,,,,,,,,,,,,,,,,,,"0",,"248,454",,,,,,,,,,,,,,,,,,,,,,,,,,"300,000",,"7,900,000","1,300,000",,,,,,,,,,,,,,,,,"0","-200,000","-100,000",,,,,,,,,,,,,,,,,,,,,,,,,,,,,,,,,,,
			NetIncomeExtraordinary,,,,,,,,,,,,,,,,,,,,,,,,,,,,,,,,,,,,,,,,,,,,,,,,,,,,,,,,,,,,,,,"0",,,"-216,093",,,,,,,,,,,,,,,,,,,,,,,,,,,,,,,,,,,,,,,,,,,,,,,,,,,,,,,,,,,,,,,,,,,,,,,,,,,,,,,,,,
			NetIncomeFromTaxLossCarryforward,,,,,,,,,,,,,,,,,,,,,,,,,,,,,,,,,,,,,,,,,,,,,,,,,,,,,,,,,,,,,,,,,,,,,,,,,,,,,,,,,,,,,,,,,,,,,,,,,,,,,,,,,,,,,,,,,,,,,,,,"-300,000",,"300,000",,,,,,,,,,,,,,,,,,,,,,,,,,
		MinorityInterests,,,,,,,,,,,,,,,,,,,"0",,,,"14,870","15,010","-10,199","32,153","50,259","7,590",,,,,,,,,,,,,,,,,,,,,,,,,,,,,,,,,,,,,,,,,,,,,,,,,,,,,,,,,,,,,,,,,,,,,"100,000",,,,,,,,,,,,,,,,,,"-200,000",,,,"0",,,,"400,000",,"-200,000",,"0",,"200,000","100,000","-300,000",,"100,000",,,,,,,,,,,,,,,
	PreferredStockDividends,,"1,195,000","1,196,000","1,129,000",,,,,,,,,,,,,,,,,,,,,,,,,,,,,,,,,,,,,,,,,,,,,,,,,,,,,,,,,,,,,,,,,,,,,,,,,,,,,,,,,,,,,,,"0",,,,,,,,,,,,,,,,,,,,,,,,,,,,,,,,,,,,"800,000",,"500,000",,"800,000",,"500,000",,,,,,,,,,,,,,,
DilutedNIAvailtoComStockholders,"18,837,000","-993,000","736,000","22,818,000","-3,724,000","7,785,000","79,681,839","-1,521,504","12,610,524","-12,261,859","96,421,939","1,486,022","10,596,798","6,468,099","11,796,411","296,172","14,162,908","10,912,299","24,327,224","966,900","3,678,908","12,746,392","5,095,073","8,161,014","1,570,443","1,424,718","5,689,322","2,079,871","224,617","353,356","681,812","3,478,691","722,908","1,500,407","1,852,128","1,242,304","251,770","337,045","61,821","-556,606","599,586","494,401","-548,076","-4,217,992","318,782","-258,905","89,391","-176,993","-593,171","77,819","80,893","209,662","187,809","322,206","2,402,338","105,246","2,171,192","156,124","10,898,146","2,102,564","1,115,940","-583,812","5,619,143","2,436,415","3,791,933","2,180,831","2,195,344","2,688,847","851,126","9,082,433","13,559,210","732,535","491,033","-131,039","11,804,352","-110,600","-232,056","1,732,699","3,361,293","3,458,404","2,585,373","-119,229","737,925","-1,376,794","101,860","-98,887","7,336,450","2,143,248","-449,051","-170,836","2,300,000","1,100,000","11,600,000","900,000","700,000","-100,000","200,000","400,000","3,800,000","-500,000","500,000","200,000","4,500,000","-600,000","1,100,000","1,600,000",,"-500,000","800,000","-300,000","5,100,000","-500,000",,"1,800,000","2,100,000","-1,300,000","-200,000","200,000","4,400,000","-1,200,000","100,000","700,000","2,000,000","100,000","400,000","700,000","-10,700,000","-1,300,000","-1,600,000","-400,000","600,000","-500,000","100,000",,,,,,,,,,,,,,,
BasicEPS,,"-0.17","0.13","3.87","-0.63","1.32","16.6","-0.33","2.71","-2.6",,"0.31","2.14","1.21","2.17","0.05","2.56","1.97","4.42","0.18","0.67","2.28","0.91","1.44","0.28","0.25","0.99","0.36","0.04","0.06","0.12","0.6","0.13","0.26","0.32","0.22","0.04","0.06","0.01","-0.1","0.1","0.09",,"-0.74","0.06","-0.05",,"-0.03","0.02","0.01",,"0.04","0.03","0.06",,"0.02","0.38","0.03",,"0.37","0.2","-0.1",,"0.43","0.67","0.38",,"0.47","0.15","1.61",,"0.13","0.08","-0.02",,"-0.02","-0.04","0.31",,"0.62","0.46","-0.02",,"-0.25","0.02","-0.02",,"0.37","-0.07","-0.03",,"0.18","1.81","0.13",,"-0.01","0.03","0.07",,"-0.08","0.08","0.04",,"-0.1","0.18","0.26",,"-0.08","0.12","-0.04",,"-0.08","0.01","0.29",,"-0.21","-0.03","0.03",,"-0.19","0.01","0.06",,"0.025","0.12","0.175",,"-0.21","-0.175","-0.07",,"-0.08","0.085","0.03",,"0.015","0.05","0.085",,"-0.06","0.04","0.075",,"-0.015","0.065","0.05",,"0.003"
DilutedEPS,,"-0.17","0.13","3.87","-0.63","1.32","16.6","-0.33","2.71","-2.6",,"0.31","2.14","1.21","2.17","0.05","2.56","1.96","4.38","0.18","0.67","2.27","0.9","1.44","0.28","0.25","0.98","0.36","0.04","0.06","0.12","0.6","0.13","0.26","0.32","0.22","0.04","0.06","0.01","-0.1","0.1","0.09",,"-0.74","0.06","-0.05",,"-0.03","0.02","0.01",,"0.04","0.03","0.06",,"0.02","0.38","0.03",,"0.37","0.2","-0.1",,"0.43","0.67","0.38",,"0.47","0.14","1.59",,"0.13","0.08","-0.02",,"-0.02","-0.04","0.31",,"0.62","0.46","-0.02",,"-0.25","0.02","-0.02",,"0.37","-0.07","-0.03",,"0.18","1.81","0.13",,"-0.01","0.03","0.07",,"-0.08","0.08","0.04",,"-0.1","0.18","0.26",,"-0.08","0.12","-0.04",,"-0.08","0.01","0.29",,"-0.21","-0.03","0.03",,"-0.19","0.01","0.06",,"0.025","0.12","0.175",,"-0.21","-0.175","-0.07",,"-0.08","0.085","0.03",,"0.015","0.05","0.08",,"-0.06","0.035","0.075",,"-0.015","0.06","0.045",,"0.003"
BasicAverageShares,,"5,908,892","5,890,398","5,901,095","5,898,280","5,879,085","4,799,668","4,654,329","4,653,627","4,711,396",,"4,868,133","4,951,469","5,345,870","5,432,889","5,491,181","5,529,360","5,539,238","5,503,897","5,371,667","5,490,907","5,590,523","5,598,981","5,667,371","5,608,725","5,698,872","5,746,790","5,777,419","5,615,425","5,889,267","5,681,767","5,797,818","5,560,831","5,770,796","5,787,900","5,646,836","5,739,096","5,617,417","6,182,100","5,566,060","5,995,860","5,493,344",,"5,724,147","5,724,140","5,723,980",,"5,723,980","5,723,872","5,723,339",,"5,723,268","5,723,268","5,726,509",,"5,262,300","5,713,663","5,204,133",,"5,682,605","5,579,700","5,838,120",,"5,666,081","5,659,601","5,739,029",,"5,720,951","5,674,173","5,641,263",,"5,634,885","6,137,912","6,551,950",,"5,530,000","5,801,400","5,589,352",,"5,578,071","5,620,376","5,961,450",,"5,507,176","5,093,000","4,944,350",,"5,792,562","6,415,014","5,694,533",,"6,111,111","6,408,840","6,923,077",,"7,000,000","6,666,667","5,714,286",,"6,250,000","6,250,000","5,000,000",,"6,000,000","6,111,111","6,153,846",,"6,250,000","6,666,667","7,500,000",,"6,250,000","6,206,897","6,206,897",,"6,190,476","6,666,667","6,666,667",,"6,315,789","11,666,667","11,666,667",,"4,000,000","3,333,333","4,000,000",,"6,190,476","9,142,857","5,714,286",,"6,250,000","1,176,471","6,260,000",,"6,260,000","6,260,000","6,260,000",,"6,258,000","6,258,000","6,176,000",,"6,176,000","6,176,000","6,176,000",,"6,172,000"
DilutedAverageShares,,"5,908,892","5,890,398","5,901,095","5,898,280","5,879,085","4,799,668","4,654,329","4,653,627","4,711,396",,"4,868,133","4,951,469","5,345,870","5,432,889","5,493,367","5,529,360","5,567,499","5,554,161","5,371,667","5,490,907","5,615,151","5,661,192","5,667,371","5,608,725","5,698,872","5,805,431","5,777,419","5,615,425","5,889,267","5,681,767","5,797,818","5,560,831","5,770,796","5,787,900","5,646,836","5,739,096","5,617,417","6,182,100","5,566,060","5,995,860","5,493,344",,"5,724,147","5,724,140","5,723,980",,"5,723,980","5,723,872","5,723,339",,"5,723,268","5,723,268","5,726,509",,"5,262,300","5,713,663","5,204,133",,"5,682,605","5,579,700","5,838,120",,"5,666,081","5,659,601","5,739,029",,"5,720,951","6,079,471","5,712,222",,"5,634,885","6,137,912","6,551,950",,"5,530,000","5,801,400","5,589,352",,"5,578,071","5,620,376","5,961,450",,"5,507,176","5,093,000","4,944,350",,"5,792,562","6,415,014","5,694,533",,"6,111,111","6,408,840","6,923,077",,"7,000,000","6,666,667","5,714,286",,"6,250,000","6,250,000","5,000,000",,"6,000,000","6,111,111","6,153,846",,"6,250,000","6,666,667","7,500,000",,"6,250,000","6,206,897","6,206,897",,"6,190,476","6,666,667","6,666,667",,"6,315,789","11,666,667","11,666,667",,"4,000,000","3,333,333","4,000,000",,"6,190,476","9,696,970","6,153,846",,"6,250,000","1,176,471","6,260,000",,"6,260,000","6,260,000","6,260,000",,"6,258,000","6,258,000","6,176,000",,"6,176,000","6,176,000","6,176,000",,"6,172,000"
TotalOperatingIncomeAsReported,"22,372,000","3,486,000","1,295,000","26,760,000","-9,169,000","4,459,000","-266,600","1,484,213","10,773,190","289,197","-536,040","5,569,463","17,441,656","11,723,612","22,223,566","2,784,474","21,498,490","16,986,842","5,622,042","3,757,449","8,040,407","22,849,411","10,313,894","15,879,509","4,732,868","6,393,316","11,445,821","5,143,440","2,186,161","1,493,887","1,989,998","6,018,340","1,680,299","2,903,869","2,873,964","2,469,455","333,982","739,313","394,096","-774,355",,,,,,,,,,,,,,,"4,061,536","1,581,419","3,431,160","1,474,507","17,749,385","4,373,059","2,801,290","2,539,566","11,386,986","5,171,803","5,971,814","5,765,963","5,368,035","4,289,135","3,356,474","17,925,753","27,761,719","977,252","614,275","-460,005","25,004,033","-398,816","920,374","2,174,271","9,769,371","5,296,063","3,714,342","-417,031","-2,672","-2,420,780","-297,565","-547,472","9,787,139","580,268","-1,119,869","-796,905","1,900,000","1,000,000","3,400,000","-900,000","-900,000","-400,000","100,000","400,000","5,700,000","-1,000,000","200,000","100,000","1,700,000","-1,300,000","1,200,000","2,500,000","2,100,000","-1,000,000","-300,000","-700,000","4,000,000","-100,000","100,000","2,700,000","3,600,000","-2,400,000","-400,000",,"4,800,000","-1,400,000",,"700,000","800,000","200,000","900,000","1,200,000","-1,600,000","-2,200,000","-2,000,000","-800,000","2,600,000","-900,000","800,000",,,,,,,,,,,,,,,
TotalExpenses,"56,669,000","13,479,000","19,753,000","12,483,000","10,954,000","10,868,000","9,939,269","13,377,515","9,817,284","11,281,932","2,638,723","8,366,272","12,308,906","9,406,044","8,470,652","14,524,853","10,719,322","11,516,067","11,858,884","8,622,887","14,797,376","18,090,399","17,237,981","7,810,926","7,533,196","11,751,211","10,072,726","6,917,415","5,434,796","5,309,837","6,100,663","7,629,755","4,581,143","4,196,116","6,780,156","3,903,040","4,021,665","4,316,065","3,684,159","4,581,464","3,943,374","3,973,656","4,828,219","3,802,789","3,430,768","4,396,566","3,372,947","3,698,683","3,609,326","3,584,074","3,627,750","4,005,460","4,952,519","3,329,035","1,696,379","1,710,435","2,364,195","2,153,361","2,777,573","1,759,233","1,968,868","5,863,992","6,421,466","3,134,548","2,248,372","2,235,251","2,737,148","2,160,874","2,559,721","5,156,890","2,508,744","3,013,744","3,780,373","3,788,824","-2,418,453","2,930,794","1,800,284","3,132,653","-877,250","3,358,563","3,172,922","2,899,059","2,584,649","4,144,935","3,005,597","2,781,863","4,388,277","2,302,421","2,424,589","2,294,583","1,500,000","5,400,000","2,600,000","2,200,000","-4,700,000","1,900,000","4,400,000","5,600,000","7,000,000","2,300,000","3,100,000","5,200,000","5,500,000","2,000,000","4,400,000","5,600,000","4,800,000","2,400,000","4,000,000","5,300,000","5,400,000","2,700,000","4,800,000","7,700,000","9,200,000","6,300,000","8,900,000","9,600,000","9,300,000","7,800,000","9,600,000","10,200,000","12,000,000","8,100,000","12,200,000","11,000,000","10,400,000","8,700,000","8,300,000","11,100,000","11,400,000","10,000,000","12,100,000",,,,,,,,,,,,,,,
NetIncomeFromContinuingAndDiscontinuedOperation,"22,357,000","202,000","1,932,000","23,947,000","-3,724,000","7,785,000","79,681,839","-1,521,504","12,610,524","-12,261,859","96,421,939","1,486,022","10,596,798","6,468,099","11,796,411","296,172","14,162,908","10,912,299","24,327,224","966,900","3,678,908","12,746,392","5,095,073","8,161,014","1,570,443","1,424,718","5,689,322","2,079,871","224,617","353,356","681,812","3,478,691","722,908","1,500,407","1,852,128","1,242,304","251,770","337,045","61,821","-556,606","599,586","494,401","-548,076","-4,217,992","318,782","-258,905","89,391","-176,993","-593,171","77,819","80,893","209,662","187,809","322,206","2,402,338","105,246","2,171,192","156,124","10,898,146","2,102,564","1,115,940","-583,812","5,619,143","2,436,415","3,791,933","2,396,924","2,195,344","2,688,847","851,126","9,082,433","13,559,210","732,535","491,033","-131,039","11,804,352","-110,600","-232,056","1,732,699","3,361,293","3,458,404","2,585,373","-119,229","737,925","-1,376,794","101,860","-98,887","7,336,450","2,143,248","-449,051","-170,836","2,300,000","1,100,000","11,600,000","900,000","700,000","-100,000","200,000","400,000","3,800,000","-500,000","500,000","200,000","4,500,000","-600,000","1,100,000","1,600,000",,"-500,000","800,000","-300,000","5,100,000","-500,000",,"1,800,000","1,800,000","-1,300,000","-200,000","200,000","2,900,000","-900,000","100,000","400,000","800,000","100,000","400,000","700,000","-9,900,000","-1,300,000","-1,100,000","-400,000","1,400,000","-500,000","600,000",,,,,,,,,,,,,,,
NormalizedIncome,"15,463,000","1,485,400","1,719,000","2,105,362.472","2,550,350","3,443,690","84,773,072.89","-964,995.001","555,668.996","-1,421,388.25","-3,521,346.346","95,730.855","1,931,837.188","1,467,528.136","12,788,406.15","1,017,950.225","430,253.319","8,142,942.48","24,320,709.2","961,225.2","3,673,597.193","12,740,762.821","5,127,228.572","1,195,343.239","1,941,048.368","1,890,493.2","4,738,916.234","-303,894.236","171,820.595","569,916.526","680,902.264","3,746,776.712","722,908","1,500,407","1,268,498","1,203,639","322,384.7","277,058","175,574.048","-535,846.448","549,804","544,510.772","-930,326","-194,339.793","318,782","-258,905","89,391","-176,993","-593,171","77,819","80,893","209,662","187,809","322,206","2,039,260.016","-259,101.823","2,049,696.379","151,197.146","10,147,040.771","1,586,994.864","775,903.634","-605,273.356","5,612,422.378","2,277,589.179","3,333,011.892","2,307,413.256","2,187,165.386","2,675,707.147","722,286.2","9,068,305.764","13,487,174.342","708,359.838","480,378.244","-153,421.34","11,745,147.394","-118,414.134","-334,743.717","1,509,707.589","3,361,293.611","3,457,779.891","2,490,898.401","-119,229","737,928.66","-1,379,530.781","69,528.56","-99,737.898","6,540,151.973","2,134,398","-450,877.471","-222,891.216","642,857.143","1,031,250","2,445,762.712","-520,000","-620,000","-280,000","133,333.333","133,333.333","3,613,114.754","-687,500","142,857.143","0","1,109,589.041","-720,000","647,058.824","1,476,923.077",,"-625,000","-123,076.923","-300,000","5,100,000","-300,000",,"1,800,000","1,800,000","-1,361,904.762","-380,000","0","2,900,000","-964,285.714","40,000","340,000","800,000","100,000","400,000","700,000","-9,900,000","-1,300,000","-1,100,000","-400,000","1,400,000","-500,000","600,000",,,,,,,,,,,,,,,
InterestIncome,,,,,,,,,,,,,,,,,,,"325,240","637,801","553,159","536,489","537,728","534,212","635,050","881,245","874,551","546,640","638,710","631,484","19,172","14,246","14,371","13,947","14","0","225","166","665","453","191,022","112,889","114,963","86,210","84,507","175,211","16,002","30,003","56,670","54,239","69,736","55,718","39,447","66,547","176,657","91,089","142,122","302,628","212,811","149,627","150,084",,"89,219","38,831","202,233","243,452","261,863",,"244,696","224,350","465,620",,"162,328","210,999","419,091","209,393",,,"753,566","244,286","236,995","228,973","1,010,670","236,642","407,109","390,404","715,420","423,419",,"443,539",,"600,000",,,,,,,,,,,,,,,,,,"200,000",,,,,,,,,,,,,,,,,,,,,,,,,,,,,,,,,,,,,,
InterestExpense,"7,801,000","1,737,000","1,936,000","1,866,000","2,262,000","2,279,000","2,001,208","2,477,232","2,453,000","3,453,000","2,802,000","3,254,000","3,042,000","2,923,000","2,874,000","2,242,000","2,538,000","2,561,000","2,085,000","1,948,000","2,144,176","2,061,891","2,052,745","2,454,390","2,154,437","2,091,766","2,072,686","1,892,145","1,888,434","1,066,502","884,978","569,154","517,778","467,651","510,538","509,898","468,596","296,668","134,958","124,650",,,,,,,,,,,,,,,,,,,,,,,,,,,,,,,,,,,,,,,,,,,,,,,,,,,,,,,,,,,,,,,,,,,,,,,,,,,,,,,,,,,,,,,,,,,,,,,,,,,,,,,,,,,,
NetInterestIncome,"-8,387,000","-1,902,000","-2,078,000","-1,986,000","-2,421,000","-2,444,000","-2,455,208","-2,477,232","-2,453,000","-3,453,000","-3,246,000","-3,254,000","-3,042,000","-2,923,000","-2,979,000","-2,345,000","-2,538,000","-2,561,000","-2,244,000","-2,073,000","-2,144,176","-2,061,891","-2,052,745","-2,454,390","-2,154,437","-2,091,766","-2,072,686","-1,892,145","-1,888,434","-1,066,502","-865,806","-554,908","-503,407","-453,704","-510,524","-509,898","-468,371","-296,502","-134,293","-124,197","191,022","112,889","114,963","86,210","84,507","175,211","16,002","30,003","56,670","54,239","69,736","55,718","39,447","66,547","176,657","91,089","142,122","302,628","212,811","149,627","150,084",,"89,219","38,831","202,233","243,452","261,863",,"244,696","224,350","465,620",,"162,328","210,999","419,091","209,393",,,"753,566","244,286","236,995","228,973","1,010,670","236,642","407,109","390,404","715,420","423,419",,"443,539",,"600,000",,,,,,,,,,,,,,,,,,"200,000",,,,,,,,,,,,,,,,,,,,,,,,,,,,,,,,,,,,,,
EBIT,"27,005,000","1,427,000","5,160,000","25,843,000","-5,425,000","9,626,000","-1,406,318","454,717","19,242,840","-12,896,799","-722,427","5,602,603","17,456,158","11,762,138","22,132,040","2,695,497","21,511,081","16,998,689","5,473,826","3,641,874","8,048,931","22,858,594","10,345,075","15,882,040","4,735,559","5,826,932","11,258,957","5,313,906","2,260,979","1,644,346","2,009,170","6,032,586","1,694,670","2,917,816","2,873,978","2,469,455","334,207","739,479","394,761","-773,902","694,871","768,666","-1,598,939","-414,648","377,442","-579,441","233,820","-282,657","-927,265","121,805","-153,916","339,150","311,011","516,892","4,061,536","1,581,419","3,431,160","1,474,507","17,749,385","4,373,059","2,801,290","2,539,566","11,386,986","5,171,803","5,971,814","5,765,963","5,368,035","4,289,135","3,356,474","17,925,753","27,761,719","977,252","614,275","-460,005","25,004,033","-398,816","920,374","2,174,271","9,769,371","5,296,063","3,714,342","-417,031","-2,672","-2,420,780","-297,565","-547,472","9,787,139","580,268","-1,119,869","-796,905","1,900,000","1,000,000","3,400,000","-900,000","-900,000","-400,000","100,000","400,000","5,700,000","-1,000,000","200,000","100,000","1,700,000","-1,300,000","1,200,000","2,500,000","2,100,000","-1,000,000","-300,000","-700,000","4,000,000","-100,000","100,000","2,700,000","3,600,000","-2,400,000","-400,000","0","4,800,000","-1,400,000","0","700,000","800,000","200,000","900,000","1,200,000","-1,600,000","-2,200,000","-2,000,000","-800,000","2,600,000","-900,000","800,000","11,100,000","-29,700,000","9,100,000","11,900,000","11,900,000","-20,000,000","7,200,000","8,700,000","7,400,000","-14,300,000","3,800,000","7,300,000","5,800,000","-13,200,000","3,700,000"
EBITDA,"49,125,000"
ReconciledCostOfRevenue,"23,498,000","4,067,000","11,875,000","4,236,000","3,320,000","2,999,000","3,673,984","5,274,458","2,625,097","3,637,461","-4,386,845","1,818,436","6,115,319","3,557,757","1,343,337","8,739,613","4,435,384","4,791,688","6,024,595","3,466,206","8,854,499","12,107,677","13,081,483","4,043,639","3,828,511","4,886,387","5,874,273","2,721,326","2,488,167","2,684,332","2,660,595","5,236,172","2,189,515","1,913,674","4,805,184","1,945,444","2,077,694","1,784,455","1,775,132","1,639,587","2,490,558","2,453,415","2,533,950","2,445,040","2,786,266","2,603,953","2,759,673","2,610,339","2,602,673","2,378,127","2,896,565","2,403,455","2,566,467","2,303,618","2,448,036","2,391,963","2,702,574","2,463,989","4,169,232","2,725,095","2,668,952","6,049,445","6,521,580","3,385,929","2,762,423","2,622,755","3,012,361","2,389,154","3,019,150","5,404,240","7,284,056","2,199,251","2,518,186","2,303,612","2,593,436","1,933,461","2,192,906","2,155,119","3,266,139","2,620,540","2,380,995","1,900,305","2,028,215","2,009,651","2,112,317","1,772,531","4,022,609","1,365,072","1,442,922","1,214,475","1,200,000","4,400,000","1,700,000","1,100,000","-5,100,000","1,300,000","3,700,000","4,800,000","2,900,000","1,300,000","2,300,000","4,300,000","3,400,000","1,200,000","3,600,000","4,700,000","2,900,000","1,600,000","3,100,000","4,300,000","3,800,000","1,700,000","3,900,000","6,600,000","6,900,000","5,200,000","8,000,000","8,500,000","6,700,000","6,900,000","8,900,000","9,300,000","8,400,000","7,300,000","11,400,000","10,200,000","7,100,000","8,100,000","7,700,000","10,600,000","8,300,000","9,600,000","11,600,000",,,,,,,,,,,,,,,
ReconciledDepreciation,"22,120,000","6,369,000","5,153,000","5,567,000","5,031,000","4,830,000","4,727,285","4,762,057","5,021,187","4,552,471","4,089,568","4,286,836","4,074,587","3,346,287","4,522,945","3,857,240","3,854,938","3,900,379","3,524,525","3,161,169","3,215,690","2,762,575","2,377,031","1,945,460","1,805,559","2,067,367","1,568,277","1,417,129","1,071,752","1,155,739","985,477","886,619","846,381","772,008","763,241","750,003","683,297","778,046","354,828","630,429","801,117","537,808","571,956","647,099","635,043","658,268","661,367","686,232","686,897","692,903","707,664","695,812","685,270","682,887","688,594","676,733","664,831","624,930","618,767","616,964","621,457","609,793","637,521","602,218","526,509","499,600","477,852","452,202","425,342","399,731","379,903","348,465","330,488","285,459","317,938","252,037","257,826","292,352","207,346","201,439","199,435","198,622","202,040","185,153","181,134","170,680","79,500","60,816","67,029","71,310","100,000","100,000","0","100,000",,,,,,,,,,,,,,,,,,,,,,,,,,,,,,,,,,,,,,,,,,,,,,,,,,,,,,
NetIncomeFromContinuingOperationNetMinorityInterest,"22,357,000","202,000","1,932,000","23,947,000","-3,724,000","7,785,000","79,681,839","-1,521,504","12,610,524","-12,261,859","-2,537,371","1,753,459","10,760,870","6,628,336","13,587,962","296,172","14,162,908","10,912,299","24,327,224","966,900","3,678,908","12,746,392","5,095,073","8,161,014","1,570,443","1,424,718","5,689,322","2,079,871","224,617","353,356","681,812","3,478,691","722,908","1,500,407","1,268,498","1,203,639","-78,196","277,058","173,963","-556,606","549,804","392,733","-930,326","-4,217,992","318,782","-258,905","89,391","-176,993","-593,171","77,819","80,893","209,662","187,809","322,206","2,402,338","105,246","2,171,192","156,124","10,898,146","2,102,564","1,115,940","-583,812","5,619,143","2,436,415","3,543,479","2,396,924","2,195,344","2,688,847","851,126","9,082,433","13,559,210","732,535","491,033","-131,039","11,804,352","-110,600","-232,056","1,732,699","3,361,293","3,458,404","2,585,373","-119,229","737,925","-1,376,794","101,860","-98,887","7,336,450","2,143,248","-449,051","-170,836","2,000,000","1,100,000","3,700,000","-400,000","-500,000","-100,000","200,000","400,000","3,800,000","-500,000","500,000","200,000","4,500,000","-600,000","1,100,000","1,600,000",,"-500,000","800,000","-300,000","5,100,000","-300,000",,"1,800,000","1,800,000","-1,300,000","-200,000","200,000","2,900,000","-900,000","100,000","400,000","800,000","100,000","400,000","700,000","-9,900,000","-1,300,000","-1,100,000","-400,000","1,400,000","-500,000","600,000",,,,,,,,,,,,,,,
TotalUnusualItemsExcludingGoodwill,"11,490,000","-2,139,000","355,000","21,869,000","-8,595,000","5,947,000","-6,974,293","-739,760","16,050,014","-14,453,961","1,366,749","2,220,380","11,826,467","6,908,712","1,133,200","-1,105,183","18,396,700","3,663,170","10,858","9,458","8,524","9,183","-52,487","11,482,021","-605,183","-776,292","1,548,251","3,933,606","87,567","-354,142","1,500","-421,040","0",,"0","0","-616,278","0","-2,406","-33,513","0","-245,726","0","-6,618,888",,,,,"0",,,,,,"575,000","590,439","196,257","8,000","1,178,848","816,235","550,000","34,744","10,895","212,550","311,818","144,052","13,350","21,210","214,733","23,000","117,186","38,975","17,225","36,327","96,224","12,500","164,039","359,112","-1","1,000","149,866",,"-5","4,333","50,939","1,340","1,278,742","14,750","2,899","82,527","1,900,000","100,000","2,000,000","200,000","200,000","300,000","100,000","400,000","300,000","300,000","500,000","300,000","5,500,000","200,000","700,000","200,000",,"200,000","1,500,000",,,,,,,"100,000","300,000","300,000",,"100,000","100,000","100,000",,,,,,,,,,,,,,,,,,,,,,,,,,
TotalUnusualItems,"11,490,000","-2,139,000","355,000","21,869,000","-8,595,000","5,947,000","-6,974,293","-739,760","16,050,014","-14,453,961","1,366,749","2,220,380","11,826,467","6,908,712","1,133,200","-1,105,183","18,396,700","3,663,170","10,858","9,458","8,524","9,183","-52,487","11,482,021","-605,183","-776,292","1,548,251","3,933,606","87,567","-354,142","1,500","-421,040","0",,"0","0","-616,278","0","-2,406","-33,513","0","-245,726","0","-6,618,888",,,,,"0",,,,,,"575,000","590,439","196,257","8,000","1,178,848","816,235","550,000","34,744","10,895","212,550","311,818","144,052","13,350","21,210","214,733","23,000","117,186","38,975","17,225","36,327","96,224","12,500","164,039","359,112","-1","1,000","149,866",,"-5","4,333","50,939","1,340","1,278,742","14,750","2,899","82,527","1,900,000","100,000","2,000,000","200,000","200,000","300,000","100,000","400,000","300,000","300,000","500,000","300,000","5,500,000","200,000","700,000","200,000",,"200,000","1,500,000",,,,,,,"100,000","300,000","300,000",,"100,000","100,000","100,000",,,,,,,,,,,,,,,,,,,,,,,,,,
NormalizedEBITDA,"37,635,000","9,935,000","9,958,000","9,541,000","8,201,000","8,509,000","10,295,260","5,956,534","8,214,013","6,109,633","2,000,392","7,669,059","9,704,278","8,199,713","25,521,785","7,657,920","6,969,319","17,235,898","8,987,493","6,793,585","11,256,097","25,611,986","12,774,593","6,345,479","7,146,301","8,670,591","11,278,983","2,797,429","3,245,164","3,154,227","2,993,148","7,340,245","2,541,051","3,689,824","3,637,219","3,219,458","1,664,684","1,517,525","981,698","-109,960","1,495,988","1,552,200","-1,026,983","6,851,339","1,012,485","78,827","895,187","403,575","-240,368","814,708","553,748","1,034,962","996,281","1,199,779","4,175,130","1,667,713","3,899,734","2,091,437","17,189,304","4,173,788","2,872,747","3,114,615","12,013,612","5,561,471","6,186,505","6,121,511","5,832,537","4,720,127","3,567,083","18,302,484","28,024,436","1,286,742","927,538","-210,873","25,225,747","-159,279","1,014,161","2,107,511","9,976,718","5,496,502","3,763,911","-218,409","199,373","-2,239,960","-167,370","-378,132","8,587,897","626,334","-1,055,739","-808,122","100,000","1,000,000","1,400,000","-1,000,000","-1,100,000","-700,000","0","0","5,400,000","-1,300,000","-300,000","-200,000","-3,800,000","-1,500,000","500,000","2,300,000","2,100,000","-1,200,000","-1,800,000","-700,000","4,000,000","-100,000","100,000","2,700,000","3,600,000","-2,500,000","-700,000","-300,000","4,800,000","-1,500,000","-100,000","600,000","800,000","200,000","900,000","1,200,000","-1,600,000","-2,200,000","-2,000,000","-800,000","2,600,000","-900,000","800,000","11,100,000","-29,700,000","9,100,000","11,900,000","11,900,000","-20,000,000","7,200,000","8,700,000","7,400,000","-14,300,000","3,800,000","7,300,000","5,800,000","-13,200,000","3,700,000"
TaxRateForCalcs,"0.4","0.4","0.4","0.001","0.27","0.27","0.27","0.248","0.249","0.25","0.28","0.253","0.253","0.253","0.294","0.347","0.254","0.244","0.4","0.4","0.377","0.387","0.387","0.393","0.388","0.4","0.386","0.394","0.397","0.388","0.394","0.363","0.386","0.388","0.35","0.386","0.35","0.376","0.33","0.381","0.379","0.382","0.377","0.392","0.31","0.36","0.35","0.374","0.36","0.361","0.35","0.382","0.396","0.377","0.369","0.383","0.381","0.384","0.363","0.368","0.382","0.382","0.383","0.253","0.325","0.379","0.387","0.38","0.4","0.386","0.385","0.38","0.381","0.384","0.385","0.375","0.374","0.379","0.389","0.376","0.37","0.366","0.268","0.368","0.365","0.365","0.377","0.4","0.37","0.369","0.286","0.313","0.373","0.4","0.4","0.4","0.333","0.333","0.377","0.375","0.286","0.333","0.384","0.4","0.353","0.385",,"0.375","0.385","0.4","0.378","0.4",,"0.333","0.357","0.381","0.4","0.333","0.37","0.357","0.4","0.4","0.333","0.4","0.4","0.364","0.147","0.381","0.389","0.4","0.364","0.375","0.333",,,,,,,,,,,,,,,
TaxEffectOfUnusualItems,"4,596,000","-855,600","142,000","27,362.472","-2,320,650","1,605,690","-1,883,059.11","-183,251.001","3,995,158.996","-3,613,490.25","382,773.654","562,651.855","2,997,434.188","1,747,904.136","333,644.15","-383,404.776","4,664,045.319","893,813.48","4,343.2","3,783.2","3,213.193","3,553.821","-20,331.428","4,516,350.239","-234,577.632","-310,516.8","597,845.234","1,549,840.764","34,770.595","-137,581.474","590.264","-152,954.288","0","0","0","0","-215,697.3","0","-794.952","-12,753.448","0","-93,948.228","0","-2,595,235.793","0","0","0","0","0","0","0","0","0","0","211,922.016","226,091.177","74,761.379","3,073.146","427,742.771","300,665.864","209,963.634","13,282.644","4,174.378","53,724.179","101,350.892","54,541.256","5,171.386","8,070.147","85,893.2","8,872.764","45,150.342","14,799.838","6,570.244","13,944.66","37,019.394","4,685.866","61,351.283","136,120.589","-0.389","375.891","55,391.401","0","-1.34","1,596.219","18,607.56","489.102","482,443.973","5,900","1,072.529","30,471.784","542,857.143","31,250","745,762.712","80,000","80,000","120,000","33,333.333","133,333.333","113,114.754","112,500","142,857.143","100,000","2,109,589.041","80,000","247,058.824","76,923.077",,"75,000","576,923.077","0","0","0",,"0","0","38,095.238","120,000","100,000","0","35,714.286","40,000","40,000","0","0","0","0","0","0","0","0","0","0","0",,,,,,,,,,,,,,,