name,ttm,03/31/2022,12/31/2021,09/30/2021,06/30/2021,03/31/2021,12/31/2020,09/30/2020,06/30/2020,03/31/2020,12/31/2019,09/30/2019,06/30/2019,03/31/2019,12/31/2018,09/30/2018,06/30/2018,03/31/2018,12/31/2017,09/30/2017,06/30/2017,03/31/2017,12/31/2016,09/30/2016,06/30/2016,03/31/2016,12/31/2015,09/30/2015,06/30/2015,03/31/2015,12/31/2014,09/30/2014,06/30/2014,03/31/2014,12/31/2013,09/30/2013,06/30/2013,03/31/2013,12/31/2012,09/30/2012,06/30/2012,03/31/2012,12/31/2011,09/30/2011,06/30/2011,03/31/2011,12/31/2010,09/30/2010,06/30/2010,03/31/2010,12/31/2009,09/30/2009,06/30/2009,03/31/2009,12/31/2008,09/30/2008,06/30/2008,03/31/2008,12/31/2007,09/30/2007,06/30/2007,03/31/2007,12/31/2006,09/30/2006,06/30/2006,03/31/2006,12/31/2005,09/30/2005,06/30/2005,03/31/2005,12/31/2004,09/30/2004,06/30/2004,03/31/2004,12/31/2003,09/30/2003,06/30/2003,03/31/2003,12/31/2002,09/30/2002,06/30/2002,03/31/2002,12/31/2001,09/30/2001,06/30/2001,03/31/2001,12/31/2000,09/30/2000,06/30/2000,03/31/2000,12/31/1999,09/30/1999,06/30/1999,03/31/1999,12/31/1998,09/30/1998,06/30/1998,03/31/1998,12/31/1997,09/30/1997,06/30/1997,03/31/1997,12/31/1996,09/30/1996,06/30/1996,03/31/1996,12/31/1995,09/30/1995,06/30/1995,03/31/1995,12/31/1994,09/30/1994,06/30/1994,03/31/1994,12/31/1993,09/30/1993,06/30/1993,03/31/1993,12/31/1992,09/30/1992,06/30/1992,03/31/1992,12/31/1991,09/30/1991,06/30/1991,03/31/1991,12/31/1990,09/30/1990,06/30/1990,03/31/1990,12/31/1989,09/30/1989,06/30/1989,03/31/1989,12/31/1988,09/30/1988,06/30/1988,03/31/1988,12/31/1987,09/30/1987,06/30/1987,03/31/1987,12/31/1986,09/30/1986,06/30/1986,03/31/1986,12/31/1985,09/30/1985
TotalRevenue,"532,193,000","147,695,000","132,531,000","122,382,000","129,585,000","128,427,000","123,017,000","113,777,000","84,197,000","103,075,000","115,040,000","115,651,000","120,684,000","117,625,000","120,073,000","118,859,000","118,021,000","113,530,000","110,910,000","106,243,000","105,686,000","100,154,000","101,584,000","99,697,000","98,693,000","96,705,000","93,282,000","90,646,000","100,071,000","98,311,000","100,378,000","99,957,000","102,980,000","100,706,000","-51,175,000","159,563,000","151,561,000","149,512,000","138,298,000","137,357,000","154,294,000","146,969,000","143,999,000","146,070,000","146,919,000","151,518,000","145,025,000","139,362,000","138,851,000","129,403,000","133,888,000","126,565,000","120,398,000","118,131,000","162,827,000","170,034,000","186,091,000","172,755,000","178,273,000","174,790,000","169,624,000","163,258,000","173,520,000","165,676,000","165,925,000","150,493,000","154,598,000","149,210,000","158,346,000","155,330,000","142,496,000","129,049,000","137,624,000","122,147,000","132,025,000","108,496,000","116,697,000","105,769,000","116,542,000","110,944,000","117,725,000","112,593,000","125,790,000","131,153,000","143,723,000","176,988,000","233,394,000","222,052,000","206,611,000","204,466,000","198,700,000","180,200,000","177,800,000","120,300,000","13,200,000","106,600,000","124,500,000","126,100,000","126,500,000","90,000,000","107,500,000","91,300,000","80,800,000","76,500,000","83,800,000","80,200,000","73,900,000","73,900,000","76,400,000","76,000,000","67,800,000","66,000,000","70,600,000","64,400,000","55,800,000","58,100,000","62,600,000","60,400,000","54,200,000","56,200,000","57,700,000","59,300,000","56,200,000","58,000,000","59,400,000","55,800,000","57,300,000","62,700,000","68,000,000","63,100,000","60,200,000","63,100,000","70,700,000","67,900,000","65,200,000","66,800,000","71,400,000","72,200,000","70,800,000","62,800,000","65,100,000","62,400,000","65,500,000","62,000,000","58,300,000","59,700,000","54,200,000","64,000,000"
	OperatingRevenue,"532,193,000","147,695,000","132,531,000","122,382,000","129,585,000","128,427,000","123,017,000","113,777,000","84,197,000","103,075,000","115,040,000","115,651,000","120,684,000","117,625,000","120,073,000","118,859,000","118,021,000","113,530,000","110,910,000","106,243,000","105,686,000","100,154,000","101,584,000","99,697,000","98,693,000","96,705,000","93,282,000","90,646,000","100,071,000","98,311,000","100,378,000","99,957,000","102,980,000","100,706,000","-51,175,000","159,563,000","151,561,000","149,512,000","138,298,000","137,357,000","154,294,000","146,969,000","143,999,000","146,070,000","146,919,000","151,518,000","145,025,000","139,362,000","138,851,000","129,403,000","133,888,000","126,565,000","120,398,000","118,131,000","162,827,000","170,034,000","186,091,000","172,755,000","178,273,000","174,790,000","169,624,000","163,258,000","173,520,000","165,676,000","165,925,000","150,493,000","154,598,000","149,210,000","158,346,000","155,330,000","142,496,000","129,049,000","137,624,000","122,147,000","132,025,000","108,496,000","116,697,000","105,769,000","116,542,000","110,944,000","117,725,000","112,593,000","125,790,000","131,153,000","143,723,000","176,988,000","233,394,000","222,052,000","206,611,000","204,466,000","198,700,000","180,200,000","177,800,000","120,300,000","13,200,000","106,600,000","124,500,000","126,100,000","126,500,000","90,000,000","107,500,000","91,300,000","80,800,000","76,500,000","83,800,000","80,200,000","73,900,000","73,900,000","76,400,000","76,000,000","67,800,000","66,000,000","70,600,000","64,400,000","55,800,000","58,100,000","62,600,000","60,400,000","54,200,000","56,200,000","57,700,000","59,300,000","56,200,000","58,000,000","59,400,000","55,800,000","57,300,000","62,700,000","68,000,000","63,100,000","60,200,000","63,100,000","70,700,000","67,900,000","65,200,000","66,800,000","71,400,000","72,200,000","70,800,000","62,800,000","65,100,000","62,400,000","65,500,000","62,000,000","58,300,000","59,700,000","54,200,000","64,000,000"
CostOfRevenue,"335,825,000","93,355,000","83,860,000","76,720,000","81,889,000","85,836,000","80,326,000","76,871,000","57,630,000","70,176,000","76,340,000","78,594,000","79,480,000","77,010,000","77,428,000","76,777,000","76,208,000","75,097,000","78,035,000","68,705,000","69,892,000","65,930,000","65,723,000","63,056,000","64,236,000","63,237,000","63,128,000","59,200,000","66,698,000","66,175,000","67,352,000","67,458,000","69,157,000","70,091,000","-68,330,000","122,034,000","116,072,000","118,332,000","111,497,000","110,763,000","128,356,000","124,920,000","118,161,000","118,610,000","119,051,000","122,358,000","115,903,000","109,393,000","108,511,000","98,924,000","102,940,000","100,380,000","98,520,000","98,302,000","133,081,000","136,684,000","145,938,000","138,931,000","142,656,000","140,997,000","136,680,000","132,920,000","147,590,000","136,830,000","131,945,000","118,419,000","121,676,000","120,224,000","126,054,000","127,115,000","112,578,000","102,737,000","108,707,000","97,538,000","104,571,000","84,841,000","92,177,000","84,686,000","93,185,000","87,059,000","96,616,000","89,915,000","106,544,000","102,551,000","120,845,000","124,418,000","152,659,000","149,141,000","132,233,000","132,451,000","130,400,000","108,500,000","115,000,000","77,300,000","-9,300,000","72,400,000","84,100,000","89,500,000","84,400,000","61,200,000","74,800,000","62,200,000","52,800,000","52,600,000","58,700,000","57,100,000","51,500,000","52,500,000","54,200,000","55,500,000","51,900,000","49,400,000","52,000,000","47,300,000","41,300,000","41,600,000","46,800,000","44,600,000","42,500,000","43,300,000","44,300,000","44,400,000","43,700,000","44,400,000","44,700,000","43,300,000","42,900,000","47,500,000","50,400,000","48,200,000",,,,,,,,,,,,,,,,,,
GrossProfit,"196,368,000","54,340,000","48,671,000","45,662,000","47,696,000","42,591,000","42,691,000","36,906,000","26,567,000","32,899,000","38,700,000","37,057,000","41,204,000","40,615,000","42,645,000","42,082,000","41,813,000","38,433,000","32,875,000","37,538,000","35,794,000","34,224,000","35,861,000","36,641,000","34,457,000","33,468,000","30,154,000","31,446,000","33,373,000","32,136,000","33,026,000","32,499,000","33,823,000","30,615,000","17,155,000","37,529,000","35,489,000","31,180,000","26,801,000","26,594,000","25,938,000","22,049,000","25,838,000","27,460,000","27,868,000","29,160,000","29,122,000","29,969,000","30,340,000","30,479,000","30,948,000","26,185,000","21,878,000","19,829,000","29,746,000","33,350,000","40,153,000","33,824,000","35,617,000","33,793,000","32,944,000","30,338,000","25,930,000","28,846,000","33,980,000","32,074,000","32,922,000","28,986,000","32,292,000","28,215,000","29,918,000","26,312,000","28,917,000","24,609,000","27,454,000","23,655,000","24,520,000","21,083,000","23,357,000","23,885,000","21,109,000","22,678,000","19,246,000","28,602,000","22,878,000","52,570,000","80,735,000","72,911,000","74,378,000","72,015,000","68,300,000","71,700,000","62,800,000","43,000,000","22,500,000","34,200,000","40,400,000","36,600,000","42,100,000","28,800,000","32,700,000","29,100,000","28,000,000","23,900,000","25,100,000","23,100,000","22,400,000","21,400,000","22,200,000","20,500,000","15,900,000","16,600,000","18,600,000","17,100,000","14,500,000","16,500,000","15,800,000","15,800,000","11,700,000","12,900,000","13,400,000","14,900,000","12,500,000","13,600,000","14,700,000","12,500,000","14,400,000","15,200,000","17,600,000","14,900,000",,,,,,,,,,,,,,,,,,
OperatingExpense,"110,423,000","27,982,000","29,099,000","26,376,000","26,966,000","24,012,000","25,141,000","22,606,000","20,190,000","24,167,000","24,150,000","24,580,000","23,293,000","24,313,000","23,932,000","24,967,000","26,097,000","23,879,000","31,687,000","22,295,000","21,858,000","21,249,000","20,791,000","22,332,000","21,731,000","21,035,000","19,888,000","32,923,000","20,711,000","20,910,000","21,581,000","19,706,000","21,145,000","19,267,000","12,549,000","26,483,000","26,520,000","27,659,000","20,125,000","19,545,000","17,086,000","20,117,000","16,454,000","19,706,000","22,647,000","23,401,000","21,694,000","22,198,000","22,599,000","24,132,000","22,689,000","19,902,000","18,709,000","19,973,000","23,864,000","25,263,000","26,256,000","25,293,000","23,708,000","23,876,000","25,042,000","25,390,000","19,653,000","20,168,000","23,994,000","20,829,000","17,779,000","19,782,000","21,971,000","22,544,000","20,181,000","20,458,000","18,289,000","19,700,000","20,085,000","19,746,000","20,013,000","18,489,000","20,380,000","22,041,000","22,584,000","22,450,000","26,901,000","29,488,000","28,552,000","46,805,000","45,334,000","41,619,000","43,123,000","41,333,000","38,300,000","45,800,000","39,200,000","26,900,000","14,200,000","21,400,000","25,200,000","23,500,000","26,600,000","17,100,000","18,900,000","18,600,000","17,200,000","16,000,000","16,900,000","16,500,000","13,300,000","14,900,000","15,200,000","15,600,000","8,600,000","12,200,000","13,100,000","13,500,000","11,300,000","14,300,000","12,800,000","13,200,000","11,000,000","12,200,000","13,100,000","13,400,000","11,900,000","11,900,000","12,700,000","12,600,000","12,700,000","12,900,000","13,400,000","13,000,000",,,,,,,,,,,,,,,,,,
	SellingGeneralAndAdministration,"86,060,000","21,788,000","23,413,000","19,922,000","20,937,000","18,325,000","19,477,000","16,883,000","14,668,000","16,759,000","18,037,000","17,774,000","17,036,000","17,522,000","18,128,000","18,450,000","19,621,000","17,372,000","24,973,000","15,915,000","15,809,000","15,246,000","15,165,000","16,048,000","15,764,000","14,872,000","13,805,000","12,690,000","15,224,000","15,711,000","15,783,000","13,899,000","15,813,000","13,641,000","7,068,000","20,765,000","20,749,000","21,407,000","22,217,000","19,387,000","19,378,000","19,404,000","16,816,000","18,343,000","18,057,000","18,372,000","17,366,000","17,112,000","18,283,000","19,549,000","18,762,000","16,494,000","15,243,000","16,620,000","19,353,000","20,754,000","21,506,000","20,976,000","20,047,000","19,821,000","20,940,000","21,241,000","15,745,000","17,725,000","19,924,000","16,737,000","16,276,000","16,159,000","17,697,000","17,757,000","15,969,000","16,017,000","16,622,000","14,816,000","14,692,000","14,694,000","14,623,000","12,848,000","14,806,000","16,651,000","16,563,000","15,317,000","17,831,000","19,669,000","19,340,000","23,374,000","25,493,000","21,716,000","24,060,000","23,232,000","22,100,000","21,300,000","21,600,000","15,900,000","5,400,000","13,700,000","17,100,000","15,500,000","16,700,000","10,400,000","12,000,000","11,800,000","14,300,000","12,900,000","13,700,000","13,200,000","10,900,000","11,900,000","12,100,000","12,400,000","6,200,000","9,300,000","10,100,000","10,600,000","8,500,000","8,100,000","9,700,000","10,000,000","8,700,000","9,400,000","9,800,000","10,000,000","8,900,000","8,500,000","9,300,000","9,300,000","9,300,000","9,700,000","10,100,000","9,700,000",,,,,,,,,,,,,,,,,,
	ResearchAndDevelopment,"24,363,000","6,194,000","5,686,000","6,454,000","6,029,000","5,687,000","5,664,000","5,723,000","5,522,000","7,408,000","6,113,000","6,806,000","6,257,000","6,791,000","5,804,000","6,517,000","6,476,000","6,507,000","6,714,000","6,380,000","6,049,000","6,003,000","5,626,000","6,284,000","5,967,000","6,163,000","6,083,000","5,692,000","5,487,000","5,199,000","5,798,000","5,807,000","5,332,000","5,626,000","5,481,000","5,718,000","5,771,000","6,252,000","5,328,000","4,350,000","5,131,000","6,109,000","5,208,000","5,163,000","4,590,000","5,029,000","4,328,000","5,086,000","4,316,000","4,583,000","3,927,000","3,408,000","3,466,000","3,353,000","4,730,000","4,509,000","4,750,000","4,317,000","3,619,000","4,055,000","4,102,000","4,120,000","3,936,000","3,775,000","4,070,000","4,092,000","3,762,000","3,976,000","4,567,000","4,787,000","4,813,000","4,693,000","4,673,000","4,884,000","5,393,000","5,052,000","5,390,000","5,641,000","5,574,000","5,390,000","6,021,000","7,133,000","7,376,000","8,118,000","7,488,000","9,780,000","8,524,000","8,237,000","7,955,000","7,867,000","7,500,000","6,600,000","6,600,000","4,700,000","3,200,000","3,000,000","3,700,000","3,500,000","4,100,000","3,100,000","3,100,000","3,000,000",,,,,,,,,,,,,,,,,,,,,,,,,,,,,,,,,,,,,,,,,,,,,,
	DepreciationAmortizationDepletionIncomeStatement,,,,,,,,,,,,,,,,,,,,,,,,,,,,,,,,,,,,,,,,,,,,,,,,,,,,,,,,,,,,,,,,,,,,,,,,,,,,,,,,,,,"1,694,000","1,701,000","1,724,000","13,651,000","11,317,000","11,666,000","11,108,000","10,234,000","8,700,000","17,900,000","11,000,000","6,300,000","5,600,000","4,700,000","4,400,000","4,500,000","5,800,000","3,600,000","3,800,000","3,800,000","2,900,000","3,100,000","3,200,000","3,300,000","2,400,000","3,000,000","3,100,000","3,200,000","2,400,000","2,900,000","3,000,000","2,900,000","2,800,000","6,200,000","3,100,000","3,200,000","2,300,000","2,800,000","3,300,000","3,400,000","3,000,000","3,400,000","3,400,000","3,300,000","3,400,000","3,200,000","3,300,000","3,300,000",,,,,,,,,,,,,,,,,,
		DepreciationAndAmortizationInIncomeStatement,,,,,,,,,,,,,,,,,,,,,,,,,,,,,,,,,,,,,,,,,,,,,,,,,,,,,,,,,,,,,,,,,,,,,,,,,,,,,,,,,,,"1,694,000","1,701,000","1,724,000","13,651,000","11,317,000","11,666,000","11,108,000","10,234,000","8,700,000","17,900,000","11,000,000","6,300,000","5,600,000","4,700,000","4,400,000","4,500,000","5,800,000","3,600,000","3,800,000","3,800,000","2,900,000","3,100,000","3,200,000","3,300,000","2,400,000","3,000,000","3,100,000","3,200,000","2,400,000","2,900,000","3,000,000","2,900,000","2,800,000","6,200,000","3,100,000","3,200,000","2,300,000","2,800,000","3,300,000","3,400,000","3,000,000","3,400,000","3,400,000","3,300,000","3,400,000","3,200,000","3,300,000","3,300,000",,,,,,,,,,,,,,,,,,
			Amortization,,,,,,,,,,,,,,,,,,,,,,,,,,,,,,,,,,,,,,,,,,,,,,,,,,,,,,,,,,,,,,,,,,,,,,,,,,,,,,,,,,,"1,694,000","1,701,000","1,724,000",,,,,,,,,,,,,,,,,,,,,,,,,,,,,,,,,,,,,,,,,,,,,,,,,,,,,,,,,,,,,,,
				AmortizationOfIntangiblesIncomeStatement,,,,,,,,,,,,,,,,,,,,,,,,,,,,,,,,,,,,,,,,,,,,,,,,,,,,,,,,,,,,,,,,,,,,,,,,,,,,,,,,,,,"1,694,000","1,701,000","1,724,000",,,,,,,,,,,,,,,,,,,,,,,,,,,,,,,,,,,,,,,,,,,,,,,,,,,,,,,,,,,,,,,
	OtherOperatingExpenses,,,,,,,,,,,,,,,,,,,,,,,,,,,"0","14,541,000",,,,,,,,,,,"-7,420,000","-4,192,000","-7,423,000","-5,396,000","-5,570,000","-3,800,000",,,,,,,,,,,,,,,,,,"29,000","-28,000","-1,332,000",,,"-2,259,000","-353,000","-293,000",,"-601,000","-252,000","-3,006,000",,,,,,,,,,,,,,,,,,,,,,,,,,,,,,,,,,,,,,,,,,,,,,,,,,,,,,,,,,,,,,,,,,,,,,,,,,,
OperatingIncome,"85,945,000","26,358,000","19,572,000","19,286,000","20,730,000","18,579,000","17,550,000","14,300,000","6,377,000","8,732,000","14,550,000","12,477,000","17,911,000","16,302,000","18,713,000","17,115,000","15,716,000","14,554,000","1,188,000","15,243,000","13,936,000","12,975,000","15,070,000","14,309,000","12,726,000","12,433,000","10,266,000","-1,477,000","12,662,000","11,226,000","11,445,000","12,793,000","12,678,000","11,348,000","4,606,000","11,046,000","8,969,000","3,521,000","6,676,000","7,049,000","8,852,000","1,932,000","9,384,000","7,754,000","5,221,000","5,759,000","7,428,000","7,771,000","7,741,000","6,347,000","8,259,000","6,283,000","3,169,000","-144,000","5,882,000","8,087,000","13,897,000","8,531,000","11,909,000","9,917,000","7,902,000","4,948,000","6,277,000","8,678,000","9,986,000","11,245,000","15,143,000","9,204,000","10,321,000","5,671,000","9,737,000","5,854,000","10,628,000","4,909,000","7,369,000","3,909,000","4,507,000","2,594,000","2,977,000","1,844,000","-1,475,000","228,000","-7,655,000","-886,000","-5,674,000","5,765,000","35,401,000","31,292,000","31,255,000","30,682,000","30,000,000","25,900,000","23,600,000","16,100,000","8,300,000","12,800,000","15,200,000","13,100,000","15,500,000","11,700,000","13,800,000","10,500,000","10,800,000","7,900,000","8,200,000","6,600,000","9,100,000","6,500,000","7,000,000","4,900,000","7,300,000","4,400,000","5,500,000","3,600,000","3,200,000","2,200,000","3,000,000","2,600,000","700,000","700,000","300,000","1,500,000","600,000","1,700,000","2,000,000","-100,000","1,700,000","2,300,000","4,200,000","1,900,000","-185,700,000","63,100,000","70,700,000","67,900,000","-193,600,000","66,800,000","71,400,000","72,200,000","-173,200,000","62,800,000","65,100,000","62,400,000","-176,700,000","62,000,000","58,300,000","59,700,000","-195,300,000","64,000,000"
NetNonOperatingInterestIncomeExpense,"-1,284,000","-366,000","-383,000","-284,000","-251,000","-353,000","-460,000","-640,000","-605,000","-520,000","-562,000","-288,000","-27,000","-34,000","-25,000","-76,000","-99,000","-59,000","-764,000","-410,000","-454,000","-431,000","-733,000","-714,000","-678,000","-273,000","46,000","-1,000","200,000","200,000","264,000","139,000","106,000","-49,000","179,000","-407,000","-633,000","-502,000","-311,000","-159,000","-159,000","-210,000","-141,000","-190,000","-235,000","-296,000","-211,000","-149,000","-147,000","-182,000","-225,000","-239,000","-440,000","-818,000",,,,,,,,,,,,,,,,,,,,,,,,,,,,,,,,,,,,,,,,,,,,,,,,,,,,,,,,,,,,,,,,,,,,,,,,,,,,,,,,,,,,,,,,,,,,,,
	InterestIncomeNonOperating,"818,000","180,000","151,000","230,000","257,000","202,000","195,000","217,000","304,000","331,000","341,000","524,000","440,000","432,000","459,000","413,000","472,000","482,000","370,000","363,000","298,000","253,000","223,000","203,000","331,000","547,000","719,000","713,000","853,000","788,000","827,000","707,000","688,000","564,000","600,000","442,000","446,000","413,000","384,000","425,000","467,000","449,000","426,000","359,000","276,000","196,000","146,000","105,000","81,000","53,000","38,000","17,000","31,000","70,000",,,,,,,,,,,,,,,,,,,,,,,,,,,,,,,,,,,,,,,,,,,,,,,,,,,,,,,,,,,,,,,,,,,,,,,,,,,,,,,,,,,,,,,,,,,,,,
	InterestExpenseNonOperating,"2,102,000","546,000","534,000","514,000","508,000","555,000","655,000","857,000","909,000","851,000","903,000","812,000","467,000","466,000","484,000","489,000","571,000","541,000","1,134,000","773,000","752,000","684,000","956,000","917,000","1,009,000","820,000","673,000","714,000","653,000","588,000","563,000","568,000","582,000","613,000","421,000","849,000","1,079,000","915,000","695,000","584,000","626,000","659,000","567,000","549,000","511,000","492,000","357,000","254,000","228,000","235,000","263,000","256,000","471,000","888,000",,,,,,,,,,,,,,,,,,,,,,,,,,,,,,,,,,,,,,,,,,,,,,,,,,,,,,,,,,,,,,,,,,,,,,,,,,,,,,,,,,,,,,,,,,,,,,
OtherIncomeExpense,"-134,584,000","-246,000","-4,438,000","-108,821,000","-21,080,000","-3,437,000","2,270,000","576,000","121,000","-2,222,000","-1,151,000","-4,989,000","-1,935,000","-1,988,000","-1,815,000","-2,684,000","-4,046,000","809,000","-279,000","-874,000","442,000","-319,000","-2,966,000","-1,865,000","10,131,000","-195,000","-10,991,000","-5,445,000","-2,003,000","-2,422,000","-2,952,000","-1,008,000","-3,142,000","-2,274,000","-655,000","-247,000","-7,553,000","-261,000","6,359,000","518,000","-4,180,000","575,000","-2,033,000","-65,000","49,000","1,130,000","-1,489,000","1,738,000","-337,000","-484,000","-127,000","-390,000","-25,000","-35,717,000","-1,342,000","-3,509,000","-455,000","597,000","-1,669,000","320,000","-232,000","357,000","303,000","1,077,000","-861,000","-1,834,000","2,192,000","625,000","-33,000","26,000","346,000","428,000","2,605,000","-118,000","-560,000","-4,265,000","-65,000","90,000","131,000","-18,193,000","706,000","-174,000","-25,072,000","-462,000","-14,160,000","-316,000","-341,000","1,273,000",,"-231,000","-200,000","-400,000",,"-11,700,000","100,000","200,000","400,000","1,400,000","-15,900,000","1,600,000","100,000","800,000","-400,000","500,000","600,000","900,000","300,000","700,000","500,000","500,000","600,000","400,000","200,000","200,000","0",,,"200,000","800,000",,"900,000",,"600,000","300,000","300,000","2,000,000","-100,000","300,000","300,000","600,000",,,,,,,,,,,,,,,,,,
	SpecialIncomeCharges,"-1,918,000","-312,000","-1,136,000","-319,000","-151,000","-81,000","-414,000","-1,041,000","-135,000","-240,000","-2,159,000","-2,353,000","-828,000","-2,084,000","-1,696,000","-997,000","-1,172,000","-1,195,000","-1,207,000","-2,132,000","-728,000","-779,000","-924,000","-1,819,000","11,371,000","0","-9,335,000","-2,373,000","-2,118,000","-738,000","-1,135,000","-1,570,000","-2,733,000","-503,000","-1,700,000","-953,000","-7,243,000","-559,000","5,266,000","518,000","-4,180,000","575,000","-2,033,000","-65,000","49,000","1,130,000","-1,489,000","1,738,000","-337,000","-484,000","-127,000","-390,000","-25,000","-35,717,000","-1,342,000","-3,509,000","-455,000","597,000","-1,669,000","320,000","-232,000","357,000","303,000","1,077,000","-861,000","-1,834,000","2,192,000","625,000","-33,000","26,000","346,000","428,000","2,605,000","-118,000","-560,000","-4,265,000","-65,000","90,000","131,000","-18,193,000","706,000","-174,000","-25,072,000","-462,000","-14,160,000","-316,000","-341,000","1,273,000",,"-231,000","-200,000","-400,000",,"-11,700,000","100,000","200,000","400,000","1,400,000","-15,900,000","1,600,000","100,000","800,000","-400,000","500,000","600,000","900,000","300,000","700,000","500,000","500,000","600,000","400,000","200,000","200,000","0",,,"200,000","800,000",,"900,000",,"600,000","300,000","300,000","2,000,000","-100,000","300,000","300,000","600,000",,,,,,,,,,,,,,,,,,
		RestructuringAndMergernAcquisition,"1,918,000","312,000","1,136,000","319,000","151,000","81,000","414,000","1,041,000","135,000","240,000","2,111,000","2,342,000","911,000","2,084,000","1,698,000","997,000","1,172,000","1,195,000","1,197,000","1,435,000","729,000","777,000","873,000","1,969,000","206,000","0","9,335,000","2,373,000","2,118,000","738,000","1,135,000","1,570,000","2,733,000","503,000","1,700,000","953,000","7,243,000","559,000","3,002,000","245,000","3,139,000",,"2,184,000","0","694,000",,"1,444,000","0","0","0","0","0","0","2,243,000","2,102,000","3,202,000","113,000","150,000",,,,,"0","486,000","920,000","1,962,000",,,,,,,,,"0","4,563,000",,,"0","18,343,000",,,"26,028,000",,"14,011,000",,,,,,,,,,,,,,,,,,,,,,,,,,,,,,,,,,,,,,,,,,,,,,,,,,,,,,,,,,,,,,,
		ImpairmentOfCapitalAssets,,,,,,,,,,,,,,,,,,,,,,,,,,,,,,,,,,,,,,,,,,,,,,,"0","0","0","0","0","0","0","33,153,000",,,,,,,,,,,,,,,,,,,,,,,,,,,,,,,,,,,,,,,,,,,,,,,,,,,,,,,,,,,,,,,,,,,,,,,,,,,,,,,,,,,,,,,,,,,,,,
		OtherSpecialCharges,,,,,,,,,,,,,,,,,,,,,,,,,,,,,,,,,,,,,,,,"-763,000","1,041,000",,"-151,000","65,000","-743,000",,"45,000","-1,738,000","337,000","484,000","127,000","390,000","25,000","321,000","-760,000","307,000","342,000","-747,000",,,,,"-303,000","-1,563,000","-59,000","-128,000",,,,,,,,,"560,000","-298,000",,,"-131,000","-150,000",,,"-956,000",,"149,000",,,,,,,,,,,,,,,,,,,,,,,,,,,,,,,,,,,,,,,,,,,,,,,,,,,,,,,,,,,,,,,
		GainOnSaleOfPPE,,,,,,,"0","0","0",,"-48,000","-11,000","83,000",,"2,000","0",,,"-10,000","-697,000","1,000","-2,000","-51,000","150,000","11,577,000",,,,,,,,,,"0",,,,"10,334,000",,,,,,,,,,,,,,,,,,,,,,,,,,,,,,,,,,,,,,,,,,,,,,,,,,,,,,,,,,,,,,,,,,,,,,,,,,,,,,,,,,,,,,,,,,,,,,,,,,,,,,,,,,,,,
	OtherNonOperatingIncomeExpenses,"-132,666,000","66,000","-3,302,000","-108,502,000","-20,929,000","-3,356,000","2,684,000","1,617,000","256,000","-1,982,000","1,008,000","-2,636,000","-1,107,000","96,000","-119,000","-1,687,000","-2,874,000","2,004,000","928,000","1,258,000","1,170,000","460,000","-2,042,000","-46,000","-1,240,000","-195,000","-1,656,000","-3,072,000","115,000","-1,684,000","-1,817,000","562,000","-409,000","-1,771,000","1,045,000","706,000","-310,000","298,000","796,000",,,,,,,,,,,,,,,,,,,,,,,,,,,,,,,,,,,,,,,,,,,,,,,,,,,,,,,,,,,,,,,,,,,,,,,,,,,,,,,,,,,,,,,,,,,,,,,,,,,,,,,,,,,,,
PretaxIncome,"-49,923,000","25,746,000","14,751,000","-89,819,000","-601,000","14,789,000","19,360,000","14,236,000","5,893,000","5,990,000","12,837,000","7,200,000","15,949,000","14,280,000","16,873,000","14,355,000","11,571,000","15,304,000","145,000","13,959,000","13,924,000","12,225,000","11,371,000","11,730,000","22,179,000","11,965,000","-679,000","-6,923,000","10,859,000","9,004,000","8,757,000","11,924,000","9,642,000","9,025,000","4,130,000","10,392,000","783,000","2,758,000","12,724,000","7,408,000","4,513,000","2,297,000","7,210,000","7,499,000","5,035,000","6,593,000","5,728,000","9,360,000","7,257,000","5,681,000","7,907,000","5,654,000","2,704,000","-36,679,000","4,021,000","3,963,000","12,764,000","8,547,000","10,013,000","9,865,000","7,475,000","5,122,000","6,258,000","7,819,000","8,289,000","8,300,000","13,973,000","8,222,000","8,809,000","4,399,000","8,595,000","5,092,000","8,870,000","3,360,000","5,263,000","-2,420,000","2,644,000","761,000","727,000","-18,428,000","-3,565,000","-2,534,000","-36,003,000","-3,853,000","-22,898,000","2,263,000","31,637,000","29,605,000","28,418,000","27,467,000","27,200,000","22,700,000","20,900,000","3,300,000","9,800,000","11,800,000","14,500,000","13,400,000","-1,600,000","12,200,000","13,500,000","11,100,000","10,100,000","8,100,000","8,400,000","7,000,000","9,100,000","6,700,000","7,100,000","4,900,000","7,700,000","4,700,000","5,600,000","3,600,000","3,100,000","1,900,000","2,800,000","2,600,000","1,200,000","300,000","1,000,000","1,300,000","800,000","1,800,000","2,100,000","1,400,000","1,500,000","1,900,000","4,100,000","2,000,000",,,,,,,,,,,,,,,,,,
TaxProvision,"-16,306,000","5,507,000","5,586,000","-25,923,000","-1,476,000","2,799,000","4,412,000","3,163,000","1,036,000","2,182,000","2,775,000","4,478,000","4,006,000","2,861,000","-691,000","4,144,000","4,362,000","3,756,000","13,766,000","4,340,000","3,958,000","3,741,000","3,061,000","8,010,000","7,692,000","4,102,000","12,974,000","-2,163,000","-8,221,000","2,717,000","1,793,000","3,807,000","3,281,000","3,945,000","1,185,000","3,573,000","12,118,000","-810,000","3,892,000","1,491,000","1,212,000","14,000","1,354,000","1,636,000","903,000","1,477,000","928,000","2,445,000","1,365,000","1,250,000","3,764,000","1,173,000","9,729,000","-1,030,000","-1,631,000","-3,648,000","2,807,000","1,881,000","2,346,000","2,071,000","1,570,000","1,076,000","514,000","1,907,000","1,973,000","2,075,000","5,398,000","1,892,000","4,867,000","1,012,000","1,977,000","1,171,000","1,973,000","840,000","1,316,000","-8,494,000","661,000","190,000","182,000","-4,607,000","-892,000","-633,000","-8,994,000","-963,000","-5,725,000","566,000","8,858,000","8,290,000","7,957,000","7,691,000","8,300,000","6,800,000","6,400,000","1,100,000","2,300,000","3,600,000","4,800,000","4,700,000","-1,300,000","4,500,000","5,000,000","4,100,000","3,700,000","3,000,000","3,100,000","2,600,000","4,000,000","2,500,000","2,500,000","1,600,000","3,100,000","1,700,000","1,700,000","1,100,000","1,100,000","800,000","1,000,000","800,000","900,000","100,000","500,000","400,000","400,000","500,000","600,000","400,000","400,000","400,000","900,000","400,000",,,,,,,,,,,,,,,,,,
NetIncomeCommonStockholders,"-33,617,000","20,239,000","9,165,000","-63,896,000","875,000","11,990,000","14,948,000","11,073,000","4,857,000","3,808,000","10,062,000","2,722,000","11,943,000","11,419,000","17,564,000","10,211,000","7,209,000","11,548,000","-13,621,000","9,619,000","9,966,000","8,484,000","8,310,000","3,720,000","14,487,000","7,863,000","-13,653,000","-4,760,000","19,080,000","6,287,000","6,964,000","8,117,000","6,361,000","5,080,000","-2,981,000","6,819,000","-11,335,000","3,568,000","8,832,000","5,917,000","3,301,000","2,283,000","5,856,000","5,863,000","4,132,000","5,116,000","4,800,000","6,915,000","5,892,000","4,431,000","4,143,000","4,481,000","-7,025,000","-35,649,000","5,652,000","7,611,000","9,957,000","6,666,000","7,667,000","7,794,000","5,905,000","4,046,000","5,744,000","5,912,000","6,316,000","6,225,000","8,575,000","6,330,000","3,942,000","3,387,000","6,618,000","3,921,000","6,897,000","2,520,000","3,947,000","6,074,000","1,983,000","571,000","545,000","-13,821,000","-2,673,000","-1,901,000","-27,009,000","-2,890,000","-17,173,000","1,697,000","22,779,000","21,315,000","20,461,000","19,247,000","18,900,000","15,900,000","14,500,000","2,200,000","10,900,000","8,200,000","9,700,000","8,700,000","-300,000","7,700,000","8,500,000","7,000,000","6,400,000","5,100,000","5,300,000","4,400,000","5,100,000","4,200,000","4,600,000","3,300,000","4,600,000","3,000,000","3,900,000","2,500,000",,"1,100,000","1,800,000","-2,800,000","300,000","200,000","500,000","900,000","400,000","1,300,000","1,500,000","1,000,000","1,100,000","1,500,000","3,200,000","1,600,000",,,,,,,,,,,,,,,,,,
	NetIncome,"-33,617,000","20,239,000","9,165,000","-63,896,000","875,000","11,990,000","14,948,000","11,073,000","4,857,000","3,808,000","10,062,000","2,722,000","11,943,000","11,419,000","17,564,000","10,211,000","7,209,000","11,548,000","-13,621,000","9,619,000","9,966,000","8,484,000","8,310,000","3,720,000","14,487,000","7,863,000","-13,653,000","-4,760,000","19,080,000","6,287,000","6,964,000","8,117,000","6,361,000","5,080,000","-2,981,000","6,819,000","-11,335,000","3,568,000","8,832,000","5,917,000","3,301,000","2,283,000","5,856,000","5,863,000","4,132,000","5,116,000","4,800,000","6,915,000","5,892,000","4,431,000","4,143,000","4,481,000","-7,025,000","-35,649,000","5,652,000","7,611,000","9,957,000","6,666,000","7,667,000","7,794,000","5,905,000","4,046,000","5,744,000","5,912,000","6,316,000","6,225,000","8,575,000","6,330,000","3,942,000","3,387,000","6,618,000","3,921,000","6,897,000","2,520,000","3,947,000","6,074,000","1,983,000","571,000","545,000","-13,821,000","-2,673,000","-1,901,000","-27,009,000","-2,890,000","-17,173,000","1,697,000","22,779,000","21,315,000","20,461,000","19,247,000","18,900,000","15,900,000","14,500,000","2,200,000","10,900,000","8,200,000","9,700,000","8,700,000","-300,000","7,700,000","8,500,000","7,000,000","6,400,000","5,100,000","5,300,000","4,400,000","5,100,000","4,200,000","4,600,000","3,300,000","4,600,000","3,000,000","3,900,000","2,500,000",,"1,100,000","1,800,000","-2,800,000","300,000","200,000","500,000","900,000","400,000","1,300,000","1,500,000","1,000,000","1,100,000","1,500,000","3,200,000","1,600,000",,,,,,,,,,,,,,,,,,
		NetIncomeIncludingNoncontrollingInterests,"-33,617,000","20,239,000","9,165,000","-63,896,000","875,000","11,990,000","14,948,000","11,073,000","4,857,000","3,808,000","10,062,000","2,722,000","11,943,000","11,419,000","17,564,000","10,211,000","7,209,000","11,548,000","-13,621,000","9,619,000","9,966,000","8,484,000","8,310,000","3,720,000","14,487,000","7,863,000","-13,653,000","-4,760,000","19,080,000","6,287,000","6,964,000","8,117,000","6,361,000","5,080,000","-2,981,000","6,819,000","-11,335,000","3,568,000","8,832,000","5,917,000","3,301,000","2,283,000","5,856,000","5,863,000","4,132,000","5,116,000","4,800,000","6,915,000","5,892,000","4,431,000","4,143,000","4,481,000","-7,025,000","-35,649,000","5,652,000","7,611,000","9,957,000","6,666,000","7,667,000","7,794,000","5,905,000","4,046,000","5,744,000","5,912,000","6,316,000","6,225,000","8,575,000","6,330,000","3,942,000","3,387,000","6,618,000","3,921,000","6,897,000","2,520,000","3,947,000","6,074,000","1,983,000","571,000","545,000","-13,821,000","-2,673,000","-1,901,000","-27,009,000","-2,890,000","-17,173,000","1,697,000","22,779,000","21,315,000","20,461,000","19,247,000","18,900,000","15,900,000","14,500,000","2,200,000","10,900,000","8,200,000","9,700,000","8,700,000","-300,000","7,700,000","8,500,000","7,000,000","6,400,000","5,100,000","5,300,000","4,400,000","5,100,000","4,200,000","4,600,000","3,300,000","4,600,000","3,000,000","3,900,000","2,500,000","2,000,000","1,100,000","1,800,000","-2,800,000","300,000","200,000","500,000","900,000","400,000","1,300,000","1,500,000","1,000,000","1,100,000","1,500,000","3,200,000","1,600,000","2,700,000","3,900,000","3,900,000","3,800,000","-12,500,000","2,800,000","3,400,000","4,100,000","3,400,000","3,500,000","2,100,000","1,500,000","-24,300,000","400,000","-2,700,000","-100,000","-1,800,000","1,600,000"
			NetIncomeContinuousOperations,"-33,617,000","20,239,000","9,165,000","-63,896,000","875,000","11,990,000","14,948,000","11,073,000","4,857,000","3,808,000","10,062,000","2,722,000","11,943,000","11,419,000","17,564,000","10,211,000","7,209,000","11,548,000","-13,621,000","9,619,000","9,966,000","8,484,000","8,310,000","3,720,000","14,487,000","7,863,000","-13,653,000","-4,760,000","19,080,000","6,287,000","6,964,000","8,117,000","6,361,000","5,080,000","2,945,000","6,819,000","-11,335,000","3,568,000","8,832,000","5,917,000","3,301,000","2,283,000","5,856,000","5,863,000","4,132,000","5,116,000","4,800,000","6,915,000","5,892,000","4,431,000","4,143,000","4,481,000","-7,025,000","-35,649,000","5,652,000","7,611,000","9,957,000","6,666,000","7,667,000","7,794,000","5,905,000","4,046,000","5,744,000","5,912,000","6,316,000","6,225,000","8,575,000","6,330,000","3,942,000","3,387,000","6,618,000","3,921,000","6,897,000","2,520,000","3,947,000","6,074,000","1,983,000","571,000","545,000","-13,821,000","-2,673,000","-1,901,000","-27,009,000","-2,890,000","-17,173,000","1,697,000","22,779,000","21,315,000","20,461,000","19,776,000","18,900,000","15,900,000","14,500,000","2,200,000","7,500,000","8,200,000","9,700,000","8,700,000","-300,000","7,700,000","8,500,000","7,000,000","6,400,000","5,100,000","5,300,000","4,400,000","5,100,000","4,200,000","4,600,000","3,300,000","4,600,000","3,000,000","3,900,000","2,500,000","2,000,000","1,100,000","1,800,000","1,800,000","300,000","200,000","500,000","900,000","400,000","1,300,000","1,500,000","1,000,000","1,100,000","1,500,000","3,200,000","1,600,000","2,700,000","3,900,000","3,900,000","3,800,000","-12,500,000","2,800,000","3,400,000","4,100,000","3,400,000","3,500,000","2,100,000","1,500,000","-24,300,000","400,000","-2,700,000","-100,000","-1,800,000","1,200,000"
			NetIncomeDiscontinuousOperations,,,,,,,,,,,,,,,,,,,,,,,,,,,,,,,"0","0","0","0","-7,658,000",,,,,,,,,,,,,,,,,,,,,,,,,,,,,,,,,,,,,,,,,,,,,,,,,,,,"0",,,"-529,000",,,,,,,,,,,,,,,,,,,,,,,,,,,,,,,,,,,,,,,,,,,,,,,,,,,,,,,,,"0","400,000"
			NetIncomeExtraordinary,,,,,,,,,,,,,,,,,,,,,,,,,,,,,,,,,,,,,,,,,,,,,,,,,,,,,,,,,,,,,,,,,,,,,,,,,,,,,,,,,,,,,,,,,,,,,,,,,,,,,,,,,,,,,,,,,,,"0",,,"-4,600,000",,,,,,,,,,,,,,,,,,,,,,,,,,,,,,
DilutedNIAvailtoComStockholders,"-33,617,000","20,239,000","9,165,000","-63,896,000","875,000","11,990,000","14,948,000","11,073,000","4,857,000","3,808,000","10,062,000","2,722,000","11,943,000","11,419,000","17,564,000","10,211,000","7,209,000","11,548,000","-13,621,000","9,619,000","9,966,000","8,484,000","8,310,000","3,720,000","14,487,000","7,863,000","-13,653,000","-4,760,000","19,080,000","6,287,000","6,964,000","8,117,000","6,361,000","5,080,000","-2,981,000","6,819,000","-11,335,000","3,568,000","8,832,000","5,917,000","3,301,000","2,283,000","5,856,000","5,863,000","4,132,000","5,116,000","4,800,000","6,915,000","5,892,000","4,431,000","4,143,000","4,481,000","-7,025,000","-35,649,000","5,652,000","7,611,000","9,957,000","6,666,000","7,667,000","7,794,000","5,905,000","4,046,000","5,744,000","5,912,000","6,316,000","6,225,000","8,575,000","6,330,000","3,942,000","3,387,000","6,618,000","3,921,000","6,897,000","2,520,000","3,947,000","6,074,000","1,983,000","571,000","545,000","-13,821,000","-2,673,000","-1,901,000","-27,009,000","-2,890,000","-17,173,000","1,697,000","22,779,000","21,315,000","20,461,000","19,247,000","18,900,000","15,900,000","14,500,000","2,200,000","10,900,000","8,200,000","9,700,000","8,700,000","-300,000","7,700,000","8,500,000","7,000,000","6,400,000","5,100,000","5,300,000","4,400,000","5,100,000","4,200,000","4,600,000","3,300,000","4,600,000","3,000,000","3,900,000","2,500,000",,"1,100,000","1,800,000","-2,800,000","300,000","200,000","500,000","900,000","400,000","1,300,000","1,500,000","1,000,000","1,100,000","1,500,000","3,200,000","1,600,000",,,,,,,,,,,,,,,,,,
BasicEPS,,"0.63","0.28","-1.97","0.03","0.37","0.46","0.34","0.15","0.12","0.31","0.08","0.36","0.35","0.53","0.31","0.22","0.35","-0.41","0.29","0.3","0.26","0.25","0.11","0.44","0.24","-0.42","-0.15","0.58","0.19",,"0.24","0.19","0.15","-0.09","0.2","-0.34","0.11","0.26","0.17","0.1","0.07",,"0.17","0.12","0.15",,"0.2","0.17","0.13",,"0.13","-0.21","-1.06",,"0.23","0.3","0.2",,"0.22","0.16","0.11",,"0.16","0.18","0.17",,"0.17","0.11","0.09",,"0.11","0.19","0.07",,"0.17","0.06","0.02",,"-0.41","-0.08","-0.06",,"-0.1","-0.62","0.06",,"0.77","0.74","0.69",,"0.58","0.53","0.08",,"0.3","0.35","0.3",,"0.25","0.27","0.23",,"0.16","0.17","0.14",,"0.14","0.15","0.11",,"0.1","0.13","0.08",,"0.04","0.06","-0.09",,"0.01","0.02","0.03",,"0.04","0.05","0.04",,"0.05","0.1","0.05",,"0.12","0.12","0.12",,"0.09","0.1","0.13",,"0.11","0.06","0.05",,"0.01","-0.08",,,"0.06"
DilutedEPS,,"0.63","0.28","-1.97","0.03","0.37","0.46","0.34","0.15","0.12","0.31","0.08","0.36","0.34","0.52","0.3","0.21","0.34","-0.41","0.29","0.3","0.25","0.25","0.11","0.44","0.24","-0.42","-0.15","0.57","0.19",,"0.24","0.19","0.15","-0.09","0.2","-0.34","0.1","0.26","0.17","0.1","0.07",,"0.17","0.12","0.15",,"0.2","0.17","0.13",,"0.13","-0.21","-1.06",,"0.21","0.27","0.18",,"0.2","0.15","0.11",,"0.15","0.16","0.16",,"0.16","0.1","0.09",,"0.11","0.19","0.07",,"0.17","0.06","0.02",,"-0.41","-0.08","-0.06",,"-0.1","-0.62","0.06",,"0.76","0.71","0.66",,"0.56","0.51","0.08",,"0.29","0.33","0.28",,"0.24","0.27","0.22",,"0.16","0.17","0.14",,"0.14","0.15","0.11",,"0.1","0.13","0.08",,"0.04","0.06","-0.09",,"0.01","0.02","0.03",,"0.04","0.05","0.04",,"0.05","0.1","0.05",,"0.12","0.12","0.12",,"0.09","0.1","0.13",,"0.11","0.06","0.05",,"0.01","-0.08",,,"0.06"
BasicAverageShares,,"32,123,000","32,214,000","32,379,000","32,397,000","32,319,000","32,273,000","32,268,000","32,262,000","32,466,000","32,554,000","32,642,000","32,799,000","32,807,000","32,983,000","33,087,000","33,051,000","32,975,000","32,938,000","32,935,000","32,890,000","32,802,000","32,760,000","32,759,000","32,759,000","32,632,000","32,605,000","32,770,000","33,080,000","33,411,000",,"33,599,000","33,741,000","33,708,000","33,594,000","33,696,000","33,589,000","33,523,000","33,640,000","33,923,000","34,022,000","34,106,000",,"34,375,000","34,375,000","34,293,000",,"34,181,000","34,048,000","33,955,000",,"33,873,000","33,779,000","33,744,000",,"33,708,000","33,652,000","33,845,000",,"35,481,000","35,824,000","35,824,000",,"35,861,000","35,843,000","35,821,000",,"36,284,000","36,621,000","36,398,000",,"35,896,000","35,986,000","35,957,000",,"34,799,000","34,227,000","34,020,000",,"33,606,000","33,300,000","31,802,000",,"28,495,000","27,697,000","27,671,000",,"27,748,000","27,786,000","27,730,000",,"27,413,793","27,358,491","27,500,000",,"27,333,333","27,714,286","29,000,000",,"30,800,000","31,481,481","30,434,783",,"31,875,000","31,176,471","31,428,571",,"30,000,000","30,666,667","30,000,000",,"30,000,000","30,000,000","31,250,000",,"27,500,000","30,000,000","31,111,111",,"28,000,000","25,000,000","30,000,000",,"32,500,000","30,000,000","25,000,000",,"30,000,000","32,000,000","32,000,000",,"32,762,000","32,750,000","32,774,000",,"33,520,000","33,520,000","33,532,000",,"34,012,000","33,988,000","33,976,000",,"33,970,000","33,958,000","33,910,000",,"34,288,000"
DilutedAverageShares,,"32,327,000","32,432,000","32,379,000","32,626,000","32,620,000","32,562,000","32,509,000","32,504,000","32,793,000","32,970,000","33,067,000","33,205,000","33,270,000","33,545,000","33,649,000","33,564,000","33,515,000","32,938,000","33,391,000","33,351,000","33,362,000","33,342,000","33,254,000","33,225,000","33,005,000","32,605,000","32,770,000","33,551,000","33,935,000",,"34,107,000","34,208,000","34,280,000","34,314,000","34,331,000","33,589,000","34,176,000","34,330,000","34,471,000","34,574,000","34,718,000",,"34,994,000","35,025,000","35,075,000",,"34,827,000","34,874,000","34,749,000",,"34,513,000","33,779,000","33,744,000",,"38,199,000","38,090,000","38,335,000",,"39,956,000","40,302,000","40,410,000",,"40,266,000","40,145,000","40,234,000",,"41,013,000","41,226,000","40,979,000",,"36,401,000","36,253,000","36,243,000",,"35,352,000","34,569,000","34,258,000",,"33,606,000","33,300,000","31,802,000",,"28,495,000","27,697,000","28,750,000",,"28,140,000","28,725,000","29,027,000",,"28,392,857","28,431,373","27,500,000",,"28,275,862","29,393,939","31,071,429",,"32,083,333","31,481,481","31,818,182",,"31,875,000","31,176,471","31,428,571",,"30,000,000","30,666,667","30,000,000",,"30,000,000","30,000,000","31,250,000",,"27,500,000","30,000,000","31,111,111",,"28,000,000","25,000,000","30,000,000",,"32,500,000","30,000,000","25,000,000",,"30,000,000","32,000,000","32,000,000",,"32,762,000","32,750,000","32,774,000",,"33,520,000","33,520,000","33,532,000",,"34,012,000","33,988,000","33,976,000",,"33,970,000","33,958,000","33,910,000",,"34,288,000"
TotalOperatingIncomeAsReported,"84,027,000","26,046,000","18,436,000","18,967,000","20,579,000","18,498,000","17,136,000","13,259,000","6,242,000","8,492,000","12,391,000","10,124,000","17,083,000","14,218,000","17,017,000","16,118,000","14,544,000","13,359,000","-19,000","13,111,000","13,208,000","12,196,000","14,146,000","12,490,000","24,097,000","12,433,000","931,000","-3,850,000","10,544,000","10,488,000","10,310,000","11,223,000","9,945,000","10,845,000","2,906,000","10,093,000","1,726,000","2,962,000","12,239,000","6,804,000","5,713,000","1,932,000","7,200,000","7,754,000","4,527,000","5,759,000","5,984,000","7,771,000","7,741,000","6,347,000","8,259,000","6,283,000","3,169,000","-35,540,000","3,780,000","4,885,000","13,784,000","8,381,000","9,508,000","9,917,000","7,902,000","4,948,000","6,277,000","8,192,000","9,066,000","9,283,000","15,143,000","9,204,000","10,321,000","5,671,000","9,737,000","5,854,000","10,628,000","4,909,000","7,369,000","-654,000","4,507,000","2,594,000","2,977,000","-16,499,000","-1,475,000","228,000","-33,683,000","-886,000","-19,685,000","5,765,000","35,401,000","31,292,000","31,255,000","30,682,000","30,000,000","25,900,000","23,600,000","16,100,000","8,300,000","12,800,000","15,200,000","13,100,000","15,500,000","11,700,000","13,800,000","10,500,000","10,800,000","7,900,000","8,200,000","6,600,000","9,100,000","6,500,000","7,000,000","4,900,000","7,300,000","4,400,000","5,500,000","3,600,000","3,200,000","2,200,000","3,000,000","2,600,000","700,000","700,000","300,000","1,500,000","600,000","1,700,000","2,000,000","-100,000","1,700,000","2,300,000","4,200,000","1,900,000",,,,,,,,,,,,,,,,,,
TotalExpenses,"446,248,000","121,337,000","112,959,000","103,096,000","108,855,000","109,848,000","105,467,000","99,477,000","77,820,000","94,343,000","100,490,000","103,174,000","102,773,000","101,323,000","101,360,000","101,744,000","102,305,000","98,976,000","109,722,000","91,000,000","91,750,000","87,179,000","86,514,000","85,388,000","85,967,000","84,272,000","83,016,000","92,123,000","87,409,000","87,085,000","88,933,000","87,164,000","90,302,000","89,358,000","-55,781,000","148,517,000","142,592,000","145,991,000","131,622,000","130,308,000","145,442,000","145,037,000","134,615,000","138,316,000","141,698,000","145,759,000","137,597,000","131,591,000","131,110,000","123,056,000","125,629,000","120,282,000","117,229,000","118,275,000","156,945,000","161,947,000","172,194,000","164,224,000","166,364,000","164,873,000","161,722,000","158,310,000","167,243,000","156,998,000","155,939,000","139,248,000","139,455,000","140,006,000","148,025,000","149,659,000","132,759,000","123,195,000","126,996,000","117,238,000","124,656,000","104,587,000","112,190,000","103,175,000","113,565,000","109,100,000","119,200,000","112,365,000","133,445,000","132,039,000","149,397,000","171,223,000","197,993,000","190,760,000","175,356,000","173,784,000","168,700,000","154,300,000","154,200,000","104,200,000","4,900,000","93,800,000","109,300,000","113,000,000","111,000,000","78,300,000","93,700,000","80,800,000","70,000,000","68,600,000","75,600,000","73,600,000","64,800,000","67,400,000","69,400,000","71,100,000","60,500,000","61,600,000","65,100,000","60,800,000","52,600,000","55,900,000","59,600,000","57,800,000","53,500,000","55,500,000","57,400,000","57,800,000","55,600,000","56,300,000","57,400,000","55,900,000","55,600,000","60,400,000","63,800,000","61,200,000",,,,,,,,,,,,,,,,,,
NetIncomeFromContinuingAndDiscontinuedOperation,"-33,617,000","20,239,000","9,165,000","-63,896,000","875,000","11,990,000","14,948,000","11,073,000","4,857,000","3,808,000","10,062,000","2,722,000","11,943,000","11,419,000","17,564,000","10,211,000","7,209,000","11,548,000","-13,621,000","9,619,000","9,966,000","8,484,000","8,310,000","3,720,000","14,487,000","7,863,000","-13,653,000","-4,760,000","19,080,000","6,287,000","6,964,000","8,117,000","6,361,000","5,080,000","-2,981,000","6,819,000","-11,335,000","3,568,000","8,832,000","5,917,000","3,301,000","2,283,000","5,856,000","5,863,000","4,132,000","5,116,000","4,800,000","6,915,000","5,892,000","4,431,000","4,143,000","4,481,000","-7,025,000","-35,649,000","5,652,000","7,611,000","9,957,000","6,666,000","7,667,000","7,794,000","5,905,000","4,046,000","5,744,000","5,912,000","6,316,000","6,225,000","8,575,000","6,330,000","3,942,000","3,387,000","6,618,000","3,921,000","6,897,000","2,520,000","3,947,000","6,074,000","1,983,000","571,000","545,000","-13,821,000","-2,673,000","-1,901,000","-27,009,000","-2,890,000","-17,173,000","1,697,000","22,779,000","21,315,000","20,461,000","19,247,000","18,900,000","15,900,000","14,500,000","2,200,000","10,900,000","8,200,000","9,700,000","8,700,000","-300,000","7,700,000","8,500,000","7,000,000","6,400,000","5,100,000","5,300,000","4,400,000","5,100,000","4,200,000","4,600,000","3,300,000","4,600,000","3,000,000","3,900,000","2,500,000",,"1,100,000","1,800,000","1,800,000","300,000","200,000","500,000","900,000","400,000","1,300,000","1,500,000","1,000,000","1,100,000","1,500,000","3,200,000","1,600,000",,,,,,,,,,,,,,,,,,
NormalizedIncome,"-32,325,462.913","20,484,232","9,870,812.487","-63,669,191","985,230","12,055,691","15,267,652.479","11,882,898","4,968,240","3,960,640","11,754,284.646","4,439,690","12,563,172","13,086,200","18,802,080","10,919,867","7,939,156","12,450,225","-12,896,800","11,087,948","10,487,248","9,024,626","8,985,265.148","4,811,400","7,061,737","7,863,000","-8,052,000","-3,127,376","20,350,800","6,802,124","7,866,608.199","9,186,170","8,164,780","5,406,950","4,157,227.603","7,444,168","-6,627,050","3,931,350","5,176,756.995","5,503,257.289","6,358,429.648","1,711,504.571","7,507,213.315","5,913,819.443","4,091,787.885","4,239,148.794","6,047,765.363","5,630,996.795","6,165,612.236","4,808,504.665","4,225,550","4,790,089.14","-7,008,750","-934,985.632","6,524,300","9,891,850","10,311,938.499","6,200,386.1","8,944,960.951","7,541,178.915","6,088,272.241","3,763,996.486","5,465,886.865","5,097,672.848","6,972,059.356","7,600,500","7,229,805.697","5,848,821.455","3,961,800","3,366,981.359","6,351,586.038","3,591,426.551","4,871,443.63","2,608,500","4,366,973.399","8,633,000","2,031,750","503,470.434","446,795.048","-176,250","-3,202,351.473","-1,770,465.667","-8,200,299.392","-2,543,470.023","-6,553,309.197","1,933,965.091","23,024,523.88","20,398,465.8","20,461,000","19,942,317.982","19,038,970.588","16,180,176.211","14,500,000","10,000,000","7,423,469.388","8,061,016.949","9,432,413.793","7,791,044.776","9,240,000","6,690,163.934","8,437,037.037","6,495,495.495","6,653,465.347","4,785,185.185","4,921,428.571","3,834,285.714","4,920,000","3,761,194.03","4,276,056.338","2,963,265.306","4,240,000","2,744,680.851","3,760,714.286","2,361,111.111",,"1,100,000","1,800,000","1,661,538.462","-180,000","200,000","-40,000","900,000","40,000","1,083,333.333","1,285,714.286","-428,571.429","1,173,333.333","1,263,157.895","2,965,853.659","1,120,000",,,,,,,,,,,,,,,,,,
InterestIncome,"818,000","180,000","151,000","230,000","257,000","202,000","195,000","217,000","304,000","331,000","341,000","524,000","440,000","432,000","459,000","413,000","472,000","482,000","370,000","363,000","298,000","253,000","223,000","203,000","331,000","547,000","719,000","713,000","853,000","788,000","827,000","707,000","688,000","564,000","600,000","442,000","446,000","413,000","384,000","425,000","467,000","449,000","426,000","359,000","276,000","196,000","146,000","105,000","81,000","53,000","38,000","17,000","31,000","70,000",,,,,,,,,,,,,,,,,,,,,,,,,,,,,,,,,,,,,,,,,,,,,,,,,,,,,,,,,,,,,,,,,,,,,,,,,,,,,,,,,,,,,,,,,,,,,,
InterestExpense,"2,102,000","546,000","534,000","514,000","508,000","555,000","655,000","857,000","909,000","851,000","903,000","812,000","467,000","466,000","484,000","489,000","571,000","541,000","1,134,000","773,000","752,000","684,000","956,000","917,000","1,009,000","820,000","673,000","714,000","653,000","588,000","563,000","568,000","582,000","613,000","421,000","849,000","1,079,000","915,000","695,000","584,000","626,000","659,000","567,000","549,000","511,000","492,000","357,000","254,000","228,000","235,000","263,000","256,000","471,000","888,000",,,,,,,,,,,,,,,,,,,,,,,,,,,,,,,,,,,,,,,,,,,,,,,,,,,,,,,,,,,,,,,,,,,,,,,,,,,,,,,,,,,,,,,,,,,,,,
NetInterestIncome,"-1,284,000","-366,000","-383,000","-284,000","-251,000","-353,000","-460,000","-640,000","-605,000","-520,000","-562,000","-288,000","-27,000","-34,000","-25,000","-76,000","-99,000","-59,000","-764,000","-410,000","-454,000","-431,000","-733,000","-714,000","-678,000","-273,000","46,000","-1,000","200,000","200,000","264,000","139,000","106,000","-49,000","179,000","-407,000","-633,000","-502,000","-311,000","-159,000","-159,000","-210,000","-141,000","-190,000","-235,000","-296,000","-211,000","-149,000","-147,000","-182,000","-225,000","-239,000","-440,000","-818,000",,,,,,,,,,,,,,,,,,,,,,,,,,,,,,,,,,,,,,,,,,,,,,,,,,,,,,,,,,,,,,,,,,,,,,,,,,,,,,,,,,,,,,,,,,,,,,
EBIT,"-47,821,000","26,292,000","15,285,000","-89,305,000","-93,000","15,344,000","20,015,000","15,093,000","6,802,000","6,841,000","13,740,000","8,012,000","16,416,000","14,746,000","17,357,000","14,844,000","12,142,000","15,845,000","1,279,000","14,732,000","14,676,000","12,909,000","12,327,000","12,647,000","23,188,000","12,785,000","-6,000","-6,209,000","11,512,000","9,592,000","9,320,000","12,492,000","10,224,000","9,638,000","4,551,000","11,241,000","1,862,000","3,673,000","13,419,000","7,992,000","5,139,000","2,956,000","7,777,000","8,048,000","5,546,000","7,085,000","6,085,000","9,614,000","7,485,000","5,916,000","8,170,000","5,910,000","3,175,000","-35,791,000","2,594,000","8,087,000","13,897,000","8,531,000","11,909,000","9,917,000","7,902,000","4,948,000","6,277,000","8,678,000","9,986,000","11,245,000","15,143,000","9,204,000","10,321,000","5,671,000","9,737,000","5,854,000","10,628,000","4,909,000","7,369,000","3,909,000","4,507,000","2,594,000","2,977,000","1,844,000","-1,475,000","228,000","-7,655,000","-886,000","-5,674,000","5,765,000","35,401,000","31,292,000","31,255,000","30,682,000","30,000,000","25,900,000","23,600,000","16,100,000","8,300,000","12,800,000","15,200,000","13,100,000","15,500,000","11,700,000","13,800,000","10,500,000","10,800,000","7,900,000","8,200,000","6,600,000","9,100,000","6,500,000","7,000,000","4,900,000","7,300,000","4,400,000","5,500,000","3,600,000","3,200,000","2,200,000","3,000,000","2,600,000","700,000","700,000","300,000","1,500,000","600,000","1,700,000","2,000,000","-100,000","1,700,000","2,300,000","4,200,000","1,900,000","-185,700,000","63,100,000","70,700,000","67,900,000","-193,600,000","66,800,000","71,400,000","72,200,000","-173,200,000","62,800,000","65,100,000","62,400,000","-176,700,000","62,000,000","58,300,000","59,700,000","-195,300,000","64,000,000"
EBITDA,"-20,942,000"
ReconciledCostOfRevenue,"335,825,000","93,355,000","83,860,000","76,720,000","81,889,000","85,836,000","80,326,000","76,871,000","57,630,000","70,176,000","76,340,000","78,594,000","79,480,000","77,010,000","77,428,000","76,777,000","76,208,000","75,097,000","78,035,000","68,705,000","69,892,000","65,930,000","65,723,000","63,056,000","64,236,000","63,237,000","63,128,000","59,200,000","66,698,000","66,175,000","67,352,000","67,458,000","69,157,000","70,091,000","-68,330,000","122,034,000","116,072,000","118,332,000","111,497,000","110,763,000","128,356,000","124,920,000","118,161,000","118,610,000","119,051,000","122,358,000","115,903,000","109,393,000","108,511,000","98,924,000","102,940,000","100,380,000","98,520,000","98,302,000","133,081,000","136,684,000","145,938,000","138,931,000","142,656,000","140,997,000","136,680,000","132,920,000","147,590,000","136,830,000","131,945,000","118,419,000","121,676,000","120,224,000","126,054,000","127,115,000","112,578,000","102,737,000","108,707,000","97,538,000","104,571,000","84,841,000","92,177,000","84,686,000","93,185,000","87,059,000","96,616,000","89,915,000","96,422,000","90,394,000","110,220,000","124,418,000","152,659,000","149,141,000","132,233,000","132,451,000","130,400,000","118,500,000","115,000,000","77,300,000","-9,300,000","72,400,000","84,100,000","89,500,000","84,400,000","61,200,000","74,800,000","62,200,000","52,800,000","52,600,000","58,700,000","57,100,000","51,500,000","52,500,000","54,200,000","55,500,000","51,900,000","49,500,000","51,900,000","47,300,000","41,300,000","44,800,000","46,800,000","44,600,000","42,500,000","43,300,000","44,400,000","44,400,000","43,700,000","44,500,000","44,600,000","43,300,000","42,900,000","47,600,000","50,400,000","48,200,000",,,,,,,,,,,,,,,,,,
ReconciledDepreciation,"26,879,000","6,749,000","6,699,000","6,719,000","6,712,000","6,800,000","6,851,000","6,676,000","6,611,000","6,532,000","6,581,000","6,119,000","5,995,000","5,924,000","6,165,000","5,388,000","5,478,000","5,483,000","5,613,000","5,388,000","4,965,000","4,708,000","4,982,000","5,085,000","4,904,000","4,021,000","4,267,000","3,894,000","4,028,000","4,065,000","4,249,000","4,321,000","4,153,000","4,248,000","4,492,000","5,321,000","5,470,000","5,886,000","5,032,000","4,937,000","4,856,000","4,790,000","4,372,000","4,410,000","4,365,000","4,401,000","4,321,000","4,412,000","4,481,000","4,351,000","4,612,000","4,425,000","5,229,000","5,265,000","5,721,000","4,523,000","7,895,000","6,039,000","6,597,000","6,485,000","7,908,000","5,772,000","5,918,000","5,778,000","6,561,000","6,639,000","7,233,000","6,177,000","6,801,000","6,848,000","6,432,000","5,641,000","6,749,000","7,260,000","8,118,000","8,166,000","8,509,000","8,812,000","9,953,000","10,567,000","11,625,000","11,228,000","11,816,000","13,858,000","12,349,000","13,651,000","11,317,000","11,666,000","11,108,000","10,234,000","8,700,000","7,900,000","11,000,000","6,300,000","5,600,000","4,700,000","4,400,000","4,500,000","5,800,000","3,600,000","3,800,000","3,800,000","2,900,000","3,100,000","3,200,000","3,300,000","2,400,000","3,000,000","3,100,000","3,200,000","2,400,000","2,800,000","3,100,000","2,900,000","2,800,000","3,000,000","3,100,000","3,200,000","2,300,000","2,800,000","3,200,000","3,400,000","3,000,000","3,300,000","3,500,000","3,300,000","3,400,000","3,100,000","3,300,000","3,300,000",,,,,,,,,,,,,,,,,,
NetIncomeFromContinuingOperationNetMinorityInterest,"-33,617,000","20,239,000","9,165,000","-63,896,000","875,000","11,990,000","14,948,000","11,073,000","4,857,000","3,808,000","10,062,000","2,722,000","11,943,000","11,419,000","17,564,000","10,211,000","7,209,000","11,548,000","-13,621,000","9,619,000","9,966,000","8,484,000","8,310,000","3,720,000","14,487,000","7,863,000","-13,653,000","-4,760,000","19,080,000","6,287,000","6,964,000","8,117,000","6,361,000","5,080,000","2,945,000","6,819,000","-11,335,000","3,568,000","8,832,000","5,917,000","3,301,000","2,283,000","5,856,000","5,863,000","4,132,000","5,116,000","4,800,000","6,915,000","5,892,000","4,431,000","4,143,000","4,481,000","-7,025,000","-35,649,000","5,652,000","7,611,000","9,957,000","6,666,000","7,667,000","7,794,000","5,905,000","4,046,000","5,744,000","5,912,000","6,316,000","6,225,000","8,575,000","6,330,000","3,942,000","3,387,000","6,618,000","3,921,000","6,897,000","2,520,000","3,947,000","6,074,000","1,983,000","571,000","545,000","-13,821,000","-2,673,000","-1,901,000","-27,009,000","-2,890,000","-17,173,000","1,697,000","22,779,000","21,315,000","20,461,000","19,776,000","18,900,000","15,900,000","14,500,000","2,200,000","7,500,000","8,200,000","9,700,000","8,700,000","-300,000","7,700,000","8,500,000","7,000,000","6,400,000","5,100,000","5,300,000","4,400,000","5,100,000","4,200,000","4,600,000","3,300,000","4,600,000","3,000,000","3,900,000","2,500,000",,"1,100,000","1,800,000","1,800,000","300,000","200,000","500,000","900,000","400,000","1,300,000","1,500,000","1,000,000","1,100,000","1,500,000","3,200,000","1,600,000",,,,,,,,,,,,,,,,,,
TotalUnusualItemsExcludingGoodwill,"-1,918,000","-312,000","-1,136,000","-319,000","-151,000","-81,000","-414,000","-1,041,000","-135,000","-240,000","-2,159,000","-2,353,000","-828,000","-2,084,000","-1,696,000","-997,000","-1,172,000","-1,195,000","-1,207,000","-2,132,000","-728,000","-779,000","-924,000","-1,819,000","11,371,000","0","-9,335,000","-2,373,000","-2,118,000","-738,000","-1,135,000","-1,570,000","-2,733,000","-503,000","-1,700,000","-953,000","-7,243,000","-559,000","5,266,000","518,000","-4,180,000","575,000","-2,033,000","-65,000","49,000","1,130,000","-1,489,000","1,738,000","-337,000","-484,000","-127,000","-390,000","-25,000","-35,717,000","-1,342,000","-3,509,000","-455,000","597,000","-1,669,000","320,000","-232,000","357,000","303,000","1,077,000","-861,000","-1,834,000","2,192,000","625,000","-33,000","26,000","346,000","428,000","2,605,000","-118,000","-560,000","-4,265,000","-65,000","90,000","131,000","-18,193,000","706,000","-174,000","-25,072,000","-462,000","-14,160,000","-316,000","-341,000","1,273,000",,"-231,000","-200,000","-400,000",,"-11,700,000","100,000","200,000","400,000","1,400,000","-15,900,000","1,600,000","100,000","800,000","-400,000","500,000","600,000","900,000","300,000","700,000","500,000","500,000","600,000","400,000","200,000","200,000",,,,"200,000","800,000",,"900,000",,"600,000","300,000","300,000","2,000,000","-100,000","300,000","300,000","600,000",,,,,,,,,,,,,,,,,,
TotalUnusualItems,"-1,918,000","-312,000","-1,136,000","-319,000","-151,000","-81,000","-414,000","-1,041,000","-135,000","-240,000","-2,159,000","-2,353,000","-828,000","-2,084,000","-1,696,000","-997,000","-1,172,000","-1,195,000","-1,207,000","-2,132,000","-728,000","-779,000","-924,000","-1,819,000","11,371,000","0","-9,335,000","-2,373,000","-2,118,000","-738,000","-1,135,000","-1,570,000","-2,733,000","-503,000","-1,700,000","-953,000","-7,243,000","-559,000","5,266,000","518,000","-4,180,000","575,000","-2,033,000","-65,000","49,000","1,130,000","-1,489,000","1,738,000","-337,000","-484,000","-127,000","-390,000","-25,000","-35,717,000","-1,342,000","-3,509,000","-455,000","597,000","-1,669,000","320,000","-232,000","357,000","303,000","1,077,000","-861,000","-1,834,000","2,192,000","625,000","-33,000","26,000","346,000","428,000","2,605,000","-118,000","-560,000","-4,265,000","-65,000","90,000","131,000","-18,193,000","706,000","-174,000","-25,072,000","-462,000","-14,160,000","-316,000","-341,000","1,273,000",,"-231,000","-200,000","-400,000",,"-11,700,000","100,000","200,000","400,000","1,400,000","-15,900,000","1,600,000","100,000","800,000","-400,000","500,000","600,000","900,000","300,000","700,000","500,000","500,000","600,000","400,000","200,000","200,000",,,,"200,000","800,000",,"900,000",,"600,000","300,000","300,000","2,000,000","-100,000","300,000","300,000","600,000",,,,,,,,,,,,,,,,,,
NormalizedEBITDA,"-19,024,000","33,353,000","23,120,000","-82,267,000","6,770,000","22,225,000","27,280,000","22,810,000","13,548,000","13,613,000","22,480,000","16,484,000","23,239,000","22,754,000","25,218,000","21,229,000","18,792,000","22,523,000","8,099,000","22,252,000","20,369,000","18,396,000","18,233,000","19,551,000","16,721,000","16,806,000","13,596,000","58,000","17,658,000","14,395,000","14,704,000","18,383,000","17,110,000","14,389,000","10,743,000","17,515,000","14,575,000","10,118,000","13,185,000","12,411,000","14,175,000","7,171,000","14,182,000","12,523,000","9,862,000","10,356,000","11,895,000","12,288,000","12,303,000","10,751,000","12,909,000","10,725,000","8,429,000","5,191,000","9,657,000","16,119,000","22,247,000","13,973,000","20,175,000","16,082,000","16,042,000","10,363,000","11,892,000","13,379,000","17,408,000","19,718,000","20,184,000","14,756,000","17,155,000","12,493,000","15,823,000","11,067,000","14,772,000","12,287,000","16,047,000","16,340,000","13,081,000","11,316,000","12,799,000","30,604,000","9,444,000","11,630,000","29,233,000","13,434,000","20,835,000","19,732,000","47,059,000","41,685,000","42,363,000","41,147,000","38,900,000","44,200,000","34,600,000","34,100,000","13,800,000","17,300,000","19,200,000","16,200,000","37,200,000","13,700,000","17,500,000","13,500,000","14,100,000","10,500,000","10,800,000","9,000,000","11,200,000","8,800,000","9,600,000","7,600,000","9,100,000","6,900,000","8,400,000","6,300,000","6,000,000","8,400,000","6,100,000","5,600,000","2,200,000","3,500,000","2,700,000","4,900,000","3,000,000","4,800,000","5,200,000","1,200,000","5,200,000","5,200,000","7,200,000","4,600,000","-185,700,000","63,100,000","70,700,000","67,900,000","-193,600,000","66,800,000","71,400,000","72,200,000","-173,200,000","62,800,000","65,100,000","62,400,000","-176,700,000","62,000,000","58,300,000","59,700,000","-195,300,000","64,000,000"
TaxRateForCalcs,"0.327","0.214","0.379","0.289","0.27","0.189","0.228","0.222","0.176","0.364","0.216","0.27","0.251","0.2","0.27","0.289","0.377","0.245","0.4","0.311","0.284","0.306","0.269","0.4","0.347","0.343","0.4","0.312","0.4","0.302","0.205","0.319","0.34","0.35","0.287","0.344","0.35","0.35","0.306","0.201","0.269","0.006","0.188","0.218","0.179","0.224","0.162","0.261","0.188","0.22","0.35","0.207","0.35","0.028","0.35","0.35","0.22","0.22","0.234","0.21","0.21","0.21","0.082","0.244","0.238","0.25","0.386","0.23","0.4","0.23","0.23","0.23","0.222","0.25","0.25","0.4","0.25","0.25","0.25","0.25","0.25","0.25","0.25","0.25","0.25","0.25","0.28","0.28","0.28","0.28","0.305","0.3","0.306","0.333","0.235","0.305","0.331","0.351","0.4","0.369","0.37","0.369","0.366","0.37","0.369","0.371","0.4","0.373","0.352","0.327","0.4","0.362","0.304","0.306",,"0.4","0.357","0.308","0.4","0.333","0.4","0.308","0.4","0.278","0.286","0.286","0.267","0.211","0.22","0.2",,,,,,,,,,,,,,,,,,
TaxEffectOfUnusualItems,"-626,462.913","-66,768","-430,187.513","-92,191","-40,770","-15,309","-94,347.521","-231,102","-23,760","-87,360","-466,715.354","-635,310","-207,828","-416,800","-457,920","-288,133","-441,844","-292,775","-482,800","-663,052","-206,752","-238,374","-248,734.852","-727,600","3,945,737","0","-3,734,000","-740,376","-847,200","-222,876","-232,391.801","-500,830","-929,220","-176,050","-487,772.397","-327,832","-2,535,050","-195,650","1,610,756.995","104,257.289","-1,122,570.352","3,504.571","-381,786.685","-14,180.557","8,787.885","253,148.794","-241,234.637","453,996.795","-63,387.764","-106,495.335","-44,450","-80,910.86","-8,750","-1,002,985.632","-469,700","-1,228,150","-100,061.501","131,386.1","-391,039.049","67,178.915","-48,727.759","74,996.486","24,886.865","262,672.848","-204,940.644","-458,500","846,805.697","143,821.455","-13,200","5,981.359","79,586.038","98,426.551","579,443.63","-29,500","-140,026.601","-1,706,000","-16,250","22,470.434","32,795.048","-4,548,250","176,648.527","-43,465.667","-6,263,299.392","-115,470.023","-3,540,309.197","-79,034.909","-95,476.12","356,465.8","0","-64,682.018","-61,029.412","-119,823.789","0","-3,900,000","23,469.388","61,016.949","132,413.793","491,044.776","-6,360,000","590,163.934","37,037.037","295,495.495","-146,534.653","185,185.185","221,428.571","334,285.714","120,000","261,194.03","176,056.338","163,265.306","240,000","144,680.851","60,714.286","61,111.111",,"0","0","61,538.462","320,000","0","360,000","0","240,000","83,333.333","85,714.286","571,428.571","-26,666.667","63,157.895","65,853.659","120,000",,,,,,,,,,,,,,,,,,