name,ttm,03/31/2022,12/31/2021,09/30/2021,06/30/2021,03/31/2021,12/31/2020,09/30/2020,06/30/2020,03/31/2020,12/31/2019,09/30/2019,06/30/2019,03/31/2019,12/31/2018,09/30/2018,06/30/2018,03/31/2018,12/31/2017,09/30/2017,06/30/2017,03/31/2017,12/31/2016,09/30/2016,06/30/2016,03/31/2016,12/31/2015,09/30/2015,06/30/2015,03/31/2015,12/31/2014,09/30/2014,06/30/2014,03/31/2014,12/31/2013,09/30/2013,06/30/2013,03/31/2013,12/31/2012,09/30/2012,06/30/2012,03/31/2012,12/31/2011,09/30/2011,06/30/2011,03/31/2011,12/31/2010,09/30/2010,06/30/2010,03/31/2010,12/31/2009,09/30/2009,06/30/2009,03/31/2009,12/31/2008,09/30/2008,06/30/2008,03/31/2008,12/31/2007,09/30/2007,06/30/2007,03/31/2007,12/31/2006,09/30/2006,06/30/2006,03/31/2006,12/31/2005,09/30/2005,06/30/2005,03/31/2005,12/31/2004,09/30/2004,06/30/2004,03/31/2004,12/31/2003,09/30/2003
TotalRevenue,"872,288,000","238,565,000","221,912,000","212,564,000","199,247,000","188,841,000","178,787,000","172,511,000","163,798,000","164,081,000","165,506,000","166,547,000","159,017,000","152,845,000","153,882,000","153,370,000","147,815,000","142,877,000","143,482,000","143,865,000","138,559,000","133,037,000","132,546,000","132,096,000","126,526,000","118,871,000","114,992,000","115,970,000","109,871,000","103,688,000","100,267,000","97,092,000","92,337,000","87,267,000","81,958,000","82,832,000","82,302,000","78,457,000","75,011,000","74,134,000","69,324,000","67,199,000","63,648,000","60,445,000","59,404,000","57,541,000","52,145,000","57,012,000","54,757,000","53,123,000","52,931,000","54,859,000","57,012,000","57,676,000","58,454,000","60,720,000","60,407,000","60,063,000","59,417,000","58,306,000","56,308,000","55,532,000","55,105,000","56,406,000","52,440,000","48,128,000","43,319,000","41,303,000","33,784,000","29,715,000","27,596,000","22,281,000","28,194,000","20,524,000","20,850,000","20,681,000"
	OperatingRevenue,"872,288,000","238,565,000","221,912,000","212,564,000","199,247,000","188,841,000","178,787,000","172,511,000","163,798,000","164,081,000","165,506,000","166,547,000","159,017,000","152,845,000","153,882,000","153,370,000","147,815,000","142,877,000","143,482,000","143,865,000","138,559,000","133,037,000","132,546,000","132,096,000","126,526,000","118,871,000","114,992,000","115,970,000","109,871,000","103,688,000","100,267,000","97,092,000","92,337,000","87,267,000","81,958,000","82,832,000","82,302,000","78,457,000","75,011,000","74,134,000","69,324,000","67,199,000","41,917,000","60,445,000","59,404,000","57,541,000","33,505,000","57,012,000","54,757,000","53,123,000","52,931,000","54,859,000","57,012,000","57,676,000","58,454,000","60,720,000","60,407,000","60,189,000","59,628,000","58,410,000","56,399,000","55,641,000","55,499,000","56,499,000","52,599,000","49,054,000","45,661,000","41,352,000","33,814,000","29,715,000","27,529,000","22,348,000","28,194,000","20,524,000","20,850,000","20,681,000"
CostOfRevenue,"261,443,000","70,567,000","63,060,000","64,065,000","63,751,000","61,228,000","55,448,000","57,101,000","55,345,000","55,740,000","54,729,000","53,465,000","50,120,000","51,425,000","49,829,000","48,755,000","49,528,000","48,754,000","44,661,000","47,152,000","44,821,000","44,874,000","42,216,000","41,805,000","41,607,000","40,219,000","38,234,000","39,297,000","38,210,000","37,431,000","34,709,000","33,622,000","32,080,000","32,290,000","30,276,000","30,104,000","29,955,000","30,821,000","27,794,000","29,195,000","27,645,000","27,285,000","25,106,000","24,940,000","25,085,000","25,610,000","21,775,000","24,602,000","24,421,000","22,973,000","22,154,000","23,153,000","26,002,000","0",,,,"25,389,000",,,,,,,,,,,,,,,,,,
GrossProfit,"610,845,000","167,998,000","158,852,000","148,499,000","135,496,000","127,613,000","123,339,000","115,410,000","108,453,000","108,341,000","110,777,000","113,082,000","108,897,000","101,420,000","104,053,000","104,615,000","98,287,000","94,123,000","98,821,000","96,713,000","93,738,000","88,163,000","90,330,000","90,291,000","84,919,000","78,652,000","76,758,000","76,673,000","71,661,000","66,257,000","65,558,000","63,470,000","60,257,000","54,977,000","51,682,000","52,728,000","52,347,000","47,636,000","47,217,000","44,939,000","41,679,000","39,914,000","38,542,000","35,505,000","34,319,000","31,931,000","30,370,000","32,410,000","30,336,000","30,150,000","30,777,000","31,706,000","31,010,000","57,676,000",,,,"34,674,000",,,,,,,,,,,,,,,,,,
OperatingExpense,"312,214,000","97,082,000","81,467,000","67,966,000","65,699,000","64,726,000","49,080,000","48,277,000","49,436,000","51,203,000","50,665,000","53,390,000","50,463,000","47,589,000","48,946,000","45,019,000","43,387,000","43,710,000","43,078,000","44,199,000","45,536,000","47,613,000","47,873,000","49,892,000","49,339,000","47,584,000","44,146,000","45,746,000","45,200,000","45,068,000","43,919,000","39,086,000","37,546,000","34,684,000","33,456,000","35,821,000","36,756,000","37,445,000","37,977,000","36,634,000","33,752,000","32,207,000","27,704,000","21,518,000","22,786,000","21,603,000","20,785,000","22,154,000","23,207,000","22,246,000","23,208,000","23,450,000","24,326,000","48,667,000","35,264,000","38,253,000","52,214,000","25,445,000","52,590,000","47,477,000","44,817,000","46,032,000","47,321,000","45,760,000","41,105,000","39,118,000","38,328,000","29,216,000","23,987,000","21,842,000","23,639,000","14,386,000","-17,986,000","13,528,000","13,420,000","12,827,000"
	SellingGeneralAndAdministration,"51,418,000","14,525,000","13,238,000","12,095,000","11,560,000","10,916,000","11,322,000","10,193,000","9,543,000","10,365,000","9,602,000","10,011,000","9,800,000","9,147,000","10,847,000","9,780,000","8,341,000","8,744,000","8,223,000","8,228,000","8,800,000","9,494,000","8,639,000","8,065,000","7,891,000","8,228,000","7,082,000","7,002,000","7,114,000","7,173,000","7,330,000","7,464,000","7,059,000","6,569,000","7,109,000","7,326,000","7,515,000","7,613,000","6,549,000","6,860,000","6,278,000","6,444,000","6,343,000","5,476,000","6,841,000","6,031,000","6,098,000","6,597,000","6,844,000","5,868,000","5,911,000","5,556,000","5,626,000","29,931,000","7,151,000","5,849,000","6,469,000","5,495,000","4,893,000","5,291,000","5,766,000","5,989,000","4,955,000","7,362,000","4,405,000","5,566,000","8,582,000","3,686,000","3,229,000","3,025,000","829,000","1,185,000","1,892,000","0","1,110,000","1,142,000"
		GeneralAndAdministrativeExpense,"51,418,000","14,525,000","13,238,000","12,095,000","11,560,000","10,916,000","11,322,000","10,193,000","9,543,000","10,365,000","9,602,000","10,011,000","9,800,000","9,147,000","10,847,000","9,780,000","8,341,000","8,744,000","8,223,000","8,228,000","8,800,000","9,494,000","8,639,000","8,065,000","7,891,000","8,228,000","7,082,000","7,002,000","7,114,000","7,173,000","7,330,000","7,464,000","7,059,000","6,569,000","7,109,000","7,326,000","7,515,000","7,613,000","6,549,000",,,,,,,,,,,,,,,,,,"6,469,000","5,495,000","4,893,000","5,291,000","5,766,000","5,989,000","4,955,000","7,362,000","4,405,000","5,566,000","8,582,000","3,686,000","3,229,000","3,025,000",,,"1,892,000",,,
			SalariesAndWages,,,,,,,,,,,,,,,,,,,,,,,,,,,,,,,,,,,,,,,,,,,,,,,,,,,,,,,,,"6,469,000","5,495,000","5,230,000","5,291,000","5,766,000","5,989,000","4,955,000","7,362,000","4,405,000","5,566,000","8,582,000","3,686,000","3,229,000","3,025,000",,,"1,892,000",,,
			OtherGandA,"51,418,000","14,525,000","13,238,000","12,095,000","11,560,000","10,916,000","11,322,000","10,193,000","9,543,000","10,365,000","9,602,000","10,011,000","9,800,000","9,147,000","10,847,000","9,780,000","8,341,000","8,744,000","8,223,000","8,228,000","8,800,000","9,494,000","8,639,000","8,065,000","7,891,000","8,228,000","7,082,000","7,002,000","7,114,000","7,173,000","7,330,000","7,464,000","7,059,000","6,569,000","7,109,000","7,326,000","7,515,000","7,613,000","6,549,000",,,,,,,,,,,,,,,,,,,,,,,,,,,,,,,,,,,,,
	DepreciationAmortizationDepletionIncomeStatement,"260,796,000","82,557,000","68,229,000","55,871,000","54,139,000","53,810,000","37,758,000","38,084,000","39,893,000","40,838,000","41,063,000","43,379,000","40,663,000","38,442,000","38,099,000","35,239,000","35,046,000","34,966,000","34,855,000","35,971,000","36,736,000","38,119,000","39,234,000","41,827,000","41,448,000","39,356,000","37,064,000","38,744,000","38,086,000","37,895,000","36,589,000","31,622,000","30,487,000","28,115,000","26,347,000","28,495,000","29,241,000","29,832,000","31,428,000","29,774,000","27,474,000","25,763,000","21,361,000","16,042,000","15,945,000","15,572,000","14,687,000","15,557,000","16,363,000","16,378,000","17,297,000","17,894,000","18,700,000","18,736,000","18,634,000","19,416,000","20,251,000","19,950,000","19,717,000","17,068,000","16,722,000","16,767,000","17,918,000","16,405,000","15,734,000","14,672,000","12,316,000","10,868,000","8,744,000","8,021,000","7,019,000","5,322,000",,"4,728,000","4,739,000","4,816,000"
		DepreciationAndAmortizationInIncomeStatement,"260,796,000","82,557,000","68,229,000","55,871,000","54,139,000","53,810,000","37,758,000","38,084,000","39,893,000","40,838,000","41,063,000","43,379,000","40,663,000","38,442,000","38,099,000","35,239,000","35,046,000","34,966,000","34,855,000","35,971,000","36,736,000","38,119,000","39,234,000","41,827,000","41,448,000","39,356,000","37,064,000","38,744,000","38,086,000","37,895,000","36,589,000","31,622,000","30,487,000","28,115,000","26,347,000","28,495,000","29,241,000","29,832,000","31,428,000","29,774,000","27,474,000","25,763,000","21,361,000","16,042,000","15,945,000","15,572,000","14,687,000","15,557,000","16,363,000","16,378,000","17,297,000","17,894,000","18,700,000","18,736,000","18,634,000","19,416,000","20,251,000","19,950,000","19,717,000","17,068,000","16,722,000","16,767,000","17,918,000","16,405,000","15,734,000","14,672,000","12,316,000","10,868,000","8,744,000","8,021,000","7,019,000","5,322,000",,"4,728,000","4,739,000","4,816,000"
			DepreciationIncomeStatement,,,,,,,,,,,,,,,,,,,,,,,,,,,,,,,,,,,,,,,,,,,,,,,,,,,,,,,,,"20,251,000","19,950,000","19,717,000","17,068,000","16,722,000","16,767,000","17,918,000","16,405,000","15,734,000","14,672,000","12,316,000","10,868,000","8,744,000","8,021,000","7,019,000","5,322,000",,"4,728,000","4,739,000","4,816,000"
	OtherTaxes,,,,,,,,,,,,,,,,,,,,,,,,,,,,,,,,,,,,,,,,,,,,,,,,,,,,,,,,,,"-50,834,000","-54,356,000","-47,477,000","-44,817,000","-46,032,000","-46,377,000","-46,302,000","-41,654,000","-40,786,000","-37,140,000","-29,786,000","-24,372,000","-22,231,000",,"-17,321,000","-19,878,000",,,
	OtherOperatingExpenses,,,,,,,,,,,,,,,,,,,,,,,,,,,,,,,,,,,,,,,,,,,,,,,,,,,,,,,"9,479,000","12,988,000","25,494,000","50,834,000","82,336,000","72,595,000","67,146,000","69,308,000","70,825,000","68,295,000","62,620,000","59,666,000","54,570,000","44,448,000","36,386,000","33,027,000","-31,660,000","25,200,000",,"8,800,000","7,571,000","6,869,000"
OperatingIncome,"298,631,000","70,916,000","77,385,000","80,533,000","69,797,000","62,887,000","74,259,000","67,133,000","59,017,000","57,138,000","60,112,000","59,692,000","58,434,000","53,831,000","55,107,000","59,596,000","54,900,000","50,413,000","55,743,000","52,514,000","48,202,000","40,550,000","42,457,000","40,399,000","35,580,000","31,068,000","32,612,000","30,927,000","26,461,000","21,189,000","21,639,000","24,384,000","22,711,000","20,293,000","18,226,000","16,907,000","15,591,000","10,191,000","9,240,000","8,305,000","7,927,000","7,707,000","10,838,000","13,987,000","11,533,000","10,328,000","9,585,000","10,256,000","7,129,000","7,904,000","7,569,000","8,256,000","6,684,000","9,009,000","23,190,000","22,467,000","8,193,000","9,229,000","6,827,000","10,829,000","11,491,000","9,500,000","7,784,000","10,646,000","11,335,000","9,010,000","4,991,000","12,087,000","9,797,000","7,873,000","3,957,000","7,895,000","46,180,000","6,996,000","7,430,000","7,854,000"
NetNonOperatingInterestIncomeExpense,"-90,128,000","-23,781,000","-26,089,000","-20,134,000","-20,124,000","-20,269,000","-19,937,000","-19,737,000","-19,455,000","-19,435,000","-19,404,000","-18,894,000","-18,905,000","-18,141,000","-16,913,000","-15,769,000","-16,029,000","-15,734,000","-15,503,000","-15,031,000","-14,751,000","-14,305,000","-14,034,000","-13,442,000","-12,811,000","-12,689,000","-11,994,000","-10,936,000","-11,527,000","-11,603,000","-11,672,000","-12,338,000","-12,570,000","-12,412,000","-9,928,000","-10,531,000","-11,180,000","-10,843,000","-11,717,000","-11,791,000","-10,394,000","-10,092,000","-15,610,000","-9,550,000","-11,496,000","-9,740,000","-10,210,000","-11,188,000","-11,183,000","-11,055,000","-10,825,000","-12,347,000","-11,963,000","-11,792,000","-14,339,000","-12,752,000","-13,419,000",,,,,,,,,,,,,,,,,,,
	InterestIncomeNonOperating,,,,,,,,,,,,,,,,,,,,,,,,,,,,,,,,,,,,,,,,,,,,"7,000","5,000","9,000","5,000","19,000","62,000","535,000","432,000","150,000","55,000","44,000","27,000","34,000","32,000",,,,,,,,,,,,,,,,,,,
	InterestExpenseNonOperating,"82,038,000","22,824,000","20,980,000","19,122,000","19,112,000","19,234,000","19,523,000","18,984,000","18,702,000","18,681,000","18,667,000","18,207,000","18,134,000","17,517,000","16,335,000","15,191,000","15,451,000","15,155,000","14,924,000","14,454,000","13,975,000","13,599,000","13,328,000","12,787,000","12,200,000","12,084,000","11,412,000","10,399,000","10,868,000","11,057,000","11,132,000","11,772,000","12,027,000","11,871,000","9,379,000","9,995,000","10,683,000","10,367,000","11,023,000","11,092,000","10,394,000","10,092,000","21,798,000","8,464,000","11,501,000","9,749,000","10,215,000","11,207,000","11,245,000","11,590,000","11,257,000","12,497,000","12,018,000","11,836,000","14,366,000","12,786,000","13,451,000",,,,,,,,,,,,,,,,,,,
	TotalOtherFinanceCost,"8,090,000","957,000","5,109,000","1,012,000","1,012,000","1,035,000","414,000","753,000","753,000","754,000","737,000","687,000","771,000","624,000","578,000","578,000","578,000","579,000","579,000","577,000","776,000","706,000","706,000","655,000","611,000","605,000","582,000","537,000","659,000","546,000","540,000","566,000","543,000","541,000","549,000","536,000","497,000","476,000","694,000","699,000",,,,"1,093,000",,,,,,,,,,,,,,,,,,,,,,,,,,,,,,,,
OtherIncomeExpense,"17,261,000","-8,869,000","-4,733,000","30,170,000","693,000","697,000","-11,364,000","8,000","-630,000","614,000","1,802,000","1,799,000","10,349,000","96,000","10,442,000","-525,000","-120,000","120,000","-382,000","226,000","-613,000","-1,039,000","-1,376,000","-1,866,000","-2,386,000","-2,524,000","17,123,000","-1,371,000","-1,061,000","-1,064,000","-4,425,000","-3,455,000","-2,148,000","-3,641,000","-2,891,000","-492,000","-1,835,000","-188,000","-428,000","5,378,000","-630,000","-873,000","-3,334,000","-397,000","-344,000","-112,000","-387,000","-232,000","-335,000","-41,000","-20,000",,"-1,000","-12,000","-13,017,000","-13,223,000","71,000",,,"-1,316,000",,"-6,000","-63,000","-320,000","-102,000","-1,626,000","33,402,000","-521,000","14,639,000","12,003,000",,,,"7,651,000",,
	GainOnSaleOfSecurity,,,"3,883,000","28,815,000",,,,,,,,,,,,,,,,,,,,,,,"17,567,000",,,,"0",,"475,000",,,,,,,"7,023,000",,,,,,,,,,,,,,,,,,,,,,,,,,,,,,,,,,,,
	EarningsFromEquityInterest,"25,549,000","294,000","24,123,000","816,000","316,000","20,000","394,000","-37,000","-174,000","-5,000","182,000","152,000","10,527,000","261,000","-80,000","-292,000","-309,000","-184,000","-81,000","-280,000","-253,000","-772,000","-845,000","-581,000","-724,000","-512,000","-212,000","139,000","-100,000","-238,000","-1,297,000","-1,860,000","-1,729,000","-1,369,000","-1,151,000","0","0","0","7,023,000","-284,000","-210,000","-251,000","-257,000","-24,000",,,,,,,,,,,,,,,,,,,,,,,,,,,,,,,,
	SpecialIncomeCharges,,,,,,,,,,,,,,,"0","0","0","0","-232,000","-235,000","-668,000","-159,000","-759,000","-888,000","-2,563,000","-2,342,000","-816,000","-1,222,000","-753,000","-510,000","-3,826,000","-1,258,000","-721,000","-1,679,000","-2,030,000","-470,000","-1,648,000","-115,000","-684,000","-1,361,000","-420,000","-622,000","-3,077,000","-373,000","-344,000","-112,000","-387,000","-232,000","-335,000","-41,000","-20,000","0","-1,000","-12,000","-13,017,000","-13,223,000","71,000",,,"-1,316,000",,"-6,000","-63,000","-320,000","-102,000","-1,626,000","33,402,000","-521,000","14,639,000","12,003,000",,,,"7,651,000",,
		RestructuringAndMergernAcquisition,,,,,,,,,,,,,,,"0","0","0","0","232,000","235,000","668,000","159,000","759,000","888,000","2,563,000","2,342,000","816,000","1,222,000","753,000","510,000","3,826,000","1,258,000","721,000","1,679,000","1,616,000","470,000","1,648,000","115,000","696,000","1,527,000","313,000","551,000","3,194,000","374,000","146,000","109,000",,,,,,,,,,,,,,,,,,,,,,,,,,,,,,
		OtherSpecialCharges,,,,,,,,,,,,,,,,,,,,,,,,,,,,,,,,,,,,,,,,"-166,000","107,000","71,000","-117,000","-1,000","198,000","3,000",,,,,,,,,,,,,,,,,,,,,,,,,,,,,,
		GainOnSaleOfPPE,,,,,,,,,,,,,,,,,,,,,,,,,,,"17,567,000",,,,"0","0","475,000",,,,,,,,,,,,,,,,,,,,,,,,,,,,,,,,,,,,,,,,,,,
	OtherNonOperatingIncomeExpenses,"-20,658,000","-9,163,000","-12,411,000","539,000","377,000","677,000","-448,000","45,000","-456,000","619,000","112,000","1,647,000","-178,000","-165,000","-54,000","-233,000","189,000","304,000","-69,000","741,000","308,000","-108,000","228,000","-397,000","901,000","330,000","584,000","-288,000","-208,000","-316,000","698,000","-337,000","-173,000","-593,000","290,000","-22,000","-187,000","-73,000","268,000",,,,,,,,,,,,,,,,,,,,,,,,,,,,,,,,,,,,,
PretaxIncome,"225,764,000","38,266,000","46,563,000","90,569,000","50,366,000","43,315,000","42,958,000","47,404,000","38,932,000","38,317,000","42,510,000","42,597,000","49,878,000","35,786,000","48,636,000","43,302,000","38,751,000","34,799,000","39,858,000","37,709,000","32,838,000","25,206,000","27,047,000","25,091,000","20,383,000","15,855,000","37,741,000","18,620,000","13,873,000","8,522,000","5,542,000","8,591,000","7,993,000","4,240,000","5,407,000","5,884,000","2,576,000","-840,000","-2,905,000","1,892,000","-3,097,000","-3,258,000","-8,106,000","4,040,000","-307,000","476,000",,,,,,,,,,,,,,,,,,,,,,,,,,,,,,
NetIncomeCommonStockholders,"219,905,000","38,155,000","45,348,000","87,650,000","48,752,000","41,732,000","42,329,000","46,891,000","38,505,000","37,896,000","42,045,000","42,154,000","49,420,000","35,498,000","48,156,000","42,900,000","38,410,000","34,423,000","39,547,000","37,297,000","32,458,000","24,986,000","23,371,000","23,382,000","18,922,000","14,248,000","35,614,000","16,936,000","12,222,000","6,932,000","3,981,000","6,978,000","6,384,000","3,028,000","21,446,000","14,840,000","1,048,000","-1,894,000","-21,000","134,000","1,041,000","-5,345,000","-9,229,000","6,828,000","902,000","-117,000","2,083,000","-1,480,000","-4,521,000","-3,475,000","-2,802,000","6,818,000","-2,844,000","-2,109,000","2,490,000","4,020,000","263,000","-3,984,000","-5,877,000","-4,130,000","295,000","-3,358,000","-5,818,000","-1,941,000","-30,000","-1,587,000","-2,709,000","1,665,000","2,204,000","1,617,000","-31,937,000","-2,271,000","2,193,000","3,084,000","5,270,000","4,918,000"
	NetIncome,"219,905,000","38,155,000","45,348,000","87,650,000","48,752,000","41,732,000","42,329,000","46,891,000","38,505,000","37,896,000","42,045,000","42,154,000","49,420,000","35,498,000","48,156,000","42,900,000","38,410,000","34,423,000","39,547,000","37,297,000","32,458,000","24,986,000","26,847,000","24,884,000","20,424,000","15,750,000","37,116,000","18,438,000","13,724,000","8,434,000","5,483,000","8,480,000","7,886,000","4,530,000","22,948,000","16,342,000","2,550,000","-392,000","1,481,000","1,636,000","2,543,000","-3,843,000","-8,011,000","6,828,000","902,000","-117,000","2,083,000","-1,480,000","-4,521,000","-3,475,000","-2,802,000","6,818,000","-2,844,000","-2,109,000","2,490,000","4,020,000","263,000","-3,984,000","-5,877,000","-4,130,000","295,000","-3,358,000","-5,818,000","-1,941,000","-30,000","-1,587,000","-2,709,000","1,665,000","2,204,000","1,617,000","-31,937,000","-2,271,000","2,193,000","3,084,000","5,270,000","4,918,000"
		NetIncomeIncludingNoncontrollingInterests,"225,764,000","38,266,000","46,563,000","90,569,000","50,366,000","43,315,000","42,958,000","47,404,000","38,932,000","38,317,000","42,510,000","42,597,000","49,878,000","35,786,000","48,636,000","43,302,000","38,751,000","34,799,000","39,858,000","37,709,000","32,838,000","25,206,000","27,047,000","25,091,000","20,383,000","15,855,000","37,741,000","18,620,000","13,873,000","8,522,000","5,542,000","8,591,000","7,993,000","4,576,000","23,253,000","16,601,000","2,568,000","-428,000","1,480,000","2,051,000","3,355,000","-3,258,000","-7,545,000","7,928,000","1,588,000","476,000","2,677,000","-1,115,000","-4,389,000","-3,192,000","-2,463,000","7,503,000","-3,086,000","-2,286,000","2,211,000","3,736,000","-144,000","-4,381,000","-6,440,000","-4,494,000","146,000","-3,662,000","-6,342,000","-2,117,000","-32,000","-1,732,000","-2,861,000","1,860,000","2,300,000","1,677,000","-32,835,000","-2,271,000","2,120,000","3,084,000","5,270,000","4,918,000"
			NetIncomeContinuousOperations,"225,764,000","38,266,000","46,563,000","90,569,000","50,366,000","43,315,000","42,958,000","47,404,000","38,932,000","38,317,000","42,510,000","42,597,000","49,878,000","35,786,000","48,636,000","43,302,000","38,751,000","34,799,000","39,858,000","37,709,000","32,838,000","25,206,000","27,047,000","25,091,000","20,383,000","15,855,000","37,741,000","18,620,000","13,873,000","8,522,000","5,542,000","8,591,000","7,993,000","4,240,000","5,407,000","5,884,000","2,576,000","-840,000","-2,905,000","1,892,000","-3,097,000","-3,258,000","-8,106,000","4,040,000","-307,000","476,000","-1,012,000","-1,164,000","-4,389,000","-3,192,000","-3,276,000","-4,091,000","-5,280,000","-2,795,000","-3,887,000","-3,224,000","-4,748,000","-4,545,000","-6,225,000","-4,130,000","-1,669,000","-3,358,000","-5,818,000","-1,941,000","-30,000","-1,587,000","-2,920,000","1,665,000","2,204,000","1,617,000","-31,937,000","-2,271,000","2,193,000","3,084,000","3,564,000","3,578,000"
			NetIncomeDiscontinuousOperations,,,,,,,,,,,,,,,,,,,,,,,,,,,,,,,"0","0","0","336,000","17,846,000","10,717,000","-8,000","412,000","4,385,000","159,000","6,452,000","0","561,000","3,888,000","1,895,000","0","3,689,000","49,000","0","0","813,000","11,594,000","2,194,000","509,000","6,377,000","7,244,000","5,011,000","561,000","348,000","0","1,964,000",,,,,,,,,,"0","0",,,"1,706,000","1,340,000"
		MinorityInterests,"-5,859,000","-111,000","-1,215,000","-2,919,000","-1,614,000","-1,583,000","-629,000","-513,000","-427,000","-421,000","-465,000","-443,000","-458,000","-288,000","-480,000","-402,000","-341,000","-376,000","-311,000","-412,000","-380,000","-220,000","-200,000","-207,000","41,000","-105,000","-625,000","-182,000","-149,000","-88,000","-59,000","-111,000","-107,000","-46,000","-305,000","-259,000","-18,000","36,000","1,000","-415,000","-812,000","-585,000","-466,000","-1,100,000","-686,000","-593,000","-594,000","-365,000","-132,000","-283,000","-339,000","-685,000","242,000","177,000","279,000","284,000","407,000","397,000","563,000","364,000","149,000","304,000","524,000","176,000","2,000","145,000","152,000","-195,000","-96,000","-60,000",,,"73,000","0",,
	PreferredStockDividends,,,,,,,,,,,,,,,,,,,,,,,"539,000","1,502,000","1,502,000","1,502,000","1,502,000","1,502,000","1,502,000","1,502,000","1,502,000","1,502,000","1,502,000","1,502,000","1,502,000","1,502,000","1,502,000","1,502,000","1,502,000","1,502,000","1,502,000","1,502,000",,,,,,,,,,,,,,,,,,,,,,,,,,,,,,,,,,
	OtherunderPreferredStockDividend,,,,,,,,,,,,,,,,,,,"0",,,,"2,937,000",,,,,,,,,,,,,,,,,,,,,,,,,,,,,,,,,,,,,,,,,,,,,,,,,,,,,
DilutedNIAvailtoComStockholders,"219,905,000","38,155,000","45,348,000","87,650,000","48,752,000","41,732,000","42,329,000","46,891,000","38,505,000","37,896,000","42,045,000","42,154,000","49,420,000","35,498,000","48,156,000","42,900,000","38,410,000","34,423,000","39,547,000","37,297,000","32,458,000","24,986,000","23,371,000","23,382,000","18,922,000","14,248,000","35,614,000","16,936,000","12,222,000","6,932,000","3,981,000","6,978,000","6,384,000","3,028,000","21,446,000","14,840,000","1,048,000","-1,894,000","-21,000","134,000","1,041,000","-5,345,000","-9,229,000","6,828,000","902,000","-117,000","2,083,000","-1,480,000","-4,521,000","-3,475,000","-2,802,000","6,818,000","-2,844,000","-2,109,000","2,490,000","4,020,000","263,000","-3,984,000","-5,877,000","-4,130,000","295,000","-3,358,000","-5,818,000","-1,941,000","-30,000","-1,587,000","-2,709,000","1,665,000","2,204,000","1,617,000","-31,937,000","-2,271,000","2,193,000","3,084,000","5,270,000","4,918,000"
BasicEPS,,"0.17",,"0.43","0.24","0.21",,"0.24","0.2","0.2",,"0.22","0.26","0.19",,"0.23","0.21","0.19","0.22","0.21","0.18","0.14","0.13","0.13","0.11","0.08","0.21","0.1","0.07","0.04",,"0.05","0.04","0.02",,"0.11","0.01","-0.01","0","0","0.01","-0.04",,"0.07","0.01","0",,"-0.02","-0.05","-0.04",,"0.09","-0.05","-0.03",,"0.07","0.01","-0.07",,"-0.07","0","-0.06",,"-0.03","0","-0.03",,"0.04","0.06","0.04",,"-0.061","0.065","0.091",,"0.146"
DilutedEPS,,"0.17",,"0.43","0.24","0.21",,"0.24","0.2","0.2",,"0.22","0.26","0.19",,"0.23","0.21","0.19","0.22","0.21","0.18","0.14","0.13","0.13","0.11","0.08","0.2","0.1","0.07","0.04",,"0.05","0.04","0.02",,"0.11","0.01","-0.01","0","0","0.01","-0.04",,"0.07","0.01","0",,"-0.02","-0.05","-0.04",,"0.09","-0.05","-0.03",,"0.07","0.01","-0.07",,"-0.07","0","-0.06",,"-0.03","0","-0.03",,"0.04","0.06","0.04",,"-0.061","0.065","0.091",,"0.146"
BasicAverageShares,,"224,663,000",,"202,194,000","201,414,000","199,160,000",,"193,745,000","193,629,000","193,582,000",,"192,927,000","189,667,000","187,253,000",,"186,074,000","183,718,000","182,274,000","181,437,000","180,304,000","180,183,000","180,165,000","180,053,000","179,223,000","177,880,000","175,798,000","172,984,000","169,304,000","166,683,000","165,502,000",,"149,758,000","144,679,000","140,219,000",,"135,365,000","133,677,000","132,951,000","129,111,000","124,169,000","122,599,000","122,266,000",,"98,895,000","98,844,000","98,769,000",,"93,724,000","92,925,000","92,834,000",,"75,248,000","58,165,000","57,687,000",,"57,635,000","57,620,000","57,593,000",,"57,537,000","57,438,000","57,421,000",,"57,351,000","57,325,000","57,257,000",,"37,492,000","37,477,920","37,477,920",,"33,742,037","33,742,037","33,742,037",,"33,742,037"
DilutedAverageShares,,"225,737,000",,"203,797,000","202,809,000","200,233,000",,"194,539,000","194,192,000","194,264,000",,"193,817,000","190,543,000","187,984,000",,"186,916,000","184,523,000","183,222,000","182,432,000","181,286,000","181,189,000","181,265,000","181,232,000","180,478,000","179,221,000","177,261,000","174,679,000","170,901,000","168,224,000","167,165,000",,"152,006,000","146,999,000","142,774,000",,"138,106,000","136,329,000","132,951,000","129,111,000","125,976,000","122,599,000","122,266,000",,"100,284,000","98,844,000","98,769,000",,"93,724,000","92,925,000","92,834,000",,"75,248,000","58,165,000","57,687,000",,"57,635,000","57,620,000","57,593,000",,"57,537,000","57,438,000","57,421,000",,"57,351,000","57,325,000","57,257,000",,"37,634,000","37,519,841","37,483,309",,"33,742,037","33,742,037","33,742,037",,"33,742,037"
TotalOperatingIncomeAsReported,,,,,,,,,,,,,,,,"59,596,000","54,900,000","50,413,000","55,511,000","52,279,000","47,534,000","40,391,000","41,698,000","39,511,000","33,017,000","28,726,000","31,796,000","29,705,000","25,708,000","20,679,000","17,813,000","23,126,000","22,711,000","20,293,000","18,226,000","16,907,000","15,591,000","10,191,000","9,240,000","8,305,000","7,927,000","7,707,000","10,838,000","13,987,000","11,533,000","10,328,000","9,585,000","10,256,000","7,129,000","7,904,000","7,569,000","8,256,000","6,684,000","9,009,000","8,824,000","9,681,000","8,193,000","9,229,000","8,143,000","9,513,000","11,491,000","9,500,000","7,457,000","10,339,000","11,335,000","9,010,000","4,898,000","12,087,000","9,797,000","7,873,000","3,957,000","7,895,000",,"6,996,000","7,217,000","7,906,000"
TotalExpenses,"573,657,000","167,649,000","144,527,000","132,031,000","129,450,000","125,954,000","104,528,000","105,378,000","104,781,000","106,943,000","105,394,000","106,855,000","100,583,000","99,014,000","98,775,000","93,774,000","92,915,000","92,464,000","87,739,000","91,351,000","90,357,000","92,487,000","90,089,000","91,697,000","90,946,000","87,803,000","82,380,000","85,043,000","83,410,000","82,499,000","78,628,000","72,708,000","69,626,000","66,974,000","63,732,000","65,925,000","66,711,000","68,266,000","65,771,000","65,829,000","61,397,000","59,492,000","52,810,000","46,458,000","47,871,000","47,213,000","42,560,000","46,756,000","47,628,000","45,219,000","45,362,000","46,603,000","50,328,000","48,667,000","35,264,000","38,253,000","52,214,000","50,834,000","52,590,000","47,477,000","44,817,000","46,032,000","47,321,000","45,760,000","41,105,000","39,118,000","38,328,000","29,216,000","23,987,000","21,842,000","23,639,000","14,386,000","-17,986,000","13,528,000","13,420,000","12,827,000"
NetIncomeFromContinuingAndDiscontinuedOperation,"219,905,000","38,155,000","45,348,000","87,650,000","48,752,000","41,732,000","42,329,000","46,891,000","38,505,000","37,896,000","42,045,000","42,154,000","49,420,000","35,498,000","48,156,000","42,900,000","38,410,000","34,423,000","39,547,000","37,297,000","32,458,000","24,986,000","26,847,000","24,884,000","20,424,000","15,750,000","37,116,000","18,438,000","13,724,000","8,434,000","5,483,000","8,480,000","7,886,000","4,530,000","22,948,000","16,342,000","2,550,000","-392,000","1,481,000","1,636,000","2,543,000","-3,843,000","-8,011,000","6,828,000","902,000","-117,000","2,083,000","-1,480,000","-4,521,000","-3,475,000","-2,802,000","6,818,000","-2,844,000","-2,109,000","2,490,000","4,020,000","263,000","-3,984,000","-5,877,000","-4,130,000","295,000","-3,358,000","-5,818,000","-1,941,000","-30,000","-1,587,000","-2,709,000","1,665,000","2,204,000","1,617,000","-31,937,000","-2,271,000","2,193,000","3,084,000","5,270,000","4,918,000"
NormalizedIncome,"212,483,000","38,155,000","57,352,850","66,615,050","48,752,000","41,732,000","42,329,000","46,891,000","38,505,000","37,896,000","42,045,000","42,154,000","49,420,000","35,498,000","40,435,520","42,900,000","38,410,000","34,423,000","39,686,200","37,438,000","32,858,800","25,081,400","27,302,400","25,416,800","21,961,800","17,155,200","27,065,400","19,171,200","14,175,800","8,740,000","7,969,900","9,297,700","8,045,900","5,285,350","6,421,500","5,930,500","3,629,200","-689,000","4,803,000","-2,203,300","-3,489,000","-3,221,000","-5,495,000","3,182,450","-649,000","-44,200","-1,354,450","-1,378,200","-4,303,250","-3,448,350","-3,602,000","-4,776,000","-5,037,350","-2,610,200","4,574,050","5,370,950","-4,794,150","-4,545,000","-6,225,000","-3,274,600","-1,669,000","-3,354,100","-5,780,200","-1,749,000","31,200","-611,400","-22,961,200","1,977,600","-6,579,400","-5,584,800","-31,937,000","-2,271,000","2,193,000","-1,506,600","3,564,000","3,578,000"
InterestIncome,,,,,,,,,,,,,,,,,,,,,,,,,,,,,,,,,,,,,,,,,,,,"7,000","5,000","9,000","5,000","19,000","62,000","535,000","432,000","150,000","55,000","44,000","27,000","34,000","32,000",,,,,,,,,,,,,,,,,,,
InterestExpense,"82,038,000","22,824,000","20,980,000","19,122,000","19,112,000","19,234,000","19,523,000","18,984,000","18,702,000","18,681,000","18,667,000","18,207,000","18,134,000","17,517,000","16,335,000","15,191,000","15,451,000","15,155,000","14,924,000","14,454,000","13,975,000","13,599,000","13,328,000","12,787,000","12,200,000","12,084,000","11,412,000","10,399,000","10,868,000","11,057,000","11,132,000","11,772,000","12,027,000","11,871,000","9,379,000","9,995,000","10,683,000","10,367,000","11,023,000","11,092,000","10,394,000","10,092,000","21,798,000","8,464,000","11,501,000","9,749,000","10,215,000","11,207,000","11,245,000","11,590,000","11,257,000","12,497,000","12,018,000","11,836,000","14,366,000","12,786,000","13,451,000",,,,,,,,,,,,,,,,,,,
NetInterestIncome,"-90,128,000","-23,781,000","-26,089,000","-20,134,000","-20,124,000","-20,269,000","-19,937,000","-19,737,000","-19,455,000","-19,435,000","-19,404,000","-18,894,000","-18,905,000","-18,141,000","-16,913,000","-15,769,000","-16,029,000","-15,734,000","-15,503,000","-15,031,000","-14,751,000","-14,305,000","-14,034,000","-13,442,000","-12,811,000","-12,689,000","-11,994,000","-10,936,000","-11,527,000","-11,603,000","-11,672,000","-12,338,000","-12,570,000","-12,412,000","-9,928,000","-10,531,000","-11,180,000","-10,843,000","-11,717,000","-11,791,000","-10,394,000","-10,092,000","-15,610,000","-9,550,000","-11,496,000","-9,740,000","-10,210,000","-11,188,000","-11,183,000","-11,055,000","-10,825,000","-12,347,000","-11,963,000","-11,792,000","-14,339,000","-12,752,000","-13,419,000",,,,,,,,,,,,,,,,,,,
EBIT,"307,802,000","61,090,000","67,543,000","109,691,000","69,478,000","62,549,000","62,481,000","66,388,000","57,634,000","56,998,000","61,177,000","60,804,000","68,012,000","53,303,000","64,971,000","58,493,000","54,202,000","49,954,000","54,782,000","52,163,000","46,813,000","38,805,000","40,375,000","37,878,000","32,583,000","27,939,000","49,153,000","29,019,000","24,741,000","19,579,000","16,674,000","20,363,000","20,020,000","16,111,000","14,786,000","15,879,000","13,259,000","9,527,000","8,118,000","12,984,000","7,297,000","6,834,000","13,692,000","12,504,000","11,194,000","10,225,000","9,212,000","10,256,000","7,129,000","7,904,000","7,569,000","8,256,000","6,684,000","9,009,000","23,190,000","22,467,000","8,193,000","9,229,000","6,827,000","10,829,000","11,491,000","9,500,000","7,784,000","10,646,000","11,335,000","9,010,000","4,991,000","12,087,000","9,797,000","7,873,000","3,957,000","7,895,000","46,180,000","6,996,000","7,430,000","7,854,000"
EBITDA,"576,688,000"
ReconciledCostOfRevenue,"253,353,000","69,610,000","57,951,000","63,053,000","62,739,000","60,193,000","55,034,000","56,348,000","54,592,000","54,986,000","53,992,000","52,778,000","49,349,000","50,801,000","49,251,000","48,177,000","48,950,000","48,175,000","44,082,000","46,575,000","44,045,000","44,168,000","41,510,000","41,150,000","40,996,000","39,614,000","37,652,000","38,760,000","37,551,000","36,885,000","34,169,000","33,056,000","31,537,000","31,749,000","29,362,000","28,889,000","29,458,000","30,288,000","26,561,000","28,354,000","27,308,000","25,562,000","24,156,000","24,022,000","23,807,000","23,974,000","18,648,000","23,003,000","22,821,000","21,434,000","21,232,000","21,861,000","25,418,000","0",,,,"24,873,000",,,,,,,,,,,,,,,,,,
ReconciledDepreciation,"268,886,000","83,514,000","73,338,000","56,883,000","55,151,000","54,845,000","38,172,000","38,837,000","40,646,000","41,592,000","41,800,000","44,066,000","41,434,000","39,066,000","38,677,000","35,817,000","35,624,000","35,545,000","35,434,000","36,548,000","37,512,000","38,825,000","39,940,000","42,482,000","42,059,000","39,961,000","37,646,000","39,281,000","38,745,000","38,441,000","37,129,000","32,188,000","31,030,000","28,656,000","27,261,000","29,710,000","29,738,000","30,365,000","32,661,000","30,615,000","27,811,000","27,486,000","22,311,000","16,960,000","17,223,000","17,208,000","17,814,000","17,156,000","17,963,000","17,917,000","18,219,000","19,186,000","19,284,000","19,219,000","18,735,000","20,270,000","20,661,000","20,466,000","20,590,000","17,316,000","17,100,000","17,212,000","18,411,000","17,068,000","16,181,000","15,067,000","12,941,000","11,438,000","9,129,000","8,394,000","7,833,000","8,257,000","7,304,000","4,901,000","5,118,000","4,816,000"
NetIncomeFromContinuingOperationNetMinorityInterest,"219,905,000","38,155,000","45,348,000","87,650,000","48,752,000","41,732,000","42,329,000","46,891,000","38,505,000","37,896,000","42,045,000","42,154,000","49,420,000","35,498,000","48,156,000","42,900,000","38,410,000","34,423,000","39,547,000","37,297,000","32,458,000","24,986,000","26,847,000","24,884,000","20,424,000","15,750,000","37,116,000","18,438,000","13,724,000","8,434,000","5,483,000","8,480,000","7,886,000","4,194,000","5,102,000","5,625,000","2,558,000","-804,000","-2,904,000","1,477,000","-3,909,000","-3,843,000","-8,572,000","2,940,000","-993,000","-117,000","-1,606,000","-1,529,000","-4,521,000","-3,475,000","-3,615,000","-4,776,000","-5,038,000","-2,618,000","-3,887,000","-3,224,000","-4,748,000","-4,545,000","-6,225,000","-4,130,000","-1,669,000","-3,358,000","-5,818,000","-1,941,000","-30,000","-1,587,000","-2,920,000","1,665,000","2,204,000","1,617,000","-31,937,000","-2,271,000","2,193,000","3,084,000","3,564,000","3,578,000"
TotalUnusualItemsExcludingGoodwill,"12,370,000",,"-16,445,000","28,815,000",,,,,,,,,,,"10,576,000","0","0","0","-232,000","-235,000","-668,000","-159,000","-759,000","-888,000","-2,563,000","-2,342,000","16,751,000","-1,222,000","-753,000","-510,000","-3,826,000","-1,258,000","-246,000","-1,679,000","-2,030,000","-470,000","-1,648,000","-115,000","-7,707,000","5,662,000","-420,000","-622,000","-3,077,000","-373,000","-344,000","-112,000","-387,000","-232,000","-335,000","-41,000","-20,000","0","-1,000","-12,000","-13,017,000","-13,223,000","71,000",,,"-1,316,000",,"-6,000","-63,000","-320,000","-102,000","-1,626,000","33,402,000","-521,000","14,639,000","12,003,000",,,,"7,651,000",,
TotalUnusualItems,"12,370,000",,"-16,445,000","28,815,000",,,,,,,,,,,"10,576,000","0","0","0","-232,000","-235,000","-668,000","-159,000","-759,000","-888,000","-2,563,000","-2,342,000","16,751,000","-1,222,000","-753,000","-510,000","-3,826,000","-1,258,000","-246,000","-1,679,000","-2,030,000","-470,000","-1,648,000","-115,000","-7,707,000","5,662,000","-420,000","-622,000","-3,077,000","-373,000","-344,000","-112,000","-387,000","-232,000","-335,000","-41,000","-20,000","0","-1,000","-12,000","-13,017,000","-13,223,000","71,000",,,"-1,316,000",,"-6,000","-63,000","-320,000","-102,000","-1,626,000","33,402,000","-521,000","14,639,000","12,003,000",,,,"7,651,000",,
NormalizedEBITDA,"564,318,000","144,604,000","157,326,000","137,759,000","124,629,000","117,394,000","100,653,000","105,225,000","98,280,000","98,590,000","102,977,000","104,870,000","109,446,000","92,369,000","93,072,000","94,310,000","89,826,000","85,499,000","90,448,000","88,946,000","84,993,000","77,789,000","81,074,000","81,248,000","77,205,000","70,242,000","70,048,000","69,522,000","64,239,000","58,530,000","57,629,000","53,809,000","51,296,000","46,446,000","44,077,000","46,059,000","44,645,000","40,007,000","48,486,000","37,937,000","35,528,000","34,942,000","39,080,000","29,837,000","28,761,000","27,545,000","27,413,000","27,644,000","25,427,000","25,862,000","25,808,000","27,442,000","25,969,000","28,240,000","54,942,000","55,960,000","28,783,000","29,695,000","27,417,000","29,461,000","28,591,000","26,718,000","26,258,000","28,034,000","27,618,000","25,703,000","-15,470,000","24,046,000","4,287,000","4,264,000","11,790,000","16,152,000","53,484,000","4,246,000","12,548,000","12,670,000"
TaxRateForCalcs,"0.4","0.4","0.27","0.27","0.27","0.27","0.27","0.27","0.27","0.27","0.27","0.27","0.27","0.27","0.27","0.27","0.27","0.27","0.4","0.4","0.4","0.4","0.4","0.4","0.4","0.4","0.4","0.4","0.4","0.4","0.35","0.35","0.35","0.35","0.35","0.35","0.35","0","0","0.35","0","0","0","0.35","0","0.35","0.35","0.35","0.35","0.35","0.35","0.35","0.35","0.35","0.35","0.35","0.35","0.35","0.35","0.35","0.35","0.35","0.4","0.4","0.4","0.4","0.4","0.4","0.4","0.4","0.4","0.4","0.4","0.4","0.4","0.4"
TaxEffectOfUnusualItems,"4,948,000","0","-4,440,150","7,780,050","0","0","0","0","0","0","0","0","0","0","2,855,520","0","0","0","-92,800","-94,000","-267,200","-63,600","-303,600","-355,200","-1,025,200","-936,800","6,700,400","-488,800","-301,200","-204,000","-1,339,100","-440,300","-86,100","-587,650","-710,500","-164,500","-576,800","0","0","1,981,700","0","0","0","-130,550","0","-39,200","-135,450","-81,200","-117,250","-14,350","-7,000","0","-350","-4,200","-4,555,950","-4,628,050","24,850","0","0","-460,600","0","-2,100","-25,200","-128,000","-40,800","-650,400","13,360,800","-208,400","5,855,600","4,801,200","0","0","0","3,060,400","0","0"