name,ttm,03/31/2022,12/31/2021,09/30/2021,06/30/2021,03/31/2021,12/31/2020,09/30/2020,06/30/2020,03/31/2020,12/31/2019,09/30/2019,06/30/2019,03/31/2019,12/31/2018,09/30/2018,06/30/2018,03/31/2018,12/31/2017,09/30/2017,06/30/2017,03/31/2017,12/31/2016,09/30/2016,06/30/2016,03/31/2016,12/31/2015,09/30/2015,06/30/2015,03/31/2015,12/31/2014,09/30/2014,06/30/2014,03/31/2014,12/31/2013,09/30/2013,06/30/2013,03/31/2013,12/31/2012,09/30/2012,06/30/2012,03/31/2012,12/31/2011,09/30/2011,06/30/2011,03/31/2011,12/31/2010,09/30/2010,06/30/2010,03/31/2010,12/31/2009,09/30/2009,06/30/2009,03/31/2009,12/31/2008,09/30/2008,06/30/2008,03/31/2008,12/31/2007,09/30/2007,06/30/2007,03/31/2007,12/31/2006,09/30/2006,06/30/2006,03/31/2006,12/31/2005,09/30/2005,06/30/2005,03/31/2005,12/31/2004,09/30/2004,06/30/2004,03/31/2004,12/31/2003,09/30/2003,06/30/2003
TotalRevenue,"239,616,000","58,014,000","65,629,000","57,384,000","58,589,000","49,668,000","49,943,000","39,132,000","26,369,000","32,239,000","51,795,000","46,117,000","47,774,000","36,026,000","45,469,000","40,573,000","42,553,000","34,125,000","47,632,000","38,173,000","36,389,000","29,299,000","37,875,000","30,281,000","27,477,000","22,423,000","30,042,000","23,085,000","22,563,000","19,071,000","25,499,000","18,726,000","17,724,000","16,189,000","22,239,000","16,828,000","19,560,000","15,967,000","22,533,000","19,426,000","19,591,000","15,727,000","18,542,000","15,232,000","14,895,000","11,621,000","15,216,000","12,092,000","12,217,000","13,749,000","15,416,000","12,171,000","11,665,000","14,430,000","17,897,000","19,110,000","24,754,000","21,618,000","26,453,000","28,143,000","23,873,000","23,257,000","30,481,000","25,059,000","24,395,000","20,757,000","23,953,000","18,950,000","17,570,000","15,147,000","16,093,000","12,703,000","12,265,000","11,580,000","12,449,000","11,025,000","9,018,000"
	OperatingRevenue,"239,616,000","58,014,000","65,629,000","57,384,000","58,589,000","49,668,000","49,943,000","39,132,000","26,369,000","32,239,000","51,795,000","46,117,000","47,774,000","36,026,000","45,469,000","40,573,000","42,553,000","34,125,000","47,632,000","38,173,000","36,389,000","29,299,000","37,875,000","30,281,000","27,477,000","22,423,000","30,042,000","23,085,000","22,563,000","19,071,000","25,499,000","18,726,000","17,724,000","16,189,000","22,239,000","16,828,000","19,560,000","15,967,000","22,533,000","19,426,000","19,591,000","15,727,000","18,542,000","15,232,000","14,895,000","11,621,000","15,216,000","12,092,000","12,217,000","13,749,000","15,416,000","12,171,000","11,665,000","14,430,000","17,897,000","19,110,000","24,754,000","21,618,000","26,453,000","28,143,000","23,873,000","23,257,000","30,481,000","25,059,000","24,395,000","20,757,000","23,953,000","18,950,000","17,570,000","15,147,000","16,093,000","12,703,000","12,265,000","11,580,000","12,449,000","11,025,000","9,018,000"
CostOfRevenue,"102,433,000","26,226,000","27,448,000","23,959,000","24,800,000","21,958,000","21,877,000","17,386,000","14,745,000","17,903,000","23,005,000","19,884,000","21,943,000","18,717,000","26,683,000","18,688,000","20,176,000","16,791,000","20,299,000","15,963,000","15,343,000","13,778,000","15,962,000","12,538,000","11,472,000","9,949,000","12,145,000","9,594,000","9,687,000","9,052,000","11,679,000","7,935,000","7,848,000","7,303,000","9,202,000","7,651,000","8,442,000","7,417,000","9,790,000","8,828,000","9,274,000","7,845,000","7,506,000","6,772,000","6,476,000","5,224,000","6,233,000","5,661,000","5,335,000","5,829,000","5,783,000","4,910,000","5,130,000","5,936,000","7,045,000","7,823,000","9,271,000","8,219,000","9,704,000","9,607,000","7,910,000","7,781,000","8,349,000","7,931,000","7,768,000","5,811,000","6,150,000","4,746,000","4,883,000","4,014,000","4,235,000","3,408,000","3,400,000","3,647,000","3,711,000","3,613,000","2,760,000"
GrossProfit,"137,183,000","31,788,000","38,181,000","33,425,000","33,789,000","27,710,000","28,066,000","21,746,000","11,624,000","14,336,000","28,790,000","26,233,000","25,831,000","17,309,000","18,786,000","21,885,000","22,377,000","17,334,000","27,333,000","22,210,000","21,046,000","15,521,000","21,913,000","17,743,000","16,005,000","12,474,000","17,897,000","13,491,000","12,876,000","10,019,000","13,820,000","10,791,000","9,876,000","8,886,000","13,037,000","9,177,000","11,118,000","8,550,000","12,743,000","10,598,000","10,317,000","7,882,000","11,036,000","8,460,000","8,419,000","6,397,000","8,983,000","6,431,000","6,882,000","7,920,000","9,633,000","7,261,000","6,535,000","8,494,000","10,852,000","11,287,000","15,483,000","13,399,000","16,749,000","18,536,000","15,963,000","15,476,000","22,132,000","17,128,000","16,627,000","14,946,000","17,803,000","14,204,000","12,687,000","11,133,000","11,858,000","9,295,000","8,865,000","7,933,000","8,738,000","7,412,000","6,258,000"
OperatingExpense,"149,675,000","44,945,000","40,210,000","32,799,000","31,721,000","26,545,000","26,622,000","22,957,000","22,555,000","26,465,000","30,719,000","28,642,000","25,532,000","25,335,000","24,276,000","22,883,000","24,532,000","22,083,000","22,790,000","19,994,000","19,316,000","16,934,000","17,468,000","16,204,000","17,421,000","14,645,000","15,900,000","14,475,000","14,808,000","13,621,000","15,412,000","13,330,000","12,711,000","12,539,000","13,377,000","11,154,000","11,741,000","10,866,000","11,675,000","11,706,000","11,838,000","13,148,000","11,970,000","11,088,000","11,282,000","10,404,000","10,534,000","10,022,000","10,702,000","10,057,000","10,051,000","8,917,000","11,182,000","11,266,000","11,224,000","12,487,000","15,388,000","15,075,000","13,897,000","15,428,000","14,013,000","13,828,000","13,377,000","13,389,000","32,496,000","14,228,000","10,851,000","9,480,000","9,527,000","9,297,000","9,131,000","8,144,000","7,895,000","7,628,000","6,442,000","5,559,000","5,107,000"
	SellingGeneralAndAdministration,"125,720,000","38,446,000","33,406,000","26,997,000","26,871,000","22,433,000","22,594,000","19,525,000","19,564,000","22,595,000","26,256,000","24,999,000","22,259,000","21,629,000","20,812,000","19,639,000","20,437,000","18,527,000","19,309,000","16,527,000","16,335,000","13,989,000","14,571,000","13,290,000","14,709,000","11,936,000","13,088,000","11,727,000","12,080,000","11,176,000","12,763,000","10,702,000","10,089,000","9,895,000","10,939,000","8,714,000","9,524,000","8,745,000","9,553,000","9,489,000","9,966,000","10,932,000","9,657,000","8,736,000","8,936,000","8,274,000","8,361,000","8,151,000","9,196,000","8,603,000","8,163,000","7,233,000","9,687,000","9,523,000","9,291,000","10,659,000","13,384,000","13,290,000","12,163,000","13,664,000","12,090,000","12,081,000","11,442,000","11,166,000","12,553,000","12,921,000","9,271,000","7,772,000","7,922,000","7,819,000","7,667,000","6,848,000","6,532,000","6,348,000","5,979,000","4,382,000","4,228,000"
		GeneralAndAdministrativeExpense,"39,082,000","13,502,000","9,312,000","7,807,000","8,461,000","7,365,000","7,937,000","7,239,000","8,529,000","7,806,000","5,933,000","7,308,000","5,267,000","5,525,000","5,494,000","5,160,000","4,902,000","5,439,000","3,947,000","3,379,000","3,548,000","3,216,000","3,010,000","2,716,000","3,997,000","3,220,000","3,189,000","2,937,000","3,014,000","2,989,000","3,407,000","2,897,000","2,335,000","2,564,000","3,135,000","2,160,000","2,354,000","2,289,000","2,452,000","2,475,000","2,854,000","3,495,000","2,878,000","2,310,000","2,588,000","2,328,000","2,238,000","2,352,000","2,744,000","2,242,000","2,063,000","2,121,000","3,616,000","2,520,000",,,,,,,,,,,,,,,,,,,,,,"809,000",
			OtherGandA,"39,082,000","13,502,000","9,312,000","7,807,000","8,461,000","7,365,000","7,937,000","7,239,000","8,529,000","7,806,000","5,933,000","7,308,000","5,267,000","5,525,000","5,494,000","5,160,000","4,902,000","5,439,000","3,947,000","3,379,000","3,548,000","3,216,000","3,010,000","2,716,000","3,997,000","3,220,000","3,189,000","2,937,000","3,014,000","2,989,000","3,407,000","2,897,000","2,335,000","2,564,000","3,135,000","2,160,000","2,354,000","2,289,000","2,452,000","2,475,000","2,854,000","3,495,000","2,878,000","2,310,000","2,588,000","2,328,000","2,238,000","2,352,000","2,744,000","2,242,000","2,063,000","2,121,000","3,616,000","2,520,000",,,,,,,,,,,,,,,,,,,,,,"809,000",
		SellingAndMarketingExpense,"86,638,000","24,944,000","24,094,000","19,190,000","18,410,000","15,068,000","14,657,000","12,286,000","11,035,000","14,789,000","20,323,000","17,691,000","16,992,000","16,104,000","15,318,000","14,479,000","15,535,000","13,088,000","15,362,000","13,148,000","12,787,000","10,773,000","11,561,000","10,574,000","10,712,000","8,716,000","9,899,000","8,790,000","9,066,000","8,187,000","9,356,000","7,805,000","7,754,000","7,331,000","7,804,000","6,554,000","7,170,000","6,456,000","7,101,000","7,014,000","7,112,000","7,437,000","6,779,000","6,426,000","6,348,000","5,946,000","6,123,000","5,799,000","6,452,000","6,361,000","6,100,000","5,112,000","6,071,000","7,003,000",,,,,,,,,,,,,,,,,,,,,,"3,573,000",
	ResearchAndDevelopment,"23,955,000","6,499,000","6,804,000","5,802,000","4,850,000","4,112,000","4,028,000","3,432,000","2,991,000","3,870,000","4,463,000","3,643,000","3,273,000","3,706,000","3,464,000","3,244,000","4,095,000","3,556,000","3,481,000","3,467,000","2,981,000","2,945,000","2,897,000","2,914,000","2,712,000","2,709,000","2,812,000","2,748,000","2,728,000","2,445,000","2,649,000","2,628,000","2,622,000","2,644,000","2,438,000","2,440,000","2,217,000","2,121,000","2,122,000","2,217,000","1,872,000","2,216,000","2,313,000","2,352,000","2,346,000","2,130,000","2,173,000","1,871,000","1,506,000","1,454,000","1,888,000","1,684,000","1,495,000","1,743,000","1,933,000","1,828,000","2,004,000","1,785,000","1,734,000","1,764,000","1,923,000","1,747,000","1,935,000","1,679,000","1,552,000","1,307,000","1,373,000","1,275,000","1,335,000","1,081,000","1,151,000","979,000","1,047,000","959,000","1,273,000","740,000","683,000"
	DepreciationAmortizationDepletionIncomeStatement,,,,,,,,,,,,,,,,,,,,,,,,,,,,,,,,,,,,,,,,,,,,,,,,,,,,,,,,,,,,,,,,,,,"207,000","433,000","270,000","397,000","313,000","317,000","316,000","321,000",,,
		DepreciationAndAmortizationInIncomeStatement,,,,,,,,,,,,,,,,,,,,,,,,,,,,,,,,,,,,,,,,,,,,,,,,,,,,,,,,,,,,,,,,,,,"207,000","433,000","270,000","397,000","313,000","317,000","316,000","321,000",,,
			Amortization,,,,,,,,,,,,,,,,,,,,,,,,,,,,,,,,,,,,,,,,,,,,,,,,,,,,,,,,,,,,,,,,,,,"207,000","433,000","270,000","397,000","313,000","317,000","316,000","321,000",,,
				AmortizationOfIntangiblesIncomeStatement,,,,,,,,,,,,,,,,,,,,,,,,,,,,,,,,,,,,,,,,,,,,,,,,,,,,,,,,,,,,,,,,,,,"207,000","433,000","270,000","397,000","313,000","317,000","316,000","321,000",,,
	OtherOperatingExpenses,,,,,,,,,,,,,,,,,,,"0","-4,000,000",,,,,,,,,,,,,,,,,,,,,,,,,,,,,,,,,,,,,,,,,,,"0","544,000","18,391,000",,,,,,,,,,,"437,000","196,000"
OperatingIncome,"-12,492,000","-13,157,000","-2,029,000","626,000","2,068,000","1,165,000","1,444,000","-1,211,000","-10,931,000","-12,129,000","-1,929,000","-2,409,000","299,000","-8,026,000","-5,490,000","-998,000","-2,155,000","-4,749,000","4,543,000","2,216,000","1,730,000","-1,413,000","4,445,000","1,539,000","-1,416,000","-2,171,000","1,997,000","-984,000","-1,932,000","-3,602,000","-1,592,000","-2,539,000","-2,835,000","-3,653,000","-340,000","-1,977,000","-623,000","-2,316,000","1,068,000","-1,108,000","-1,521,000","-5,266,000","-934,000","-2,628,000","-2,863,000","-4,007,000","-1,551,000","-3,591,000","-3,820,000","-2,137,000","-418,000","-1,656,000","-4,647,000","-2,772,000","-372,000","-1,200,000","95,000","-1,676,000","2,852,000","3,108,000","1,950,000","1,648,000","8,755,000","3,739,000","-15,869,000","718,000","6,952,000","4,724,000","3,160,000","1,836,000","2,727,000","1,151,000","970,000","305,000","2,296,000","1,853,000","1,151,000"
NetNonOperatingInterestIncomeExpense,"-3,978,000","-997,000","-995,000","-993,000","-993,000","-243,000","7,000","-382,000","3,000","-207,000","-19,000","-146,000","46,000","-79,000","-43,000","-49,000","-129,000","98,000","496,000","145,000","124,000","119,000","95,000","80,000","78,000","77,000","66,000","74,000","88,000","102,000","107,000","106,000","99,000","94,000","97,000","105,000","110,000","109,000","89,000","152,000","144,000","96,000","137,000","139,000","161,000","158,000","144,000","132,000","123,000","166,000","174,000","288,000","511,000","484,000",,,,,,,,,,,,,,,,,,,,,,,
	InterestIncomeNonOperating,,,,,,,,,,"-207,000","-19,000","-146,000","46,000","-79,000","-43,000","-49,000","-129,000","98,000","496,000","145,000","124,000","119,000","95,000","80,000","78,000","77,000","66,000","74,000","88,000","102,000","107,000","106,000","99,000","94,000","97,000","105,000","110,000","109,000","89,000","152,000","144,000","96,000","137,000","139,000","161,000","158,000",,,"123,000",,,,,"484,000",,,,,,,,,,,,,,,,,,,,,,,
	InterestExpenseNonOperating,"3,101,000","778,000","777,000","768,000","778,000","191,000",,"382,000",,"207,000","20,000","146,000",,,,,,,,,,,,,,,,,,,,,,,,,,,,,,,,,,,,,,,,,,,,,,,,,,,,,,,,,,,,,,,,,
	TotalOtherFinanceCost,"877,000","219,000","218,000","225,000","215,000","52,000","-7,000","382,000","-3,000",,"19,000","146,000","-46,000","79,000","43,000","49,000","129,000","-98,000","-138,000",,,,"204,000","-166,000",,,"-105,000",,,,"-8,000",,"-138,000",,"-105,000",,,,"-105,000",,,,,,,,"-144,000","-132,000",,"-166,000","-174,000","-288,000","-511,000",,,,,,,,,,,,,,,,,,,,,,,,
OtherIncomeExpense,"5,047,000","-755,000","-430,000","-561,000","6,793,000","-1,023,000",,"-382,000",,,,,,,,,,,"-358,000","4,052,000","152,000","154,000","-299,000","86,000","139,000","67,000","39,000","10,000","8,000","-94,000","-99,000","-106,000","39,000","-14,000","8,000","35,000","-35,000","26,000","0","0","0","0","3,000","-48,000","38,000","26,000","0","0","18,000","0","0","0","0","-735,000","-1,182,000","-2,372,000","0","0","0","0","0",,"0","-544,000","-18,391,000","0","0",,"0","0","0",,"0","0","0","0","12,000"
	SpecialIncomeCharges,,,"0","0","7,185,000",,,,,,,,,,"0","0",,,"0","4,000,000","152,000","154,000","-299,000","86,000","139,000","67,000","39,000","10,000","8,000","-94,000",,,,"-14,000","8,000","35,000","-35,000",,,,,,"3,000","-48,000","38,000","26,000","0","0","18,000","0","0","0","0","-735,000","-1,182,000","-2,372,000",,,,,,,"0","-544,000","-18,391,000",,,,,,,,,,,,"12,000"
		RestructuringAndMergernAcquisition,,,,,,,,,,,,,,,,"0",,,,,,,,,,,,,,,,,,,,,,,,,,,,,,,,,,,,,,,,,,,,,,,,,,,,,,,,,,,,,
		OtherSpecialCharges,,,"0",,"-7,185,000",,,,,,,,,,,,,,"0","-4,000,000",,,,,,,,,,,,,,,,,,,,,,,,,,,,,,,,,,,,,,,,,,,,,,,,,,,,,,,,,
	OtherNonOperatingIncomeExpenses,"-2,138,000","-755,000","-430,000","-561,000","-392,000","-1,023,000",,"-382,000",,,,,,,,,,,,"52,000","152,000","154,000","-299,000","86,000","139,000","67,000","39,000","10,000","8,000","-94,000","-99,000","-106,000","39,000","-14,000","8,000","35,000","-35,000","26,000",,,,,,,,,,,,,,,,,,,,,,,,,,,,,,,,,,,,,,,
PretaxIncome,"-11,423,000","-14,909,000","-3,454,000","-928,000","7,868,000","-101,000","1,451,000","-1,593,000","-10,928,000","-12,336,000","-1,948,000","-2,555,000","345,000","-8,105,000","-5,533,000","-1,047,000","-2,284,000","-4,651,000","4,681,000","6,413,000","2,006,000","-1,140,000","4,241,000","1,705,000","-1,199,000","-2,027,000","2,102,000","-900,000","-1,836,000","-3,594,000","-1,584,000","-2,539,000","-2,697,000","-3,573,000","-235,000","-1,837,000","-548,000","-2,181,000","1,173,000","-956,000","-1,377,000","-5,170,000","-794,000","-2,537,000","-2,664,000","-3,823,000","-1,407,000","-3,459,000","-3,679,000","-1,971,000","-244,000","-1,368,000","-4,136,000","-3,023,000","-999,000","-2,839,000","952,000","-775,000","3,853,000","4,204,000","3,058,000","2,650,000","9,736,000","4,568,000","-15,039,000","1,674,000","7,635,000","5,273,000","3,676,000","2,122,000","3,104,000","1,349,000","968,000","363,000","2,298,000","1,851,000","1,163,000"
TaxProvision,"1,298,000","233,000","481,000","462,000","122,000","258,000","-737,000","664,000","466,000","78,000","140,000","73,000","-243,000","115,000","20,760,000","-174,000","-712,000","-2,619,000","-18,199,000","225,000","59,000","-118,000","28,000","61,000","30,000","24,000","52,000","57,000","53,000","50,000","41,000","97,000","44,000","37,000","43,000","-169,000","90,000","-18,000","96,000","-64,000","89,000","97,000","93,000","326,000","-208,000","32,000","-127,000","0","82,000","47,000","-251,000","12,126,000","-1,772,000","-1,195,000","-764,000","-86,000","291,000","-233,000","229,000","1,112,000","1,024,000","895,000","2,621,000","1,618,000","-5,990,000","567,000","1,825,000","1,472,000","972,000","636,000","1,034,000","472,000","377,000","142,000","913,000","754,000","468,000"
NetIncomeCommonStockholders,"-12,721,000","-15,142,000","-3,935,000","-1,390,000","7,746,000","-359,000","2,188,000","-2,257,000","-11,394,000","-12,414,000","-2,088,000","-2,628,000","588,000","-8,220,000","-26,293,000","-873,000","-1,572,000","-2,032,000","22,880,000","6,188,000","1,947,000","-1,022,000","4,213,000","1,644,000","-1,229,000","-2,051,000","2,050,000","-957,000","-1,889,000","-3,644,000","-1,625,000","-2,636,000","-2,741,000","-3,610,000","-278,000","-1,668,000","-638,000","-2,163,000","1,077,000","-892,000","-1,466,000","-5,267,000","-887,000","-2,863,000","-2,456,000","-3,855,000","-1,280,000","-3,459,000","-3,761,000","-2,018,000","7,000","-13,494,000","-2,364,000","-1,828,000","-235,000","-2,753,000","661,000","-542,000","3,624,000","3,092,000","2,034,000","1,755,000","7,115,000","2,950,000","-9,049,000","1,107,000","5,810,000","3,801,000","2,704,000","1,486,000","1,594,000","877,000","591,000","221,000","2,577,000","345,000","213,000"
	NetIncome,"-12,721,000","-15,142,000","-3,935,000","-1,390,000","7,746,000","-359,000","2,188,000","-2,257,000","-11,394,000","-12,414,000","-2,088,000","-2,628,000","588,000","-8,220,000","-26,293,000","-873,000","-1,572,000","-2,032,000","22,880,000","6,188,000","1,947,000","-1,022,000","4,213,000","1,644,000","-1,229,000","-2,051,000","2,050,000","-957,000","-1,889,000","-3,644,000","-1,625,000","-2,636,000","-2,741,000","-3,610,000","-278,000","-1,668,000","-638,000","-2,163,000","1,077,000","-892,000","-1,466,000","-5,267,000","-887,000","-2,863,000","-2,456,000","-3,855,000","-1,280,000","-3,459,000","-3,761,000","-2,018,000","7,000","-13,494,000","-2,364,000","-1,828,000","-235,000","-2,753,000","661,000","-542,000","3,624,000","3,092,000","2,034,000","1,755,000","7,115,000","2,950,000","-9,049,000","1,107,000","5,810,000","3,801,000","2,704,000","1,486,000","2,070,000","877,000","591,000","221,000","1,385,000","1,097,000","695,000"
		NetIncomeIncludingNoncontrollingInterests,"-12,721,000","-15,142,000","-3,935,000","-1,390,000","7,746,000","-359,000","2,188,000","-2,257,000","-11,394,000","-12,414,000","-2,088,000","-2,628,000","588,000","-8,220,000","-26,293,000","-873,000","-1,572,000","-2,032,000","22,880,000","6,188,000","1,947,000","-1,022,000","4,213,000","1,644,000","-1,229,000","-2,051,000","2,050,000","-957,000","-1,889,000","-3,644,000","-1,625,000","-2,636,000","-2,741,000","-3,610,000","-278,000","-1,668,000","-638,000","-2,163,000","1,077,000","-892,000","-1,466,000","-5,267,000","-887,000","-2,863,000","-2,456,000","-3,855,000","-1,280,000","-3,459,000","-3,761,000","-2,018,000","7,000","-13,494,000","-2,364,000","-1,828,000","-235,000","-2,753,000","661,000","-542,000","3,624,000","3,092,000","2,034,000","1,755,000","7,115,000","2,950,000","-9,049,000","1,107,000","5,810,000","3,801,000","2,704,000","1,486,000","2,070,000","877,000","591,000","221,000","1,385,000","1,097,000","695,000"
			NetIncomeContinuousOperations,"-12,721,000","-15,142,000","-3,935,000","-1,390,000","7,746,000","-359,000","2,188,000","-2,257,000","-11,394,000","-12,414,000","-2,088,000","-2,628,000","588,000","-8,220,000","-26,293,000","-873,000","-1,572,000","-2,032,000","22,880,000","6,188,000","1,947,000","-1,022,000","4,213,000","1,644,000","-1,229,000","-2,051,000","2,050,000","-957,000","-1,889,000","-3,644,000","-1,625,000","-2,636,000","-2,741,000","-3,610,000","-278,000","-1,668,000","-638,000","-2,163,000","1,077,000","-892,000","-1,466,000","-5,267,000","-887,000","-2,863,000","-2,456,000","-3,855,000","-1,280,000","-3,459,000","-3,761,000","-2,018,000","7,000","-13,494,000","-2,364,000","-1,828,000","-235,000","-2,753,000","661,000","-542,000","3,624,000","3,092,000","2,034,000","1,755,000","7,115,000","2,950,000","-9,049,000","1,107,000","5,810,000","3,801,000","2,704,000","1,486,000","2,070,000","877,000","591,000","221,000","1,385,000","1,097,000","695,000"
	OtherunderPreferredStockDividend,,,,,,,,,,,,,,,,,,,,,,,,,,,,,,,,,,,,,,,,,,,,,,,,,,,,,,,,,,,,,,,,,,,,,,,,,,,,"752,000","482,000"
DilutedNIAvailtoComStockholders,"-12,721,000","-15,142,000","-3,935,000","-1,390,000","7,746,000","-359,000","2,188,000","-2,257,000","-11,394,000","-12,414,000","-2,088,000","-2,628,000","588,000","-8,220,000","-26,293,000","-873,000","-1,572,000","-2,032,000","22,880,000","6,188,000","1,947,000","-1,022,000","4,213,000","1,644,000","-1,229,000","-2,051,000","2,050,000","-957,000","-1,889,000","-3,644,000","-1,625,000","-2,636,000","-2,741,000","-3,610,000","-278,000","-1,668,000","-638,000","-2,163,000","1,077,000","-892,000","-1,466,000","-5,267,000","-887,000","-2,863,000","-2,456,000","-3,855,000","-1,280,000","-3,459,000","-3,761,000","-2,018,000","7,000","-13,494,000","-2,364,000","-1,828,000","-235,000","-2,753,000","661,000","-542,000","3,624,000","3,092,000","2,034,000","1,755,000","7,115,000","2,950,000","-9,049,000","1,107,000","5,810,000","3,801,000","2,704,000","1,486,000","1,594,000","877,000","591,000","221,000","2,577,000","345,000","213,000"
BasicEPS,,"-0.84","-0.22","-0.08","0.43","-0.02","0.12","-0.13","-0.67","-0.86","-0.15","-0.19","0.04","-0.59","-1.89","-0.06","-0.11","-0.15","1.66","0.44","0.14","-0.07","0.31","0.12","-0.09","-0.16","0.16","-0.07","-0.13","-0.25","-0.11","-0.18","-0.19","-0.26","-0.02","-0.11","-0.04","-0.15","0.08","-0.06","-0.1","-0.38",,"-0.21","-0.18","-0.28",,"-0.25","-0.28","-0.15",,"-1.01","-0.18","-0.14",,"-0.22","0.05","-0.04",,"0.24","0.15","0.13",,"0.23","-0.73","0.09",,"0.33","0.24","0.13",,"0.08","0.06","0.1",,"0.16","0.1"
DilutedEPS,,"-0.84","-0.22","-0.08","0.39","-0.02","0.12","-0.13","-0.67","-0.86","-0.15","-0.19","0.04","-0.59","-1.89","-0.06","-0.11","-0.15","1.57","0.42","0.13","-0.07","0.3","0.12","-0.09","-0.16","0.15","-0.07","-0.13","-0.25","-0.11","-0.18","-0.19","-0.26","-0.02","-0.11","-0.04","-0.15","0.08","-0.06","-0.1","-0.38",,"-0.21","-0.18","-0.28",,"-0.25","-0.28","-0.15",,"-1.01","-0.18","-0.14",,"-0.22","0.05","-0.04",,"0.22","0.14","0.12",,"0.21","-0.73","0.08",,"0.27","0.2","0.11",,"0.07","0.05","0.02",,"0.12","0.08"
BasicAverageShares,,"18,080,000","17,980,000","17,945,000","17,862,000","17,768,000","17,653,000","17,603,000","17,055,000","14,433,000","14,261,000","14,182,000","14,086,000","14,017,000","13,932,000","13,851,000","13,709,000","13,587,000","13,744,000","13,973,000","13,935,000","13,840,000","13,591,000","13,163,000","13,131,000","13,010,000","12,978,000","13,827,000","14,441,000","14,611,000","14,425,000","14,334,000","14,231,000","14,021,000","14,016,000","14,541,000","14,723,000","14,408,000","14,173,000","14,127,000","14,095,000","13,960,000",,"13,862,000","13,765,000","13,667,000",,"13,589,000","13,501,000","13,438,000",,"13,382,000","13,317,000","13,120,000",,"12,780,000","12,764,000","12,740,000",,"13,026,000","13,610,000","13,216,000",,"12,675,000","12,444,000","12,257,000",,"11,661,000","11,345,000","11,093,000",,"10,729,000","10,289,000","2,292,000",,"2,145,000","2,071,000"
DilutedAverageShares,,"18,080,000","17,980,000","17,945,000","22,453,000","17,768,000","17,840,000","17,603,000","17,055,000","14,433,000","14,261,000","14,182,000","14,356,000","14,017,000","13,932,000","13,851,000","13,709,000","13,587,000","14,569,000","14,767,000","14,629,000","13,840,000","14,201,000","13,544,000","13,131,000","13,010,000","13,591,000","13,827,000","14,441,000","14,611,000","14,425,000","14,334,000","14,231,000","14,021,000","14,016,000","14,541,000","14,723,000","14,408,000","14,272,000","14,127,000","14,095,000","13,960,000",,"13,862,000","13,765,000","13,667,000",,"13,589,000","13,501,000","13,438,000",,"13,382,000","13,317,000","13,120,000",,"12,780,000","13,465,000","12,740,000",,"13,970,000","14,666,000","14,629,000",,"14,238,000","12,444,000","14,174,000",,"13,924,000","13,585,000","13,532,000",,"13,085,000","12,960,000","9,411,000",,"8,862,000","8,799,000"
TotalOperatingIncomeAsReported,"-12,492,000","-13,157,000","-2,029,000","626,000","2,068,000","1,165,000","1,444,000","-1,211,000","-10,931,000","-12,129,000","-1,929,000","-2,409,000","299,000","-8,026,000","-5,490,000","-998,000","-2,155,000","-4,749,000","4,543,000","6,216,000","1,730,000","-1,413,000","4,445,000","1,539,000","-1,416,000","-2,171,000","1,997,000","-984,000","-1,932,000","-3,602,000","-1,592,000","-2,539,000","-2,835,000","-3,653,000","-340,000","-1,977,000","-623,000","-2,316,000","1,068,000","-1,108,000","-1,521,000","-5,266,000","-934,000","-2,628,000","-2,863,000","-4,007,000","-1,551,000","-3,591,000","-3,820,000","-2,137,000","-418,000","-1,656,000","-4,647,000","-3,622,000","-372,000","-1,200,000","95,000","-1,676,000","2,852,000","3,108,000","1,950,000","1,648,000","8,755,000","3,739,000","-15,869,000","718,000","6,952,000","4,724,000","3,160,000","1,836,000","2,727,000","1,151,000","970,000","305,000","2,296,000","1,853,000","1,151,000"
TotalExpenses,"252,108,000","71,171,000","67,658,000","56,758,000","56,521,000","48,503,000","48,499,000","40,343,000","37,300,000","44,368,000","53,724,000","48,526,000","47,475,000","44,052,000","50,959,000","41,571,000","44,708,000","38,874,000","43,089,000","35,957,000","34,659,000","30,712,000","33,430,000","28,742,000","28,893,000","24,594,000","28,045,000","24,069,000","24,495,000","22,673,000","27,091,000","21,265,000","20,559,000","19,842,000","22,579,000","18,805,000","20,183,000","18,283,000","21,465,000","20,534,000","21,112,000","20,993,000","19,476,000","17,860,000","17,758,000","15,628,000","16,767,000","15,683,000","16,037,000","15,886,000","15,834,000","13,827,000","16,312,000","17,202,000","18,269,000","20,310,000","24,659,000","23,294,000","23,601,000","25,035,000","21,923,000","21,609,000","21,726,000","21,320,000","40,264,000","20,039,000","17,001,000","14,226,000","14,410,000","13,311,000","13,366,000","11,552,000","11,295,000","11,275,000","10,153,000","9,172,000","7,867,000"
NetIncomeFromContinuingAndDiscontinuedOperation,"-12,721,000","-15,142,000","-3,935,000","-1,390,000","7,746,000","-359,000","2,188,000","-2,257,000","-11,394,000","-12,414,000","-2,088,000","-2,628,000","588,000","-8,220,000","-26,293,000","-873,000","-1,572,000","-2,032,000","22,880,000","6,188,000","1,947,000","-1,022,000","4,213,000","1,644,000","-1,229,000","-2,051,000","2,050,000","-957,000","-1,889,000","-3,644,000","-1,625,000","-2,636,000","-2,741,000","-3,610,000","-278,000","-1,668,000","-638,000","-2,163,000","1,077,000","-892,000","-1,466,000","-5,267,000","-887,000","-2,863,000","-2,456,000","-3,855,000","-1,280,000","-3,459,000","-3,761,000","-2,018,000","7,000","-13,494,000","-2,364,000","-1,828,000","-235,000","-2,753,000","661,000","-542,000","3,624,000","3,092,000","2,034,000","1,755,000","7,115,000","2,950,000","-9,049,000","1,107,000","5,810,000","3,801,000","2,704,000","1,486,000","2,070,000","877,000","591,000","221,000","1,385,000","1,097,000","695,000"
NormalizedIncome,"-17,032,000","-15,142,000","-3,935,000","-1,390,000","672,409.507","-359,000","2,188,000","-2,257,000","-11,394,000","-12,414,000","-2,088,000","-2,628,000","588,000","-8,220,000","-26,293,000","-873,000","-1,572,000","-2,032,000","22,880,000","2,328,339.935","1,947,000","-1,022,000","4,213,000","1,644,000","-1,229,000","-2,051,000","2,050,000","-957,000","-1,889,000","-3,644,000","-1,625,000","-2,636,000","-2,741,000","-3,610,000","-278,000","-1,668,000","-638,000","-2,163,000","1,077,000","-892,000","-1,466,000","-5,267,000","-888,950","-2,831,800","-2,491,033.033","-3,871,900","-1,280,000","-3,459,000","-3,772,700","-2,018,000","7,000","-13,494,000","-2,364,000","-1,383,547.469","533,300","-452,853.47","661,000","-542,000","3,624,000","3,092,000","2,034,000","1,755,000","7,115,000","3,301,313.485","2,016,905.911","1,107,000","5,810,000","3,801,000","2,704,000","1,486,000","2,070,000","877,000","591,000","221,000","1,385,000","1,097,000","687,800"
InterestIncome,,,,,,,,,,"-207,000","-19,000","-146,000","46,000","-79,000","-43,000","-49,000","-129,000","98,000","496,000","145,000","124,000","119,000","95,000","80,000","78,000","77,000","66,000","74,000","88,000","102,000","107,000","106,000","99,000","94,000","97,000","105,000","110,000","109,000","89,000","152,000","144,000","96,000","137,000","139,000","161,000","158,000",,,"123,000",,,,,"484,000",,,,,,,,,,,,,,,,,,,,,,,
InterestExpense,"3,101,000","778,000","777,000","768,000","778,000","191,000",,"382,000",,"207,000","20,000","146,000",,,,,,,,,,,,,,,,,,,,,,,,,,,,,,,,,,,,,,,,,,,,,,,,,,,,,,,,,,,,,"2,000",,,,
NetInterestIncome,"-3,978,000","-997,000","-995,000","-993,000","-993,000","-243,000","7,000","-382,000","3,000","-207,000","-19,000","-146,000","46,000","-79,000","-43,000","-49,000","-129,000","98,000","496,000","145,000","124,000","119,000","95,000","80,000","78,000","77,000","66,000","74,000","88,000","102,000","107,000","106,000","99,000","94,000","97,000","105,000","110,000","109,000","89,000","152,000","144,000","96,000","137,000","139,000","161,000","158,000","144,000","132,000","123,000","166,000","174,000","288,000","511,000","484,000","555,000","733,000","857,000","901,000","1,001,000","1,096,000","1,108,000",,"981,000","829,000","830,000","956,000","683,000",,"516,000","286,000","377,000",,"-2,000","58,000","2,000","-2,000",
EBIT,"-8,322,000","-14,131,000","-2,677,000","-160,000","8,646,000","90,000","1,444,000","-1,211,000","-10,931,000","-12,129,000","-1,929,000","-2,409,000","299,000","-8,026,000","-5,490,000","-998,000","-2,155,000","-4,749,000","4,543,000","2,216,000","1,730,000","-1,413,000","4,445,000","1,539,000","-1,416,000","-2,171,000","1,997,000","-984,000","-1,932,000","-3,602,000","-1,592,000","-2,539,000","-2,835,000","-3,653,000","-340,000","-1,977,000","-623,000","-2,316,000","1,068,000","-1,108,000","-1,521,000","-5,266,000","-934,000","-2,628,000","-2,863,000","-4,007,000","-1,551,000","-3,591,000","-3,820,000","-2,137,000","-418,000","-1,656,000","-4,647,000","-2,772,000","-372,000","-1,200,000","95,000","-1,676,000","2,852,000","3,108,000","1,950,000","1,648,000","8,755,000","3,739,000","-15,869,000","718,000","6,952,000","4,724,000","3,160,000","1,836,000","2,727,000","1,151,000","970,000","305,000","2,296,000","1,853,000","1,151,000"
EBITDA,"-6,912,000"
ReconciledCostOfRevenue,"102,433,000","26,226,000","27,448,000","23,959,000","24,800,000","21,958,000","21,877,000","17,386,000","14,745,000","17,903,000","23,005,000","19,884,000","21,943,000","18,717,000","26,683,000","18,688,000","20,176,000","16,791,000","20,299,000","15,963,000","15,343,000","13,778,000","15,962,000","12,538,000","11,472,000","9,949,000","12,145,000","9,594,000","9,687,000","9,052,000","11,679,000","7,935,000","7,848,000","7,303,000","9,202,000","7,651,000","8,442,000","7,417,000","9,790,000","8,828,000","9,274,000","7,845,000","7,506,000","6,772,000","6,476,000","5,224,000","6,233,000","5,661,000","5,335,000","5,829,000","5,783,000","4,910,000","5,130,000","5,936,000","7,045,000","7,823,000","9,271,000","8,219,000","9,704,000","9,607,000","7,910,000","7,781,000","8,349,000","7,931,000","7,768,000","5,811,000","6,171,000","4,994,000","4,996,000","4,250,000","2,969,000","3,591,000","3,593,000","3,845,000","3,711,000","3,613,000","2,760,000"
ReconciledDepreciation,"1,410,000","427,000","330,000","307,000","346,000","361,000","338,000","341,000","355,000","360,000","364,000","369,000","404,000","411,000","360,000","305,000","290,000","254,000","266,000","258,000","244,000","248,000","249,000","249,000","244,000","240,000","274,000","290,000","295,000","327,000","347,000","329,000","329,000","331,000","331,000","327,000","326,000","320,000","420,000","418,000","425,000","343,000","154,000","164,000","162,000","157,000","157,000","167,000","199,000","194,000","196,000","211,000","225,000","228,000","233,000","220,000","228,000","223,000","232,000","227,000","228,000","226,000","233,000","223,000","214,000","199,000","186,000","185,000","157,000","161,000","1,579,000","134,000","123,000","123,000","108,000","141,000",
NetIncomeFromContinuingOperationNetMinorityInterest,"-12,721,000","-15,142,000","-3,935,000","-1,390,000","7,746,000","-359,000","2,188,000","-2,257,000","-11,394,000","-12,414,000","-2,088,000","-2,628,000","588,000","-8,220,000","-26,293,000","-873,000","-1,572,000","-2,032,000","22,880,000","6,188,000","1,947,000","-1,022,000","4,213,000","1,644,000","-1,229,000","-2,051,000","2,050,000","-957,000","-1,889,000","-3,644,000","-1,625,000","-2,636,000","-2,741,000","-3,610,000","-278,000","-1,668,000","-638,000","-2,163,000","1,077,000","-892,000","-1,466,000","-5,267,000","-887,000","-2,863,000","-2,456,000","-3,855,000","-1,280,000","-3,459,000","-3,761,000","-2,018,000","7,000","-13,494,000","-2,364,000","-1,828,000","-235,000","-2,753,000","661,000","-542,000","3,624,000","3,092,000","2,034,000","1,755,000","7,115,000","2,950,000","-9,049,000","1,107,000","5,810,000","3,801,000","2,704,000","1,486,000","2,070,000","877,000","591,000","221,000","1,385,000","1,097,000","695,000"
TotalUnusualItemsExcludingGoodwill,"7,185,000",,"0","0","7,185,000",,,,,,,,,,"0","0",,,"0","4,000,000","152,000","154,000","-299,000","86,000","139,000","67,000","39,000","10,000","8,000","-94,000",,,,"-14,000","8,000","35,000","-35,000",,,,,,"3,000","-48,000","38,000","26,000","0","0","18,000","0","0","0","0","-735,000","-1,182,000","-2,372,000",,,,,,,"0","-544,000","-18,391,000",,,,,,,,,,,,"12,000"
TotalUnusualItems,"7,185,000",,"0","0","7,185,000",,,,,,,,,,"0","0",,,"0","4,000,000","152,000","154,000","-299,000","86,000","139,000","67,000","39,000","10,000","8,000","-94,000",,,,"-14,000","8,000","35,000","-35,000",,,,,,"3,000","-48,000","38,000","26,000","0","0","18,000","0","0","0","0","-735,000","-1,182,000","-2,372,000",,,,,,,"0","-544,000","-18,391,000",,,,,,,,,,,,"12,000"
NormalizedEBITDA,"-14,097,000","-13,704,000","-2,347,000","147,000","1,807,000","451,000","1,782,000","-870,000","-10,576,000","-11,769,000","-1,565,000","-2,040,000","703,000","-7,615,000","-5,130,000","-693,000","-1,865,000","-4,495,000","4,809,000","-1,526,000","1,974,000","-1,165,000","4,694,000","1,788,000","-1,172,000","-1,931,000","2,271,000","-694,000","-1,637,000","-3,275,000","-1,245,000","-2,210,000","-2,506,000","-3,322,000","-9,000","-1,650,000","-297,000","-1,996,000","1,488,000","-690,000","-1,096,000","-4,923,000","-783,000","-2,416,000","-2,739,000","-3,876,000","-1,394,000","-3,424,000","-3,639,000","-1,943,000","-222,000","-1,445,000","-4,422,000","-1,809,000","1,043,000","1,392,000","323,000","-1,453,000","3,084,000","3,335,000","2,178,000","1,874,000","8,988,000","4,506,000","2,736,000","917,000","7,159,000","5,157,000","3,430,000","2,233,000","4,306,000","1,468,000","1,286,000","626,000","2,404,000","1,994,000","1,139,000"
TaxRateForCalcs,"0.4","0.4","0.27","0.27","0.016","0.27","0.27","0.27","0.27","0.27","0.27","0.27","0.27","0.27","0.27","0.166","0.312","0.27","0.4","0.035","0.029","0.104","0.007","0.036","0.4","0.4","0.025","0.4","0.4","0.4","0.35","0.35","0.35","0.35","0.35","0.092","0.35","0.008","0.082","0.067","0.35","0.35","0.35","0.35","0.078","0.35","0.09","0","0.35","0.35","0.35","0.35","0.35","0.395","0.35","0.03","0.306","0.301","0.059","0.265","0.335","0.338","0.269","0.354","0.398","0.339","0.239","0.279","0.264","0.3","0.333","0.35","0.389","0.391","0.397","0.4","0.4"
TaxEffectOfUnusualItems,"2,874,000","0","0","0","111,409.507","0","0","0","0","0","0","0","0","0","0","0","0","0","0","140,339.935","0","0","0","0","0","0","0","0","0","0","0","0","0","0","0","0","0","0","0","0","0","0","1,050","-16,800","2,966.967","9,100","0","0","6,300","0","0","0","0","-290,547.469","-413,700","-71,853.47","0","0","0","0","0","0","0","-192,686.515","-7,325,094.089","0","0","0","0","0","0","0","0","0","0","0","4,800"