name,ttm,03/31/2022,12/31/2021,09/30/2021,06/30/2021,03/31/2021,12/31/2020,09/30/2020,06/30/2020,03/31/2020,12/31/2019,09/30/2019,06/30/2019,03/31/2019,12/31/2018,09/30/2018,06/30/2018,03/31/2018,12/31/2017,09/30/2017,06/30/2017,03/31/2017,12/31/2016,09/30/2016,06/30/2016,03/31/2016,12/31/2015,09/30/2015,06/30/2015,03/31/2015,12/31/2014,09/30/2014,06/30/2014,03/31/2014,12/31/2013,09/30/2013,06/30/2013,03/31/2013,12/31/2012,09/30/2012,06/30/2012,03/31/2012,12/31/2011,09/30/2011,06/30/2011,03/31/2011,12/31/2010,09/30/2010,06/30/2010,03/31/2010,12/31/2009,09/30/2009,06/30/2009,03/31/2009,12/31/2008,09/30/2008,06/30/2008,03/31/2008,12/31/2007,09/30/2007,06/30/2007,03/31/2007,12/31/2006,09/30/2006,06/30/2006,03/31/2006,12/31/2005,09/30/2005,06/30/2005,03/31/2005,12/31/2004,09/30/2004,06/30/2004,03/31/2004,12/31/2003,09/30/2003,06/30/2003,03/31/2003,12/31/2002,09/30/2002,06/30/2002,03/31/2002,12/31/2001,09/30/2001,06/30/2001,03/31/2001,12/31/2000,09/30/2000,06/30/2000,03/31/2000,12/31/1999,09/30/1999,06/30/1999,03/31/1999,12/31/1998,09/30/1998,06/30/1998,03/31/1998,12/31/1997,09/30/1997,06/30/1997,03/31/1997,12/31/1996,09/30/1996,06/30/1996,03/31/1996,12/31/1995,09/30/1995,06/30/1995,03/31/1995,12/31/1994,09/30/1994,06/30/1994,03/31/1994,12/31/1993,09/30/1993,06/30/1993,03/31/1993,12/31/1992,09/30/1992,06/30/1992,03/31/1992,12/31/1991,09/30/1991,06/30/1991,03/31/1991,12/31/1990,09/30/1990,06/30/1990,03/31/1990,12/31/1989,09/30/1989,06/30/1989,03/31/1989,12/31/1988,09/30/1988,06/30/1988,03/31/1988,12/31/1987,09/30/1987,06/30/1987,03/31/1987,12/31/1986,09/30/1986,06/30/1986,03/31/1986,12/31/1985,09/30/1985
TotalRevenue,"752,421,000","186,898,000","190,154,000","188,732,000","186,637,000","189,550,000","183,147,000","183,380,000","179,915,000","193,898,000","194,439,000","188,323,000","142,020,000","132,733,000","122,676,000","118,706,000","116,628,000","117,202,000","114,112,000","113,159,000","119,035,000","119,879,000","-19,447,000","94,719,000","92,688,000","91,251,000","93,618,000","98,146,000","97,903,000","91,976,000","106,057,000","89,098,000","84,505,000","81,723,000","74,612,000","52,075,000","44,158,000","41,268,000","35,644,000","43,728,000","45,213,000","47,164,000","42,959,000","45,188,000","45,419,000","48,956,000","56,237,000","52,457,000","52,635,000","69,640,000","65,535,000","59,195,000","51,065,000","49,087,000","52,715,000","70,270,000","46,703,000","44,975,000","44,237,000","46,187,000","37,675,000","37,608,000","46,197,000","31,201,000","53,109,000","46,948,000","46,575,000","46,125,000","33,412,000","29,626,000","32,879,000","32,426,000","40,955,000","42,670,000","44,300,000","41,273,000","42,280,000","67,039,000","49,553,000","52,357,000","49,003,000","49,268,000","45,203,000","45,357,000","44,275,000","43,357,000","42,802,000","37,335,000","35,842,000","28,653,000","15,624,000","31,000,000","79,600,000","22,800,000","7,411,000","32,100,000","29,600,000","29,300,000","11,499,000","26,000,000","24,700,000","23,800,000","4,332,000","17,700,000","19,000,000","17,600,000","-1,064,000","18,800,000","12,000,000","11,400,000","-3,594,000","13,200,000","12,800,000","8,600,000","8,500,000","5,500,000","5,800,000","4,800,000","4,900,000","10,400,000","6,700,000","5,900,000","5,600,000","4,900,000","4,700,000","6,000,000","5,300,000","3,400,000","5,200,000","10,200,000","10,300,000","4,500,000","4,100,000","4,200,000","5,000,000","4,900,000","4,900,000","4,900,000","4,500,000","5,000,000","4,800,000","4,600,000","16,100,000","12,900,000","22,300,000","4,600,000","6,300,000","6,500,000"
	OperatingRevenue,"749,901,000","184,615,000","190,108,000","188,609,000","186,569,000","189,336,000","183,085,000","183,374,000","179,789,000","193,861,000","194,347,000","188,320,000","142,009,000","132,073,000","122,242,000","117,962,000","115,496,000","116,242,000","112,187,000","112,166,000","115,861,000","114,453,000","-19,639,000","94,566,000","92,559,000","90,675,000","92,933,000","97,702,000","97,881,000","91,849,000","105,889,000","88,659,000","82,059,000","79,822,000","72,142,000","51,783,000","42,093,000","40,665,000","34,082,000","43,728,000","45,213,000","47,164,000","42,959,000","45,188,000","45,419,000","48,956,000","56,237,000","52,457,000","52,635,000","69,516,000","67,789,000","39,782,000","49,780,000","48,101,000","56,006,000","69,279,000","45,763,000","7,558,000","7,875,000","45,644,000","9,860,000","8,066,000","23,112,000","3,431,000","4,185,000","4,737,000","-89,079,000","46,125,000","33,412,000","29,626,000","-90,761,000","32,426,000","2,140,000","2,074,000","2,000,000","2,227,000","2,187,000","2,105,000","2,363,000","2,308,000","2,288,000","49,268,000","2,417,000","2,104,000","1,974,000","43,357,000","1,171,000","1,219,000","1,237,000","28,653,000","-77,457,000","31,000,000","79,600,000","22,800,000","-87,139,000","32,100,000","29,600,000","29,300,000","-71,052,000","26,000,000","24,700,000","23,800,000","-51,399,000","17,700,000","19,000,000","17,600,000","-39,887,000","18,800,000","12,000,000","11,400,000","-3,594,000","13,200,000","12,800,000","8,600,000","8,500,000","5,500,000","5,800,000","4,800,000","4,900,000","10,400,000","6,700,000","5,900,000","5,600,000","4,900,000","4,700,000","6,000,000","5,300,000","3,400,000","5,200,000","10,200,000","10,300,000","4,500,000","4,100,000","4,200,000","5,000,000","4,900,000","4,900,000","4,900,000","4,500,000","5,000,000","4,800,000","4,600,000","16,100,000","12,900,000","22,300,000","4,600,000","6,300,000","6,500,000"
CostOfRevenue,"257,943,000","64,877,000","63,996,000","65,354,000","63,716,000","66,395,000","61,847,000","62,844,000","61,621,000","64,538,000","66,308,000","65,646,000","46,705,000","43,487,000","42,177,000","41,579,000","40,731,000","40,191,000","40,167,000","40,688,000","41,501,000","41,526,000","-15,143,000","37,760,000","38,681,000","35,609,000","35,485,000","41,331,000","41,387,000","37,954,000","46,433,000","38,685,000","35,959,000","34,857,000","31,820,000","22,877,000","19,009,000","17,260,000","15,422,000","14,754,000","19,684,000","19,283,000","19,972,000","19,367,000","19,615,000","20,910,000","22,329,000","21,015,000","21,776,000","32,250,000","34,054,000","25,753,000","18,367,000","19,043,000","16,640,000","21,273,000","15,624,000",,,,,,,,,,,,,,,,,,,,,,,,,,,,,,,,,,,,,,,,,,,,,,,,,,,,,,,,,,,,,,,,,,,,,,,,,,,,,,,,,,,,,,,,,,,
GrossProfit,"494,478,000","122,021,000","126,158,000","123,378,000","122,921,000","123,155,000","121,300,000","120,536,000","118,294,000","129,360,000","128,131,000","122,677,000","95,315,000","89,246,000","80,499,000","77,127,000","75,897,000","77,011,000","73,945,000","72,471,000","77,534,000","78,353,000","-4,304,000","56,959,000","54,007,000","55,642,000","58,133,000","56,815,000","56,516,000","54,022,000","59,624,000","50,413,000","48,546,000","46,866,000","42,792,000","29,198,000","25,149,000","24,008,000","20,222,000","28,974,000","25,529,000","27,881,000","22,987,000","25,821,000","25,804,000","28,046,000","33,908,000","31,442,000","30,859,000","37,390,000","31,481,000","33,442,000","32,698,000","30,044,000","36,075,000","48,997,000","31,079,000",,,,,,,,,,,,,,,,,,,,,,,,,,,,,,,,,,,,,,,,,,,,,,,,,,,,,,,,,,,,,,,,,,,,,,,,,,,,,,,,,,,,,,,,,,,
OperatingExpense,"318,617,000","78,807,000","81,000,000","80,041,000","78,769,000","77,603,000","79,849,000","77,156,000","81,411,000","77,266,000","89,693,000","87,864,000","59,278,000","57,321,000","48,793,000","48,981,000","53,746,000","51,902,000","49,729,000","54,815,000","58,658,000","61,066,000","10,047,000","36,211,000","37,072,000","40,461,000","36,449,000","35,509,000","40,815,000","39,640,000","41,435,000","37,725,000","40,891,000","39,751,000","34,717,000","25,638,000","20,002,000","18,368,000","11,884,000","18,631,000","19,831,000","22,348,000","17,341,000","19,857,000","20,956,000","22,488,000","26,028,000","26,774,000","26,585,000","29,659,000","18,072,000","29,474,000","23,319,000","28,592,000","35,801,000","30,298,000","25,852,000","42,203,000","40,598,000","42,713,000","37,509,000","36,000,000","46,051,000","46,724,000","53,261,000","40,798,000","43,432,000","40,943,000","31,269,000","28,762,000","31,219,000","28,263,000","33,538,000","34,644,000","35,810,000","33,984,000","34,370,000","38,255,000","36,096,000","38,678,000","34,225,000","42,028,000","33,178,000","32,271,000","31,657,000","35,114,000","29,561,000","26,174,000","25,804,000","23,268,000","96,904,000","-12,400,000","-12,200,000","-8,500,000","102,669,000","-14,400,000","-12,300,000","-12,000,000","90,056,000","-11,600,000","-11,100,000","-9,700,000","64,081,000","-7,500,000","-7,200,000","-7,000,000","45,135,000","-8,400,000","-4,300,000","-3,200,000","32,402,000","-5,500,000","-2,300,000","-1,900,000","-1,900,000","-2,400,000","-1,300,000","-2,400,000","-6,400,000","-1,700,000","-1,200,000","-1,800,000","-5,700,000","-1,500,000","-1,300,000","-2,000,000","-1,000,000","-500,000","-900,000","-500,000","-200,000","-700,000","-1,200,000",,,,,,,,,,,,,,,
	SellingGeneralAndAdministration,"30,651,000","8,063,000","7,307,000","7,968,000","7,313,000","6,733,000","7,181,000","5,658,000","8,543,000","5,652,000","11,321,000","5,852,000","8,374,000","11,460,000","3,247,000","3,913,000","8,071,000","6,809,000","5,530,000","7,193,000","8,618,000","6,182,000","8,291,000","4,368,000","4,691,000","8,492,000","4,597,000","2,971,000","5,936,000","3,493,000","3,396,000","5,021,000","5,756,000","5,611,000","4,683,000","6,635,000","4,552,000","6,069,000","851,000","7,064,000","7,081,000","8,212,000","7,801,000","6,176,000","7,581,000","9,013,000","14,016,000","11,833,000","12,213,000","14,436,000","8,834,000","13,883,000","16,004,000","13,990,000","13,975,000","17,026,000","13,067,000","14,385,000","12,797,000","14,719,000","15,604,000","14,690,000","29,660,000","9,095,000","9,906,000","9,932,000","14,867,000","8,943,000","8,217,000","8,676,000","8,683,000","8,431,000","8,605,000","7,983,000","7,417,000","7,331,000","7,644,000","7,214,000","7,081,000","6,322,000","6,972,000","7,295,000","6,881,000","7,266,000","6,841,000","6,101,000","4,077,000","4,915,000","4,916,000","4,544,000","4,761,000","3,200,000","3,400,000","3,600,000","3,587,000","3,500,000","2,900,000","3,100,000","2,917,000","3,400,000","3,100,000","3,300,000","2,480,000","2,300,000","2,100,000","2,200,000","1,848,000","1,800,000","2,000,000","2,000,000","1,638,000","1,800,000","2,000,000","2,100,000","2,000,000","1,800,000","1,800,000","1,800,000",,"1,200,000","1,100,000","1,200,000",,"1,300,000","1,400,000","1,200,000","800,000","1,200,000","1,300,000","1,200,000","1,500,000","1,200,000","1,300,000",,,,,,,,,,,,,,,
		GeneralAndAdministrativeExpense,"30,651,000","8,063,000","7,307,000","7,968,000","7,313,000","6,733,000","7,181,000","5,658,000","8,543,000","5,652,000","11,321,000","5,852,000","8,374,000","11,460,000","3,247,000","3,913,000","8,071,000","6,809,000","5,530,000","7,193,000","8,618,000","6,182,000","8,291,000","4,368,000","4,691,000","8,492,000","4,597,000","2,971,000","5,936,000","3,493,000","3,396,000","5,021,000","5,756,000","5,611,000","4,683,000","6,635,000","4,552,000","6,069,000",,,,,,,,,,,,,,,,,,,,"14,385,000","12,797,000","14,719,000","15,604,000","14,690,000","29,660,000","9,095,000","9,906,000","9,932,000","14,867,000","8,943,000","8,217,000","8,676,000","8,683,000","8,431,000","8,605,000","7,983,000","7,417,000","7,331,000","7,644,000","7,214,000","7,081,000","6,322,000","6,972,000","7,295,000","6,881,000","7,266,000","6,841,000","6,101,000","4,077,000","4,915,000","4,916,000","4,544,000","4,761,000","3,200,000","3,400,000","3,600,000","3,587,000","3,500,000","2,900,000","3,100,000","2,917,000","3,400,000","3,100,000","3,300,000","2,480,000","2,300,000","2,100,000","2,200,000","1,848,000","1,800,000","2,000,000","2,000,000","1,638,000","1,800,000","2,000,000","2,100,000","2,000,000","1,800,000","1,800,000","1,800,000",,"1,200,000","1,100,000","1,200,000",,"1,300,000","1,400,000","1,200,000","800,000","1,200,000","1,300,000","1,200,000","1,500,000","1,200,000","1,300,000",,,,,,,,,,,,,,,
			SalariesAndWages,,,,,,,,,,,,,,,,,,,,,,,,,,,,,,,,,,,,,,,,,,,,,,,,,,,,,,,,,,"14,385,000","12,797,000","14,719,000","15,604,000","14,690,000","29,660,000","9,095,000","9,906,000","9,932,000","14,867,000","8,943,000","8,217,000","8,676,000","8,683,000","8,431,000","8,605,000","7,983,000","7,417,000","7,331,000","7,644,000","7,214,000","7,081,000","6,322,000","6,972,000","7,295,000","6,881,000","7,266,000","6,841,000","6,101,000","4,077,000","4,915,000","4,916,000","4,544,000","4,800,000","3,200,000","3,400,000","3,600,000","3,600,000","3,500,000","2,900,000","3,100,000","2,900,000","3,400,000","3,100,000","3,300,000","2,500,000","2,300,000","2,100,000","2,200,000","1,800,000","1,800,000","2,000,000","2,000,000","1,600,000","1,800,000","2,000,000","2,100,000","2,000,000","1,800,000","1,800,000","1,800,000",,"1,200,000","1,100,000","1,200,000",,"1,300,000","1,400,000","1,200,000","800,000","1,200,000","1,300,000","1,200,000","1,500,000","1,200,000","1,300,000",,,,,,,,,,,,,,,
			OtherGandA,"30,651,000","8,063,000","7,307,000","7,968,000","7,313,000","6,733,000","7,181,000","5,658,000","8,543,000","5,652,000","11,321,000","5,852,000","8,374,000","11,460,000","3,247,000","3,913,000","8,071,000","6,809,000","5,530,000","7,193,000","8,618,000","6,182,000","8,291,000","4,368,000","4,691,000","8,492,000","4,597,000","2,971,000","5,936,000","3,493,000","3,396,000","5,021,000","5,756,000","5,611,000","4,683,000","6,635,000","4,552,000","6,069,000",,,,,,,,,,,,,,,,,,,,,,,,,,,,,,,,,,,,,,,,,,,,,,,,,,,,,,,,,,,,,,,,,,,,,,,,,,,,,,,,,,,,,,,,,,,,,,,,,,,,,,,,,,,,,,
	DepreciationAmortizationDepletionIncomeStatement,"287,966,000","70,744,000","73,693,000","72,073,000","71,456,000","70,870,000","72,668,000","71,498,000","72,868,000","71,614,000","78,372,000","82,012,000","50,904,000","45,861,000","45,546,000","45,068,000","45,675,000","45,093,000","44,199,000","47,622,000","50,040,000","54,884,000","1,756,000","31,843,000","32,381,000","31,969,000","31,852,000","32,538,000","34,879,000","36,147,000","38,039,000","32,704,000","35,135,000","34,140,000","30,034,000","19,003,000","15,450,000","12,299,000","11,033,000","11,567,000","12,750,000","14,136,000","11,864,000","12,891,000","13,375,000","13,475,000","17,501,000","13,977,000","14,372,000","13,895,000","13,528,000","13,868,000","15,381,000","13,056,000","15,777,000","13,272,000","12,785,000","11,439,000","11,861,000","10,554,000","8,721,000","9,520,000","2,936,000","7,834,000","13,689,000","10,823,000","9,051,000","8,572,000","9,523,000","9,409,000","9,466,000","8,389,000","10,663,000","12,378,000","11,766,000","12,851,000","13,142,000","15,400,000","13,345,000","15,649,000","13,347,000","12,020,000","11,788,000","11,242,000","11,039,000","10,583,000","9,632,000","8,711,000","8,009,000","6,432,000",,,,,,,,,,,,,,,,,,,,,,,,,,,,,,,,,,,,,,,,,,,,,,,,,,,,,,,,,,
		DepreciationAndAmortizationInIncomeStatement,"287,966,000","70,744,000","73,693,000","72,073,000","71,456,000","70,870,000","72,668,000","71,498,000","72,868,000","71,614,000","78,372,000","82,012,000","50,904,000","45,861,000","45,546,000","45,068,000","45,675,000","45,093,000","44,199,000","47,622,000","50,040,000","54,884,000","1,756,000","31,843,000","32,381,000","31,969,000","31,852,000","32,538,000","34,879,000","36,147,000","38,039,000","32,704,000","35,135,000","34,140,000","30,034,000","19,003,000","15,450,000","12,299,000","11,033,000","11,567,000","12,750,000","14,136,000","11,864,000","12,891,000","13,375,000","13,475,000","17,501,000","13,977,000","14,372,000","13,895,000","13,528,000","13,868,000","15,381,000","13,056,000","15,777,000","13,272,000","12,785,000","11,439,000","11,861,000","10,554,000","8,721,000","9,520,000","2,936,000","7,834,000","13,689,000","10,823,000","9,051,000","8,572,000","9,523,000","9,409,000","9,466,000","8,389,000","10,663,000","12,378,000","11,766,000","12,851,000","13,142,000","15,400,000","13,345,000","15,649,000","13,347,000","12,020,000","11,788,000","11,242,000","11,039,000","10,583,000","9,632,000","8,711,000","8,009,000","6,432,000",,,,,,,,,,,,,,,,,,,,,,,,,,,,,,,,,,,,,,,,,,,,,,,,,,,,,,,,,,
	OtherTaxes,,,,,,,,,,,,,,,,,,,,,,,,,,,,,,,,,,,,,,,,,,,,,,,,,,,,,,,,,,,,"-42,713,000",,,,,,,,,,,,,,,,,,,,,,"-34,998,000",,,,"-29,609,000",,,,"-19,391,000",,"-15,600,000","-15,600,000","-12,100,000",,"-17,900,000","-15,200,000","-15,100,000",,"-15,000,000","-14,200,000","-13,000,000",,"-9,800,000","-9,300,000","-9,200,000",,"-10,200,000","-6,300,000","-5,200,000",,"-7,300,000","-4,300,000","-4,000,000","-3,900,000","-4,200,000","-3,100,000","-4,200,000","-2,900,000","-2,900,000","-2,300,000","-3,000,000","-1,800,000","-2,800,000","-2,700,000","-3,200,000","-1,800,000","-1,700,000","-2,200,000","-1,700,000","-1,700,000","-1,900,000","-2,500,000",,,,,,,,,,,,,,,
	OtherOperatingExpenses,,,,,,"368,000","364,000","373,000","322,000","521,000","735,000","1,290,000","1,047,000","932,000","1,025,000","955,000","860,000","942,000","860,000","895,000","907,000","865,000","796,000","795,000","798,000","870,000","916,000","686,000","717,000","1,111,000","949,000","783,000","988,000","932,000","850,000","1,097,000","1,359,000","1,910,000",,,,,,"790,000",,,,"964,000",,"1,328,000","-4,290,000","1,723,000","-8,066,000","1,546,000",,,,"16,379,000","15,940,000","60,153,000","13,184,000","11,790,000","13,455,000","29,795,000","29,666,000","20,043,000","19,514,000","23,428,000","13,529,000","10,677,000","13,070,000","11,443,000","14,270,000","14,283,000","16,627,000","13,802,000","13,584,000","15,641,000","15,670,000","16,707,000","13,906,000","57,711,000","14,509,000","13,763,000","13,777,000","48,039,000","15,852,000","12,548,000","12,879,000","31,683,000",,,,,,,,,,,,,,,,,,,,,,,,,,,,,,,,,,,,,,,,,,,,,,,,,,,,,,,,,,
OperatingIncome,"175,861,000","43,214,000","45,158,000","43,337,000","44,152,000","45,552,000","41,451,000","43,380,000","36,883,000","52,094,000","38,438,000","34,813,000","36,037,000","31,925,000","31,706,000","28,146,000","22,151,000","25,109,000","24,216,000","17,656,000","18,876,000","17,287,000","-14,351,000","20,748,000","16,935,000","15,181,000","21,684,000","21,306,000","15,701,000","14,382,000","18,189,000","12,688,000","7,655,000","7,115,000","8,075,000","3,560,000","5,147,000","5,640,000","8,338,000","10,343,000","5,698,000","5,533,000","5,646,000","5,964,000","4,848,000","5,558,000","7,880,000","4,668,000","4,274,000","7,731,000","13,409,000","3,968,000","9,379,000","1,452,000","274,000","18,699,000","5,227,000","2,772,000","3,639,000","3,474,000","166,000","1,608,000","146,000","-15,523,000","-152,000","6,150,000","3,143,000","5,182,000","2,143,000","864,000","1,660,000","4,163,000","7,417,000","8,026,000","8,490,000","7,289,000","7,910,000","28,784,000","13,457,000","13,679,000","14,778,000","7,240,000","12,025,000","13,086,000","12,618,000","8,243,000","13,241,000","11,161,000","10,038,000","5,385,000","-81,280,000","43,400,000","91,800,000","31,300,000","-95,258,000","46,500,000","41,900,000","41,300,000","-78,557,000","37,600,000","35,800,000","33,500,000","-59,749,000","25,200,000","26,200,000","24,600,000","-46,199,000","27,200,000","16,300,000","14,600,000","-35,996,000","18,700,000","15,100,000","10,500,000","10,400,000","7,900,000","7,100,000","7,200,000","11,300,000","12,100,000","7,900,000","7,700,000","11,300,000","6,400,000","6,000,000","8,000,000","6,300,000","3,900,000","6,100,000","10,700,000","10,500,000","5,200,000","5,300,000","4,200,000","13,600,000","4,900,000","4,900,000","4,900,000","11,200,000","5,000,000","4,800,000","4,600,000","28,500,000","12,900,000","22,300,000","4,600,000","29,600,000","6,500,000"
NetNonOperatingInterestIncomeExpense,"-65,344,000","-15,525,000","-16,454,000","-16,709,000","-16,656,000","-17,208,000","-15,650,000","-15,058,000","-13,993,000","-15,904,000","-16,384,000","-14,700,000","-12,059,000","-10,820,000","-10,387,000","-9,551,000","-9,714,000","-9,778,000","-7,673,000","-7,587,000","-8,523,000","-9,741,000","-4,193,000","-7,710,000","-7,334,000","-7,414,000","-7,504,000","-7,673,000","-7,869,000","-7,677,000","-8,156,000","-6,817,000","-6,970,000","-7,167,000","-7,384,000","-5,149,000","-4,241,000","-4,935,000","-5,997,000","-5,793,000","-5,875,000","-6,268,000","-6,281,000","-6,601,000","-7,358,000","-7,544,000","-8,411,000","-8,702,000","-10,286,000","-9,781,000","-6,585,000","-10,793,000","-9,275,000","-9,444,000","-9,937,000","-7,714,000","-6,427,000",,,,,,,,,,,,,,,,,,,,,,,,,,,,,,,,,,,,,,,,,,,,,,,,,,,,,,,,,,,,,,,,,,,,,,,,,,,,,,,,,,,,,,,,,,,
	InterestIncomeNonOperating,,,,,,,,,,,,,,,,,,,,,,,,,,,,,,,,,,,,,,,,,,,,,,,,,,,,,"1,285,000","986,000","867,000","991,000","940,000",,,,,,,,,,,,,,,,,,,,,,,,,,,,,,,,,,,,,,,,,,,,,,,,,,,,,,,,,,,,,,,,,,,,,,,,,,,,,,,,,,,,,,,,,,,
	InterestExpenseNonOperating,"65,344,000","15,525,000","16,454,000","16,709,000","16,656,000","17,208,000","15,650,000","15,058,000","13,993,000","15,904,000","16,384,000","14,700,000","12,059,000","10,820,000","10,387,000","9,551,000","9,714,000","9,778,000","7,673,000","7,587,000","8,523,000","9,741,000","4,193,000","7,710,000","7,334,000","7,414,000","7,504,000","7,673,000","7,869,000","7,677,000","8,156,000","6,817,000","6,970,000","7,167,000","7,384,000","5,149,000","4,241,000","4,935,000","5,997,000","5,793,000","5,875,000","6,268,000","6,281,000","6,601,000","7,358,000","7,544,000","8,411,000","8,702,000","10,286,000","9,781,000","9,610,000","10,793,000","10,560,000","10,430,000","10,804,000","8,705,000","7,367,000",,,,,,,,,,,,,,,,,,,,,,,,,,,,,,,,,,,,,,,,,,,,,,,,,,,,,,,,,,,,,,,,,,,,,,,,,,,,,,,,,,,,,,,,,,,
OtherIncomeExpense,"167,331,000","474,000","138,785,000","27,508,000","564,000","967,000","-14,487,000","-67,000","346,000","139,119,000","-26,913,000","579,000","-46,560,000","14,900,000","-1,144,000","-955,000","-1,041,000","-1,438,000","-1,755,000","-212,000","440,000","-3,199,000","-31,321,000","-2,908,000","-3,374,000","-995,000","-1,238,000","-880,000","-1,060,000","-1,653,000","-3,057,000","-1,908,000","-2,014,000","-1,532,000","-2,885,000","-9,401,000","-1,990,000","-2,638,000","-9,648,000","-2,745,000","-579,000","-13,025,000","-105,197,000","-74,000","1,699,000","-4,370,000","-24,854,000","9,235,000","-328,000",,"-12,498,000","-4,012,000","-36,500,000","169,254,000","2,179,000","-1,975,000","-549,000",,,,,,,,,,,,,,,,,"9,056,000","3,527,000","6,932,000","7,663,000","6,497,000","6,159,000","6,880,000","6,601,000","14,060,000","5,948,000","5,804,000","5,640,000","11,010,000","5,808,000","5,360,000","4,407,000","7,754,000","-38,063,000","1,000,000","51,200,000",,,,,,,,,,,,,,,,,,"7,680,000","1,700,000","3,200,000",,,,,,,,,,,,,,,,,,,,,,,,,,,,,,,,,,,
	GainOnSaleOfSecurity,"152,495,000","-69,000","139,510,000","13,063,000","-9,000","-17,000","-67,000","-523,000","-201,000","90,916,000",,"-27,000","1,304,000","13,111,000",,,,,,,,,,,,,,,,,,,,,,,,,,,,,,,"59,000",,,,"1,061,000",,,,,"167,434,000",,,,,,"355,000",,,,,,,,,,,,,,,,,,,,,,,,,,,,,,,,,"51,200,000",,,,,,,,,,,,,,,,,,,"1,700,000","3,200,000",,,,,,,,,,,,,,,,,,,,,,,,,,,,,,,,,,,
	EarningsFromEquityInterest,"6,022,000","1,124,000","975,000","2,128,000","1,795,000","1,903,000","1,196,000","1,611,000","1,715,000","3,425,000",,"3,241,000","3,634,000","2,904,000",,,,,,,,,,,,,,,,,,,,,,,,,,,,,,,"2,312,000",,,,"2,394,000",,,,,"1,820,000",,,,,,,,,,,,,,,,,,,,,,,,,,,,,,,,,,,,,,,,,,,,,,,,,,,,,,,,,,,,,,,,,,,,,,,,,,,,,,,,,,,,,,,,,,,,,,
	SpecialIncomeCharges,"13,044,000","0","-77,000","13,121,000","0","39,000","-15,002,000","-59,000","-294,000","45,865,000","-2,003,000","-1,048,000","-49,827,000","-3,000","-20,000","93,000","-137,000","-176,000","-162,000","1,106,000","1,583,000","-1,930,000","-25,318,000","-1,940,000","-2,424,000","-19,000","-195,000","-19,000","-2,000","-185,000","-416,000","-644,000","-149,000","-106,000","-57,000","-7,379,000","0","0","1,519,000","-2,745,000","-579,000","-13,025,000","-105,197,000","-74,000","-672,000","-4,370,000","-24,854,000","9,235,000","-3,783,000",,"-12,498,000","-4,012,000","-36,500,000",,"2,179,000","-1,975,000","-549,000","0",,"-355,000","0",,"0","0","0","0","0","0","0","0","0","0","0","9,056,000","3,527,000","6,932,000","7,663,000","6,497,000","6,159,000","6,880,000","6,601,000","14,060,000","5,948,000","5,804,000","5,640,000","11,010,000","5,808,000","5,360,000","4,407,000","7,754,000","-38,063,000","1,000,000",,,,,,,,,,,,,,,,,,,,,,,,,,,,,,,,,,,,,,,,,,,,,,,,,,,,,,,,
		RestructuringAndMergernAcquisition,,,"0","0","0","0","0","0","63,000","365,000","2,003,000","1,048,000","49,827,000","3,000","20,000","0","137,000","91,000","162,000","-677,000","246,000","1,930,000","20,138,000","1,940,000","2,424,000","19,000","195,000","19,000","2,000","185,000","416,000","644,000","149,000","106,000","57,000","7,379,000","0","0",,,,,,,,,,,,,,,,,,,,,,,,,,,,,,,,,,,,,,,,,,,,,,,,,,,,,,,,,,,,,,,,,,,,,,,,,,,,,,,,,,,,,,,,,,,,,,,,,,,,,,,,,,,,,,
		ImpairmentOfCapitalAssets,,,,,,,,,,,,,,,,,,,,,,,,,,,,,,,,,,,,,,,,"488,000","0","12,233,000","104,255,000","0","0","3,508,000","1,968,000","0","586,000",,"0","4,012,000","36,500,000",,,,,,,,,,,,,,,,,,,,,,,,,,,,,,,,,,,,,,,,,,,,,,,,,,,,,,,,,,,,,,,,,,,,,,,,,,,,,,,,,,,,,,,,,,,,,,,
		WriteOff,,,"0",,,,,,,,,,,,,,,,,,,,,,,,,,,,,,,,"0",,,,,,,,,,,,,,,,,,,,,,,,,,,,,,,,,,,,,,,,,,,,,,,,,,,,,,,,,,,,,,,,,,,,,,,,,,,,,,,,,,,,,,,,,,,,,,,,,,,,,,,,,,,,,,,,,
		OtherSpecialCharges,,,,,,,,,,,,,,,"0","-93,000",,"85,000","0","-429,000","-1,829,000",,"5,180,000",,,,,,,,,,,,,,,,"-3,504,000","2,257,000","579,000","792,000","4,436,000","74,000","672,000","862,000","24,824,000","-9,235,000","3,197,000",,,,,,,,,,,,,,,,,,,,,,,,,,,,,,,,,,,,,,,,,,,,,,,,,,,,,,,,,,,,,,,,,,,,,,,,,,,,,,,,,,,,,,,,,,,,,,,,,,,
		GainOnSaleOfBusiness,"13,044,000","0","-77,000","13,121,000","0","39,000","-173,000","-59,000","-231,000","46,230,000",,,,,,,,,,,,,,,,,,,,,,,,,,,,,,,,,,,,,,,,,,,,,,,,,,,,,,,,,,,,,,,,,,,,,,,,,,,,,,,,,,,,,,,,,,,,,,,,,,,,,,,,,,,,,,,,,,,,,,,,,,,,,,,,,,,,,,,,,,
	OtherNonOperatingIncomeExpenses,"-4,230,000","-581,000","-1,623,000","-804,000","-1,222,000","-958,000","-614,000","-1,096,000","-874,000","-1,087,000","-743,000","-1,587,000","-1,671,000","-1,112,000","-1,124,000","-1,048,000","-904,000","-1,262,000","-1,593,000","-1,318,000","-1,143,000","-1,269,000","-6,003,000","-968,000","-950,000","-976,000","-1,043,000","-861,000","-1,058,000","-1,468,000","-2,641,000","-1,264,000","-1,865,000","-1,426,000","-2,828,000","-2,022,000","-1,990,000","-2,638,000",,,,,,,,,,,,,,,,,,,,,,,,,,,,,,,,,,,,,,,,,,,,,,,,,,,,,,,,,,,,,,,,,,,,,,,,,,,,,,,,,,,,,,,,,,,,,,,,,,,,,,,,,,,,,,
PretaxIncome,"277,848,000","28,163,000","167,489,000","54,136,000","28,060,000","29,311,000","11,314,000","28,255,000","23,236,000","175,309,000","-4,859,000","20,692,000","-22,582,000","36,005,000","20,175,000","17,640,000","11,396,000","13,893,000","14,788,000","9,857,000","10,793,000","4,347,000","-49,865,000","10,130,000","6,227,000","6,772,000","12,942,000","12,753,000","6,772,000","5,052,000","6,976,000","3,963,000","-1,329,000","-1,584,000","-2,194,000","-10,990,000","-1,084,000","-1,933,000","-7,307,000","1,805,000","-756,000","-13,760,000","-105,832,000","-711,000","-811,000","-6,356,000","-5,731,000","-13,269,000","-6,340,000","-2,642,000","91,241,000","-10,837,000","-66,241,000","160,276,000","9,791,000","8,019,000","-2,689,000","-3,503,000","-1,381,000","209,000","-365,000","1,608,000","146,000","-18,148,000","-5,032,000","2,537,000","608,000","3,507,000","40,000","-1,917,000","-1,047,000","1,410,000","1,149,000","10,535,000","5,581,000","7,610,000","7,177,000","25,492,000","9,793,000","11,048,000","11,822,000","12,768,000","10,929,000","12,045,000","11,708,000","12,082,000","13,422,000","12,047,000","11,447,000","12,642,000","-45,143,000","13,100,000","64,000,000","10,400,000",,"10,800,000","11,700,000",,"8,078,000","7,600,000","6,900,000",,"4,509,000","6,200,000","8,300,000","7,500,000","5,227,000","8,500,000","5,500,000","6,100,000","1,473,000","5,900,000","8,200,000",,"4,500,000","1,300,000",,"700,000","2,100,000","7,200,000","4,300,000","2,600,000","3,500,000","1,800,000","1,800,000","2,500,000","3,200,000","1,200,000","2,600,000","8,400,000",,,,,,,,,,,,,,,,,,
TaxProvision,,,,,,,,,,,,,,,,,,,,,,,"0",,,,"0","0","0","0","0","1,000","-9,000","-12,000","-26,000","1,000","1,000","1,000","-29,000","60,000","33,000","27,000","31,000","-180,000","27,000","-64,000","28,000","25,000","14,000","-1,146,000","11,747,000","54,000","11,293,000","-3,941,000","-4,293,000","916,000","-2,176,000","-3,217,000","-517,000","-1,806,000","-1,073,000","-1,027,000","108,000","-7,000","-1,926,000","-2,370,000","-3,809,000","-2,021,000","-1,057,000","-852,000","-1,178,000","-713,000","-17,000","836,000","-3,613,000","231,000","537,000","249,000","-2,896,000","-196,000","-152,000","-1,022,000","469,000","-311,000","-227,000","-940,000","-369,000","-621,000","-117,000","-7,000","-3,842,000","200,000","400,000","900,000",,"100,000","-100,000",,"-627,000","-300,000","-600,000",,"-803,000","-800,000","-200,000","200,000","-1,547,000","600,000","100,000","200,000","-66,000","-200,000","100,000",,"100,000","-400,000",,"-500,000","-200,000","-300,000","800,000","100,000","100,000","-100,000","100,000","300,000","300,000","-3,300,000","200,000","500,000",,,,,,,,,,,,,,,,,,
EarningsFromEquityInterestNetOfTax,,,,,,,,,,,"99,260,000",,,,"2,576,000","2,219,000","10,353,000","2,513,000","17,083,000","2,428,000","160,152,000","511,000","68,588,000","1,527,000","1,538,000","16,024,000","43,934,000","40,861,000","1,185,000","2,716,000","16,892,000","2,111,000","3,354,000","1,447,000","1,367,000","66,879,000","1,538,000","58,829,000","28,948,000","2,329,000","9,791,000","2,243,000","-25,767,000","2,660,000",,"2,555,000","2,000,000","2,179,000",,"2,920,000",,"-42,854,000","-29,361,000",,,,,,,,,,,,,,,,,,,,,,,,,,,,,,,,,,,,,,,,,,,,,,,,,,,,,,,,,,,,,,,,,,,,,,,,,,,,,,,,,,,,,,,,,,,,,,,
NetIncomeCommonStockholders,"277,460,000","27,984,000","167,305,000","54,018,000","28,153,000","29,110,000","11,119,000","28,115,000","23,101,000","174,943,000","117,112,000","20,374,000","-22,409,000","35,341,000","22,360,000","19,485,000","21,276,000","16,043,000","31,368,000","12,067,000","168,089,000","4,751,000","36,891,000","11,657,000","7,765,000","22,796,000","56,744,000","53,620,000","7,951,000","7,203,000","23,220,000","19,322,000","-2,223,000","5,200,000","2,122,000","59,381,000","-5,579,000","53,170,000","30,088,000","9,444,000","6,401,000","-13,112,000","-128,957,000","188,000","-4,706,000","-7,857,000","-8,930,000","-8,382,000","-8,595,000","-1,573,000","-7,782,000","-57,088,000","-81,313,000","160,571,000","-4,138,000","6,978,000","2,911,000","1,839,000","-4,979,000","7,849,000","395,000","14,407,000","38,074,000","174,455,000","-3,483,000","8,395,000","12,577,000","9,923,000","6,466,000","5,525,000","118,454,000","224,739,000","45,707,000","10,842,000","8,519,000","59,190,000","143,500,000","27,594,000","13,875,000","12,010,000","12,712,000","9,274,000","13,503,000","13,387,000","12,558,000","31,367,000","14,267,000","13,696,000","13,139,000","20,941,000","12,582,000","12,900,000","63,600,000","15,000,000","11,499,000","10,700,000","11,800,000","11,300,000","9,277,000","10,900,000","7,500,000","9,600,000","18,116,000","7,000,000","8,500,000","7,300,000","5,442,000","9,600,000","5,400,000","5,900,000","7,895,000","6,100,000","8,100,000","4,800,000","4,400,000","2,900,000","3,200,000","1,400,000","2,300,000","7,500,000","3,500,000","2,500,000","3,200,000","2,000,000","1,800,000","2,300,000","2,900,000","4,500,000","2,400,000","7,900,000","8,700,000","2,400,000","1,500,000","2,600,000","2,600,000","2,700,000","1,600,000","2,800,000","3,800,000","2,500,000","2,200,000","2,600,000","7,600,000","9,800,000","11,000,000","1,200,000","3,300,000","2,500,000"
	NetIncome,"277,460,000","27,984,000","167,305,000","54,018,000","28,153,000","29,110,000","11,119,000","28,115,000","23,101,000","174,943,000","117,112,000","20,374,000","-22,409,000","35,341,000","22,360,000","19,485,000","21,276,000","16,043,000","31,368,000","12,067,000","168,089,000","4,751,000","36,891,000","11,657,000","7,765,000","22,796,000","56,744,000","53,620,000","7,951,000","7,203,000","23,220,000","19,322,000","2,485,000","6,977,000","3,899,000","61,158,000","304,000","56,397,000","33,315,000","12,670,000","9,628,000","-9,885,000","-125,730,000","3,414,000","-1,479,000","-4,630,000","-5,703,000","-5,156,000","-5,368,000","1,654,000","-4,557,000","-53,860,000","-78,086,000","163,798,000","-618,000","10,790,000","6,723,000","5,652,000","-1,166,000","11,661,000","4,207,000","18,220,000","41,887,000","178,267,000","329,000","12,208,000","16,390,000","13,735,000","10,278,000","9,338,000","120,684,000","226,676,000","47,644,000","12,780,000","10,456,000","60,611,000","143,500,000","27,594,000","13,875,000","12,010,000","12,712,000","9,274,000","13,503,000","13,387,000","12,558,000","31,367,000","14,267,000","13,696,000","13,139,000","20,941,000","12,582,000","12,900,000","63,600,000","15,000,000","11,499,000","10,700,000","11,800,000","11,300,000","9,277,000","10,900,000","7,500,000","9,600,000","18,116,000","7,000,000","8,500,000","7,300,000","5,442,000","9,600,000","5,400,000","5,900,000","7,895,000","6,100,000","8,100,000","4,800,000","4,400,000","2,900,000","3,200,000","1,400,000","2,300,000","7,500,000","3,500,000","2,500,000","3,200,000","2,000,000","1,800,000","2,300,000","2,900,000","4,500,000","2,400,000","7,900,000","8,700,000","2,400,000","1,500,000","2,600,000","2,600,000","2,700,000","1,600,000","2,800,000","3,800,000","2,500,000","2,200,000","2,600,000","7,600,000","9,800,000","11,000,000","1,200,000","3,300,000","2,500,000"
		NetIncomeIncludingNoncontrollingInterests,"277,848,000","28,163,000","167,489,000","54,136,000","28,060,000","29,311,000","11,314,000","28,255,000","23,236,000","175,309,000","118,568,000","20,692,000","-22,582,000","36,005,000","22,751,000","19,859,000","21,749,000","16,406,000","31,871,000","12,285,000","170,945,000","4,858,000","37,886,000","11,657,000","7,765,000","22,796,000","56,855,000","53,620,000","7,951,000","7,203,000","23,848,000","19,414,000","2,614,000","7,132,000","4,066,000","65,037,000","819,000","56,904,000","35,765,000","13,278,000","10,230,000","-11,354,000","-124,226,000","5,606,000","-798,000","-4,049,000","-4,969,000","-4,460,000","-4,784,000","2,180,000","-3,946,000","-53,329,000","-77,388,000","164,210,000","-2,306,000","11,556,000","6,974,000","6,323,000","-928,000","11,375,000","5,049,000","19,082,000","42,727,000","179,166,000","1,642,000","13,286,000","19,427,000","13,735,000","10,278,000","9,338,000","120,684,000","226,676,000","47,644,000","12,780,000","10,456,000","60,611,000","143,500,000","27,594,000","13,875,000","12,010,000","12,712,000","9,274,000","13,503,000","13,387,000","12,558,000","31,367,000","14,267,000","13,696,000","13,139,000","20,941,000","12,582,000","12,900,000","63,600,000","15,000,000","11,499,000","10,700,000","11,800,000","11,300,000","9,277,000","10,900,000","7,500,000","9,600,000","18,116,000","7,000,000","8,500,000","7,300,000","5,442,000","9,600,000","5,400,000","5,900,000","7,895,000","6,100,000","8,100,000","4,800,000","4,400,000","2,900,000","3,200,000","1,400,000","2,300,000","7,500,000","3,500,000","2,500,000","3,200,000","2,000,000","1,800,000","2,300,000","2,900,000","4,500,000","2,400,000","7,900,000","8,700,000","2,400,000","1,500,000","2,600,000","2,600,000","2,700,000","1,600,000","2,800,000","3,800,000","2,500,000","2,200,000","2,600,000","7,600,000","9,800,000","11,000,000","1,200,000","3,300,000","2,500,000"
			NetIncomeContinuousOperations,"277,848,000","28,163,000","167,489,000","54,136,000","28,060,000","29,311,000","11,314,000","28,255,000","23,236,000","175,309,000","118,568,000","20,692,000","-22,582,000","36,005,000","22,751,000","19,859,000","21,749,000","16,406,000","31,871,000","12,285,000","170,945,000","4,858,000","18,723,000","11,657,000","7,765,000","22,796,000","56,876,000","53,614,000","7,957,000","7,768,000","23,868,000","6,073,000","2,034,000","-125,000","-801,000","55,888,000","453,000","56,895,000","21,670,000","4,074,000","9,002,000","-11,544,000","-131,807,000","2,188,000","-838,000","-3,737,000","-5,634,000","-11,057,000","-6,354,000","2,180,000","-3,940,000","-53,339,000","-77,534,000","164,217,000","-3,172,000","11,221,000","6,687,000","5,652,000","-1,239,000","1,758,000","4,007,000","9,921,000","11,517,000","123,545,000","194,000","12,017,000","16,458,000","12,290,000","10,169,000","9,233,000","106,748,000","157,455,000","46,828,000","11,765,000","10,423,000","9,557,000","97,596,000","26,246,000","12,791,000","11,880,000","12,712,000","12,775,000","13,503,000","13,387,000","12,558,000","31,367,000","14,833,000","13,696,000","13,139,000","20,941,000","12,582,000","12,900,000","63,600,000","9,500,000","11,499,000","10,700,000","11,800,000","11,300,000","14,677,000","7,900,000","7,500,000","7,200,000","18,116,000","7,000,000","8,500,000","7,300,000","7,142,000","7,900,000","5,400,000","5,900,000","7,895,000","6,100,000","8,100,000","4,800,000","4,400,000","1,700,000","2,700,000","1,200,000","2,300,000","7,500,000","3,500,000","2,500,000","3,400,000","1,900,000","1,700,000","2,200,000","2,900,000","4,500,000","2,400,000","7,900,000","8,700,000","2,400,000","1,500,000","2,600,000","2,600,000","2,700,000","1,600,000","2,800,000","3,800,000","2,500,000","2,200,000","2,600,000","7,600,000","9,800,000","11,000,000","1,200,000","3,300,000","2,500,000"
			NetIncomeDiscontinuousOperations,,,,,,,,,,,,,,,,,,,"0","0","0","0","-5,198,000",,,,"-21,000","6,000","-6,000","-565,000","-20,000","13,341,000","580,000","7,257,000","4,867,000","9,149,000","366,000","9,000","14,095,000","9,204,000","1,228,000","190,000","7,581,000","3,418,000","40,000","-312,000","665,000","6,597,000","1,570,000","0","-6,000","10,000","146,000","-7,000","2,554,000","-431,000","36,000","0","73,000","9,903,000","200,000","8,299,000","30,370,000","54,722,000","135,000","191,000","-68,000","1,445,000","109,000","105,000","13,936,000","69,221,000","816,000","1,015,000","33,000","51,054,000","45,904,000","1,348,000","1,084,000","130,000",,,,,,,,,,,,,,,,,,,,,,,,,,,,,,,,,,,,,,,,,,,,,,,,,,,,,,,,,,,,,,,,,,,,
			NetIncomeExtraordinary,,,,,,,,,,,,,,,,,,,,,,,,,,,,,,,,,,,,,,,,,,,,,,,,,,,,,,,,,,,,,,,,,,,,,,,,,,,,,,,"0","0","0","-3,501,000",,,,,,,,,,,,,,,,,,,,,,,,,,,,,,,,,,,,,,,,,,,,,,,,,,,,,,,,,,,,,,,,,,
			NetIncomeFromTaxLossCarryforward,,,,,,,,,,,,,,,,,,,,,,,,,,,,,,,,,,,,,,,,,,,,,,,,,,,,,,,,,,,,,,,,,,,,,,,,,,,,,,,,,,"4,530,000",,,,"18,345,000",,,,"8,292,000",,,,"5,500,000",,,,,,"3,000,000",,"2,400,000",,,,,,"1,700,000",,,,,,,"0","1,200,000","500,000","200,000",,,,,,"100,000","100,000","100,000",,,,,,,,,,,,,,,,,,,,,,
		MinorityInterests,"-388,000","-179,000","-184,000","-118,000","93,000","-201,000","-195,000","-140,000","-135,000","-366,000","-1,456,000","-318,000","173,000","-664,000","-391,000","-374,000","-473,000","-363,000","-503,000","-218,000","-2,856,000","-107,000","-995,000",,,,"-111,000","0","0","0","-628,000","-92,000","-129,000","-155,000","-167,000","-3,879,000","-515,000","-507,000","-2,450,000","-608,000","-602,000","1,469,000","-1,504,000","-2,192,000","-681,000","-581,000","-734,000","-696,000","-584,000","-526,000","-611,000","-531,000","-698,000","-412,000","-690,000","-766,000","-251,000","-671,000","-238,000","286,000","-842,000","-862,000","-840,000","-899,000","-1,313,000","-1,078,000",,,,,,,,,,,,,,,,,,,,,,,,,,,,,,,,,,,,,,,,,,,,,,,,,,,,,,,,,,,,,,,,,,,,,,,,,,,,,,,,,,
	PreferredStockDividends,,,,,,,,,,,,,,,,,,,,,,,,,,,,,,,"0",,"4,708,000","1,777,000","1,777,000","1,777,000","5,883,000","3,227,000","3,227,000","3,226,000","3,227,000","3,227,000","3,227,000","3,226,000","3,227,000","3,227,000","3,227,000","3,226,000","3,227,000","3,227,000","3,225,000","3,228,000","3,227,000","3,227,000","3,520,000","3,812,000","3,812,000","3,813,000","3,813,000","3,812,000","3,812,000","-3,813,000","-3,813,000","-3,812,000","3,812,000","3,813,000","3,813,000","3,812,000","3,812,000","3,813,000","2,230,000","1,937,000","1,937,000","1,938,000","1,937,000","1,421,000",,,,,,,,,,,,,,,,,,,,,,,,,,,,,,,,,,,,,,,,,,,,,,,,,,,,,,,,,,,,,,,,,,,,,,,,
	OtherunderPreferredStockDividend,,,,,,,,,,,,,,,,,,,,,,,,,,,,,,,,,,,,,,,,,,,,,,,,,,,,,,,,,,,,,,"7,626,000","7,626,000","7,624,000",,,,,,,,,,,,,,,,,,,,,,,,,,,,,,,,,,,,,,,,,,,,,,,,,,,,,,,,,,,,,,,,,,,,,,,,,,,,,,,,,,,,
AverageDilutionEarnings,"56,000","6,000","36,000",,,"6,000",,,"5,000","302,000",,,"-265,000","588,000","322,000","326,000","410,000","287,000","511,000","213,000","2,856,000","101,000",,,,,,,,,,,,,,,,,,,,,,,,,,,,,,,,,,,,,,,,,,,,,,,,,,,,,,,,,,,,,,,,,,,,,,,,,,,,,,,,,,,,,,,,,,,,,,,,,,,,,,,,,,,,,,,,,,,,,,,,,,,,,,
DilutedNIAvailtoComStockholders,"277,516,000","27,990,000","167,361,000","54,018,000","28,153,000","29,116,000","11,119,000","28,115,000","23,106,000","175,245,000","117,112,000","20,374,000","-22,674,000","35,929,000","22,682,000","19,811,000","21,686,000","16,330,000","31,879,000","12,280,000","170,945,000","4,852,000","37,675,000","11,657,000","7,765,000","22,796,000","56,744,000","53,620,000","7,951,000","7,203,000","23,220,000","19,322,000","-2,223,000","5,200,000","2,122,000","59,381,000","-5,579,000","53,170,000","30,088,000","9,444,000","6,401,000","-13,112,000","-128,957,000","188,000","-4,706,000","-7,857,000","-8,930,000","-8,382,000","-8,595,000","-1,573,000","-7,782,000","-57,088,000","-81,313,000","160,571,000","-4,138,000","6,978,000","2,911,000","1,839,000","-4,979,000","7,849,000","395,000","14,407,000","38,074,000","174,455,000","-3,483,000","8,395,000","12,577,000","9,923,000","6,466,000","5,525,000","118,454,000","224,739,000","45,707,000","10,842,000","8,519,000","59,190,000","143,500,000","27,594,000","13,875,000","12,010,000","12,712,000","9,274,000","13,503,000","13,387,000","12,558,000","31,367,000","14,267,000","13,696,000","13,139,000","20,941,000","12,582,000","12,900,000","63,600,000","15,000,000","11,499,000","10,700,000","11,800,000","11,300,000","9,277,000","10,900,000","7,500,000","9,600,000","18,116,000","7,000,000","8,500,000","7,300,000","5,442,000","9,600,000","5,400,000","5,900,000","7,895,000","6,100,000","8,100,000","4,800,000","4,400,000","2,900,000","3,200,000","1,400,000","2,300,000","7,500,000","3,500,000","2,500,000","3,200,000","2,000,000","1,800,000","2,300,000","2,900,000","4,500,000","2,400,000","7,900,000","8,700,000","2,400,000","1,500,000","2,600,000","2,600,000","2,700,000","1,600,000","2,800,000","3,800,000","2,500,000","2,200,000","2,600,000","7,600,000","9,800,000","11,000,000","1,200,000","3,300,000","2,500,000"
BasicEPS,,"0.19","1.13","0.36","0.19","0.2",,"0.19","0.16","1.19","0.8","0.14","-0.2","0.32","0.2","0.2","0.2","0.16",,"0.12","1.6","0.04","0.4","0.24","0.16","0.44",,"1","0.16","0.12",,"0.36","-0.04","0.12","0.04","1.44","-0.2","2.04",,"0.36","0.24","-0.52",,"0","-0.2","-0.32",,"-0.32","-0.36","-0.08",,"-3.8","-6.24","12.52",,"0.56","0.24","0.16",,"0.6","0.04","1.12",,"13.8","-0.28","0.68",,"0.8","0.52","0.44",,"18.32","3.76","0.88",,"4.88","11.88","2.28",,"0.96","1.04","0.76",,"1.08","1","2.56",,"1.12","1.093","1.733",,"1.08","5.28","1.24",,"0.92","1","0.96",,"1.28","0.68","0.88",,"0.68","0.8","0.68",,"0.92","0.52","0.56",,"0.6","0.76","0.44",,"0.32","0.4","0.2",,"2.08","0.52","0.36",,"0.28","0.28","0.36",,"0.68","0.36","1.24",,"0.36","0.24","0.4",,"0.4","0.24","0.44",,"0.36","0.36","0.36",,"2.28","2.56","0.28",,"0.6"
DilutedEPS,,"0.19","1.12","0.36","0.19","0.2",,"0.19","0.16","1.18","0.8","0.14","-0.2","0.32","0.2","0.2","0.2","0.16",,"0.12","1.6","0.04","0.4","0.24","0.16","0.44",,"1","0.16","0.12",,"0.36","-0.04","0.12","0.04","1.44","-0.2","2.04",,"0.36","0.24","-0.52",,"0","-0.2","-0.32",,"-0.32","-0.36","-0.08",,"-3.8","-6.24","12.52",,"0.56","0.24","0.16",,"0.6","0.04","1.08",,"13.32","-0.28","0.64",,"0.76","0.52","0.44",,"17.64","3.64","0.88",,"4.76","11.68","2.28",,"0.96","1","0.72",,"1.08","1","2.48",,"1.08","1.067","1.707",,"1.04","5.16","1.24",,"0.88","1","0.92",,"1.28","0.68","0.88",,"0.68","0.8","0.68",,"0.92","0.52","0.56",,"0.6","0.76","0.44",,"0.32","0.4","0.2",,"2.08","0.52","0.36",,"0.28","0.28","0.36",,"0.68","0.36","1.24",,"0.36","0.24","0.4",,"0.4","0.24","0.44",,"0.36","0.36","0.36",,"2.28","2.56","0.28",,"0.6"
BasicAverageShares,,"148,739,000","148,688,000","148,688,000","148,665,000","148,624,000",,"148,566,000","148,548,000","147,424,000","146,762,000","146,762,000","112,926,000","105,127,500","105,096,250","105,096,250","105,073,500","105,038,500",,"104,999,500","104,850,500","100,695,250","95,913,500","52,542,500","52,532,250","52,726,000",,"54,065,250","54,157,500","54,142,000",,"52,459,750","49,610,000","47,934,750","47,416,250","40,856,500","29,665,250","26,029,750",,"26,048,250","26,041,250","26,000,000",,"25,928,750","25,914,750","25,878,750",,"25,473,250","25,250,250","25,017,250",,"14,992,250","13,069,500","12,837,500",,"12,802,250","12,796,750","12,787,000",,"12,922,500","12,956,250","12,929,750",,"12,657,500","12,596,250","12,572,250",,"12,519,750","12,481,000","12,447,000",,"12,265,000","12,187,500","12,159,250",,"12,092,500","12,066,750","12,033,750",,"12,396,000","12,404,250","12,341,750",,"12,346,500","12,314,000","12,275,000",,"12,172,000","12,134,625","12,089,625",,"11,944,444","12,045,455","12,096,774",,"11,630,435","11,800,000","11,770,833",,"8,515,625","11,029,412","10,909,091",,"10,294,118","10,625,000","10,735,294",,"10,434,783","10,384,615","10,535,714",,"10,166,667","10,657,895","10,909,091",,"9,062,500","8,000,000","7,000,000",,"6,521,739","6,730,769","6,944,444",,"7,142,857","6,428,571","6,388,889",,"6,617,647","6,666,667","6,370,968",,"6,666,667","6,250,000","6,500,000",,"6,750,000","6,666,667","6,363,636",,"6,944,444","6,111,111","7,222,222",,"4,298,246","4,296,875","4,285,714",,"4,166,667"
DilutedAverageShares,,"149,002,000","148,905,000","148,772,000","148,740,000","148,725,000",,"148,606,000","148,580,000","148,561,000","148,534,000","148,530,000","114,670,000","106,901,750","106,871,500","106,880,000","106,875,250","106,923,750",,"106,825,000","106,795,000","102,796,500","97,853,250","52,581,500","52,590,500","52,743,500",,"54,093,500","54,191,500","54,188,500",,"52,527,750","49,610,000","47,988,000","47,463,250","40,900,750","29,665,250","26,063,000",,"26,050,750","26,041,250","26,000,000",,"25,928,750","25,914,750","25,878,750",,"25,473,250","25,250,250","25,017,250",,"14,992,250","13,069,500","12,837,500",,"12,913,000","13,010,000","12,917,500",,"12,922,500","13,326,500","13,399,000",,"13,107,000","12,596,250","13,000,500",,"13,003,250","12,896,500","12,913,250",,"12,735,750","12,601,250","12,605,250",,"12,410,750","12,307,000","12,195,000",,"12,538,000","12,655,250","12,601,500",,"12,611,250","12,598,750","12,557,000",,"12,525,000","12,455,625","12,349,125",,"12,403,846","12,325,581","12,096,774",,"12,159,091","11,800,000","12,282,609",,"8,515,625","11,029,412","10,909,091",,"10,294,118","10,625,000","10,735,294",,"10,434,783","10,384,615","10,535,714",,"10,166,667","10,657,895","10,909,091",,"9,062,500","8,000,000","7,000,000",,"6,521,739","6,730,769","6,944,444",,"7,142,857","6,428,571","6,388,889",,"6,617,647","6,666,667","6,370,968",,"6,666,667","6,250,000","6,500,000",,"6,750,000","6,666,667","6,363,636",,"6,944,444","6,111,111","7,222,222",,"4,298,246","4,296,875","4,285,714",,"4,166,667"
TotalExpenses,"576,560,000","143,684,000","144,996,000","145,395,000","142,485,000","143,998,000","141,696,000","140,000,000","143,032,000","141,804,000","156,001,000","153,510,000","105,983,000","100,808,000","90,970,000","90,560,000","94,477,000","92,093,000","89,896,000","95,503,000","100,159,000","102,592,000","-5,096,000","73,971,000","75,753,000","76,070,000","71,934,000","76,840,000","82,202,000","77,594,000","87,868,000","76,410,000","76,850,000","74,608,000","66,537,000","48,515,000","39,011,000","35,628,000","27,306,000","33,385,000","39,515,000","41,631,000","37,313,000","39,224,000","40,571,000","43,398,000","48,357,000","47,789,000","48,361,000","61,909,000","52,126,000","55,227,000","41,686,000","47,635,000","52,441,000","51,571,000","41,476,000","42,203,000","40,598,000","42,713,000","37,509,000","36,000,000","46,051,000","46,724,000","53,261,000","40,798,000","43,432,000","40,943,000","31,269,000","28,762,000","31,219,000","28,263,000","33,538,000","34,644,000","35,810,000","33,984,000","34,370,000","38,255,000","36,096,000","38,678,000","34,225,000","42,028,000","33,178,000","32,271,000","31,657,000","35,114,000","29,561,000","26,174,000","25,804,000","23,268,000","96,904,000","-12,400,000","-12,200,000","-8,500,000","102,669,000","-14,400,000","-12,300,000","-12,000,000","90,056,000","-11,600,000","-11,100,000","-9,700,000","64,081,000","-7,500,000","-7,200,000","-7,000,000","45,135,000","-8,400,000","-4,300,000","-3,200,000","32,402,000","-5,500,000","-2,300,000","-1,900,000","-1,900,000","-2,400,000","-1,300,000","-2,400,000","-6,400,000","-1,700,000","-1,200,000","-1,800,000","-5,700,000","-1,500,000","-1,300,000","-2,000,000","-1,000,000","-500,000","-900,000","-500,000","-200,000","-700,000","-1,200,000",,,,,,,,,,,,,,,
NetIncomeFromContinuingAndDiscontinuedOperation,"277,460,000","27,984,000","167,305,000","54,018,000","28,153,000","29,110,000","11,119,000","28,115,000","23,101,000","174,943,000","117,112,000","20,374,000","-22,409,000","35,341,000","22,360,000","19,485,000","21,276,000","16,043,000","31,368,000","12,067,000","168,089,000","4,751,000","36,891,000","11,657,000","7,765,000","22,796,000","56,744,000","53,620,000","7,951,000","7,203,000","23,220,000","19,322,000","2,485,000","6,977,000","3,899,000","61,158,000","304,000","56,397,000","33,315,000","12,670,000","9,628,000","-9,885,000","-125,730,000","3,414,000","-1,479,000","-4,630,000","-5,703,000","-5,156,000","-5,368,000","1,654,000","-4,557,000","-53,860,000","-78,086,000","163,798,000","-618,000","10,790,000","6,723,000","5,652,000","-1,166,000","11,661,000","4,207,000","18,220,000","41,887,000","178,267,000","329,000","12,208,000","16,390,000","13,735,000","10,278,000","9,338,000","120,684,000","226,676,000","47,644,000","12,780,000","10,456,000","60,611,000","143,500,000","27,594,000","13,875,000","12,010,000","12,712,000","8,245,000","13,503,000","13,387,000","12,558,000","13,022,000","14,833,000","13,696,000","13,139,000","12,649,000","12,582,000","12,900,000","63,600,000","9,500,000","11,499,000","10,700,000","11,800,000","11,300,000","14,677,000","7,900,000","7,500,000","7,200,000","18,116,000","7,000,000","8,500,000","7,300,000","7,142,000","7,900,000","5,400,000","5,900,000","7,895,000","6,100,000","8,100,000","4,800,000","4,400,000","1,700,000","2,700,000","1,200,000","2,300,000","7,500,000","3,500,000","2,500,000","3,400,000","1,900,000","1,700,000","2,200,000","2,900,000","4,500,000","2,400,000","7,900,000","8,700,000","2,400,000","1,500,000","2,600,000","2,600,000","2,700,000","1,600,000","2,800,000","3,800,000","2,500,000","2,200,000","2,600,000","7,600,000","9,800,000","11,000,000","1,200,000","3,300,000","2,500,000"
NormalizedIncome,"178,136,600","28,025,400","65,518,910","34,903,680","28,159,570","29,093,940","22,119,370","28,539,860","23,462,350","75,092,870","133,503,000","21,158,750","26,114,000","25,772,160","22,374,600","19,417,110","21,376,010","16,171,480","31,465,200","11,403,400","167,139,200","5,909,000","43,046,000","12,821,000","9,219,400","22,807,400","56,960,000","53,633,000","7,959,000","7,953,000","23,656,000","6,624,837.497","2,052,990.971","-174,803.03","-911,675.479","56,805,350","-62,000","56,388,000","17,707,028.603","6,119,753.463","8,776,350","-1,608,750","-64,932,950","51,265.823","-1,120,550","7,997.483","9,787,100","-17,755,750","-5,168,700","1,654,000","6,337,920.683","-51,262,200","-54,507,000","54,972,900","-4,588,350","12,970,398.304","7,043,850","5,652,000","-1,239,000","1,758,000","4,007,000","9,921,000","11,517,000","123,545,000","194,000","12,017,000","16,458,000","12,290,000","10,169,000","9,233,000","106,748,000","157,455,000","46,828,000","3,427,634.646","8,306,800","2,835,419.448","90,506,363.662","19,812,461.204","9,095,600","7,752,000","8,751,400","-191,000","7,810,248.605","9,904,600","9,174,000","6,416,000","11,348,200","10,480,000","10,494,800","7,996,600","47,405,559.865","11,915,267.176","12,720,000","9,500,000","11,499,000","10,700,000","11,800,000","11,300,000","14,677,000","7,900,000","7,500,000","7,200,000","18,116,000","7,000,000","8,500,000","7,300,000","7,142,000","7,900,000","5,400,000","5,900,000","3,287,000","5,080,000","4,939,024.39","4,800,000","4,400,000","1,700,000","2,700,000","1,200,000","2,300,000","7,500,000","3,500,000","2,500,000","3,400,000","1,900,000","1,700,000","2,200,000","2,900,000","4,500,000","2,400,000","7,900,000","8,700,000","2,400,000","1,500,000","2,600,000","2,600,000","2,700,000","1,600,000","2,800,000","3,800,000","2,500,000","2,200,000","2,600,000","7,600,000","9,800,000","11,000,000","1,200,000","3,300,000","2,500,000"
InterestIncome,,,,,,,,,,,,,,,,,,,,,,,,,,,,,,,,,,,,,,,,,,,,,,,,,,,,,"1,285,000","986,000","867,000","991,000","940,000",,,,,,,,,,,,,,,,,,,,,,,,,,,,,,,,,,,,,,,,,,,,,,,,,,,,,,,,,,,,,,,,,,,,,,,,,,,,,,,,,,,,,,,,,,,
InterestExpense,"65,344,000","15,525,000","16,454,000","16,709,000","16,656,000","17,208,000","15,650,000","15,058,000","13,993,000","15,904,000","16,384,000","14,700,000","12,059,000","10,820,000","10,387,000","9,551,000","9,714,000","9,778,000","7,673,000","7,587,000","8,523,000","9,741,000","4,193,000","7,710,000","7,334,000","7,414,000","7,504,000","7,673,000","7,869,000","7,677,000","8,156,000","6,817,000","6,970,000","7,167,000","7,384,000","5,149,000","4,241,000","4,935,000","5,997,000","5,793,000","5,875,000","6,268,000","6,281,000","6,601,000","7,358,000","7,544,000","8,411,000","8,702,000","10,286,000","9,781,000","9,610,000","10,793,000","10,560,000","10,430,000","10,804,000","8,705,000","7,367,000",,,,,,,,,,,,,,,,,,,,,,,,,,,,,,,,,,,,,,,,,,,,,,,,,,,,,,,,,,,,,,,,,,,,,,,,,,,,,,,,,,,,,,,,,,,
NetInterestIncome,"-65,344,000","-15,525,000","-16,454,000","-16,709,000","-16,656,000","-17,208,000","-15,650,000","-15,058,000","-13,993,000","-15,904,000","-16,384,000","-14,700,000","-12,059,000","-10,820,000","-10,387,000","-9,551,000","-9,714,000","-9,778,000","-7,673,000","-7,587,000","-8,523,000","-9,741,000","-4,193,000","-7,710,000","-7,334,000","-7,414,000","-7,504,000","-7,673,000","-7,869,000","-7,677,000","-8,156,000","-6,817,000","-6,970,000","-7,167,000","-7,384,000","-5,149,000","-4,241,000","-4,935,000","-5,997,000","-5,793,000","-5,875,000","-6,268,000","-6,281,000","-6,601,000","-7,358,000","-7,544,000","-8,411,000","-8,702,000","-10,286,000","-9,781,000","-6,585,000","-10,793,000","-9,275,000","-9,444,000","-9,937,000","-7,714,000","-6,427,000",,,,,,,,,,,,,,,,,,,,,,,,,,,,,,,,,,,,,,,,,,,,,,,,,,,,,,,,,,,,,,,,,,,,,,,,,,,,,,,,,,,,,,,,,,,
EBIT,"343,192,000","43,688,000","183,943,000","70,845,000","44,716,000","46,519,000","26,964,000","43,313,000","37,229,000","191,213,000","11,525,000","35,392,000","-10,523,000","46,825,000","30,562,000","27,191,000","21,110,000","23,671,000","22,461,000","17,444,000","19,316,000","14,088,000","-45,672,000","17,840,000","13,561,000","14,186,000","20,446,000","20,426,000","14,641,000","12,729,000","15,132,000","10,780,000","5,641,000","5,583,000","5,190,000","-5,841,000","3,157,000","3,002,000","-1,310,000","7,598,000","5,119,000","-7,492,000","-99,551,000","5,890,000","6,547,000","1,188,000","2,680,000","-4,567,000","3,946,000","7,139,000","100,851,000","-44,000","-55,681,000","170,706,000","20,595,000","16,724,000","4,678,000","2,772,000","3,639,000","3,474,000","166,000","1,608,000","146,000","-15,523,000","-152,000","6,150,000","3,143,000","5,182,000","2,143,000","864,000","1,660,000","4,163,000","7,417,000","8,026,000","8,490,000","7,289,000","7,910,000","28,784,000","13,457,000","13,679,000","14,778,000","7,240,000","12,025,000","13,086,000","12,618,000","8,243,000","13,241,000","11,161,000","10,038,000","5,385,000","-81,280,000","43,400,000","91,800,000","31,300,000","-95,258,000","46,500,000","41,900,000","41,300,000","-78,557,000","37,600,000","35,800,000","33,500,000","-59,749,000","25,200,000","26,200,000","24,600,000","-46,199,000","27,200,000","16,300,000","14,600,000","-35,996,000","18,700,000","15,100,000","10,500,000","10,400,000","7,900,000","7,100,000","7,200,000","11,300,000","12,100,000","7,900,000","7,700,000","11,300,000","6,400,000","6,000,000","8,000,000","6,300,000","3,900,000","6,100,000","10,700,000","10,500,000","5,200,000","5,300,000","4,200,000","13,600,000","4,900,000","4,900,000","4,900,000","11,200,000","5,000,000","4,800,000","4,600,000","28,500,000","12,900,000","22,300,000","4,600,000","29,600,000","6,500,000"
EBITDA,"631,158,000"
ReconciledCostOfRevenue,"257,943,000","64,877,000","63,996,000","65,354,000","63,716,000","66,395,000","61,847,000","62,844,000","61,621,000","64,538,000","66,308,000","65,646,000","46,705,000","43,487,000","42,177,000","41,579,000","40,731,000","40,191,000","40,167,000","40,688,000","41,501,000","41,526,000","-15,143,000","37,761,000","38,681,000","35,609,000","35,489,000","40,636,000","42,278,000","37,708,000","45,931,000","38,262,000","35,908,000","34,829,000","31,326,000","23,043,000","19,645,000","17,260,000","15,164,000","12,179,000","19,684,000","19,163,000","18,058,000","18,889,000","19,615,000","20,846,000","22,329,000","20,996,000","21,584,000","32,250,000","34,054,000","25,753,000","18,367,000","19,043,000","16,639,000","21,135,000","15,624,000",,,,,,,,,,,,,,,,,,,,,,,,,,,,,,,,,,,,,,,,,,,,,,,,,,,,,,,,,,,,,,,,,,,,,,,,,,,,,,,,,,,,,,,,,,,
ReconciledDepreciation,"287,966,000","70,744,000","73,693,000","72,073,000","71,456,000","70,870,000","72,668,000","71,498,000","72,868,000","71,614,000","78,372,000","82,012,000","50,904,000","45,861,000","45,546,000","45,068,000","45,675,000","45,093,000","44,199,000","47,622,000","50,040,000","54,884,000","49,101,000","31,842,000","32,381,000","31,969,000","31,848,000","33,233,000","33,988,000","36,393,000","38,541,000","33,127,000","35,186,000","34,168,000","30,528,000","18,837,000","14,814,000","12,299,000","11,291,000","14,142,000","12,750,000","14,256,000","13,778,000","13,369,000","13,375,000","13,539,000","17,501,000","13,996,000","14,564,000","13,895,000","13,528,000","13,868,000","15,381,000","13,056,000","15,778,000","13,410,000","12,785,000","11,439,000","11,861,000","10,554,000","8,707,000","9,520,000","10,123,000","5,746,000","15,186,000","12,635,000","9,866,000","9,114,000","10,851,000","9,887,000","8,242,000","5,132,000","11,069,000","12,788,000","11,981,000","12,811,000","12,626,000","15,481,000","13,465,000","15,709,000","13,465,000","12,200,000","12,020,000","11,473,000","11,270,000","10,812,000","9,286,000","8,390,000","7,707,000","6,139,000","5,858,000","5,000,000","3,000,000","2,800,000","3,473,000","4,300,000","3,800,000","3,600,000","3,446,000","3,500,000","3,700,000","3,400,000","2,519,000","1,800,000","1,600,000","1,300,000","1,240,000",,,"1,100,000","962,000","1,000,000","900,000","800,000","800,000","1,000,000","700,000","700,000","500,000","700,000","400,000","700,000","500,000","600,000","600,000","500,000","600,000","500,000","500,000","300,000","300,000","200,000",,,,,,,,,,,,,,,,
NetIncomeFromContinuingOperationNetMinorityInterest,"277,460,000","27,984,000","167,305,000","54,018,000","28,153,000","29,110,000","11,119,000","28,115,000","23,101,000","174,943,000","117,112,000","20,374,000","-22,409,000","35,341,000","22,360,000","19,485,000","21,276,000","16,043,000","31,368,000","12,067,000","168,089,000","4,751,000","17,728,000","11,657,000","7,765,000","22,796,000","56,765,000","53,614,000","7,957,000","7,768,000","23,240,000","5,981,000","1,905,000","-280,000","-968,000","52,009,000","-62,000","56,388,000","19,220,000","3,466,000","8,400,000","-10,075,000","-133,311,000","-4,000","-1,519,000","-4,318,000","-6,368,000","-11,753,000","-6,938,000","1,654,000","-4,551,000","-53,870,000","-78,232,000","163,805,000","-3,172,000","11,221,000","6,687,000","5,652,000","-1,239,000","1,758,000","4,007,000","9,921,000","11,517,000","123,545,000","194,000","12,017,000","16,458,000","12,290,000","10,169,000","9,233,000","106,748,000","157,455,000","46,828,000","11,765,000","10,423,000","9,557,000","97,596,000","26,246,000","12,791,000","11,880,000","12,712,000","8,245,000","13,503,000","13,387,000","12,558,000","13,022,000","14,833,000","13,696,000","13,139,000","12,649,000","12,582,000","12,900,000","63,600,000","9,500,000","11,499,000","10,700,000","11,800,000","11,300,000","14,677,000","7,900,000","7,500,000","7,200,000","18,116,000","7,000,000","8,500,000","7,300,000","7,142,000","7,900,000","5,400,000","5,900,000","7,895,000","6,100,000","8,100,000","4,800,000","4,400,000","1,700,000","2,700,000","1,200,000","2,300,000","7,500,000","3,500,000","2,500,000","3,400,000","1,900,000","1,700,000","2,200,000","2,900,000","4,500,000","2,400,000","7,900,000","8,700,000","2,400,000","1,500,000","2,600,000","2,600,000","2,700,000","1,600,000","2,800,000","3,800,000","2,500,000","2,200,000","2,600,000","7,600,000","9,800,000","11,000,000","1,200,000","3,300,000","2,500,000"
TotalUnusualItemsExcludingGoodwill,"165,539,000","-69,000","139,433,000","26,184,000","-9,000","22,000","-15,069,000","-582,000","-495,000","136,781,000","-16,391,000","-1,075,000","-48,523,000","13,108,000","-20,000","93,000","-137,000","-176,000","-162,000","1,106,000","1,583,000","-1,930,000","-25,318,000","-1,940,000","-2,424,000","-19,000","-195,000","-19,000","-2,000","-185,000","-416,000","-644,000","-149,000","-106,000","-57,000","-7,379,000","0","0","1,519,000","-2,745,000","-579,000","-13,025,000","-105,197,000","-74,000","-613,000","-4,370,000","-24,854,000","9,235,000","-2,722,000",,"-12,498,000","-4,012,000","-36,500,000","167,434,000","2,179,000","-1,975,000","-549,000","0",,"0","0",,"0","0","0","0","0","0","0","0","0","0","0","9,056,000","3,527,000","6,932,000","7,663,000","6,497,000","6,159,000","6,880,000","6,601,000","14,060,000","5,948,000","5,804,000","5,640,000","11,010,000","5,808,000","5,360,000","4,407,000","7,754,000","-38,063,000","1,000,000","51,200,000",,,,,,,,,,,,,,,,,,"7,680,000","1,700,000","3,200,000",,,,,,,,,,,,,,,,,,,,,,,,,,,,,,,,,,,
TotalUnusualItems,"165,539,000","-69,000","139,433,000","26,184,000","-9,000","22,000","-15,069,000","-582,000","-495,000","136,781,000","-16,391,000","-1,075,000","-48,523,000","13,108,000","-20,000","93,000","-137,000","-176,000","-162,000","1,106,000","1,583,000","-1,930,000","-25,318,000","-1,940,000","-2,424,000","-19,000","-195,000","-19,000","-2,000","-185,000","-416,000","-644,000","-149,000","-106,000","-57,000","-7,379,000","0","0","1,519,000","-2,745,000","-579,000","-13,025,000","-105,197,000","-74,000","-613,000","-4,370,000","-24,854,000","9,235,000","-2,722,000",,"-12,498,000","-4,012,000","-36,500,000","167,434,000","2,179,000","-1,975,000","-549,000","0",,"0","0",,"0","0","0","0","0","0","0","0","0","0","0","9,056,000","3,527,000","6,932,000","7,663,000","6,497,000","6,159,000","6,880,000","6,601,000","14,060,000","5,948,000","5,804,000","5,640,000","11,010,000","5,808,000","5,360,000","4,407,000","7,754,000","-38,063,000","1,000,000","51,200,000",,,,,,,,,,,,,,,,,,"7,680,000","1,700,000","3,200,000",,,,,,,,,,,,,,,,,,,,,,,,,,,,,,,,,,,
NormalizedEBITDA,"465,619,000","114,501,000","118,203,000","116,734,000","116,181,000","117,367,000","114,701,000","115,393,000","110,592,000","126,046,000","106,288,000","118,479,000","88,904,000","79,578,000","76,128,000","72,166,000","66,922,000","68,940,000","66,822,000","63,960,000","67,773,000","70,902,000","28,747,000","51,623,000","48,366,000","46,174,000","52,493,000","53,678,000","49,522,000","49,307,000","54,089,000","44,551,000","40,976,000","39,857,000","35,775,000","20,541,000","18,607,000","15,301,000","8,462,000","24,485,000","18,448,000","19,789,000","19,424,000","19,333,000","20,535,000","19,097,000","45,035,000","194,000","21,232,000","21,034,000","126,877,000","17,836,000","-3,800,000","16,328,000","34,194,000","32,109,000","18,012,000","14,211,000","15,500,000","14,028,000","8,887,000","11,128,000","10,269,000","-7,689,000","15,034,000","18,785,000","13,009,000","14,296,000","12,994,000","10,751,000","11,126,000","12,552,000","18,486,000","11,758,000","16,944,000","13,208,000","13,389,000","37,768,000","20,763,000","22,508,000","21,642,000","5,380,000","18,097,000","18,755,000","18,248,000","8,045,000","17,065,000","14,512,000","13,640,000","4,063,000","-37,359,000","47,400,000","43,600,000","34,100,000","-91,785,000","50,800,000","45,700,000","44,900,000","-75,111,000","41,100,000","39,500,000","36,900,000","-57,230,000","27,000,000","27,800,000","25,900,000","-44,959,000","27,200,000","16,300,000","15,700,000","-42,714,000","18,000,000","12,800,000","11,300,000","11,200,000","8,900,000","7,800,000","7,900,000","11,800,000","12,800,000","8,300,000","8,400,000","11,800,000","7,000,000","6,600,000","8,500,000","6,900,000","4,400,000","6,600,000","11,000,000","10,800,000","5,400,000","5,300,000","4,200,000","13,600,000","4,900,000","4,900,000","4,900,000","11,200,000","5,000,000","4,800,000","4,600,000","28,500,000","12,900,000","22,300,000","4,600,000","29,600,000","6,500,000"
TaxRateForCalcs,"0.4","0.4","0.27","0.27","0.27","0.27","0.27","0.27","0.27","0.27","0","0.27","0","0.27","0.27","0.27","0.27","0.27","0.4","0.4","0.4","0.4","0","0.4","0.4","0.4","0","0","0","0","0","0","0.007","0.008","0.012","0.35","0.35","0.35","0.004","0.033","0.35","0.35","0.35","0.253","0.35","0.01","0.35","0.35","0.35","0.35","0.129","0.35","0.35","0.35","0.35","0.114","0.35","0.35","0.374","0.35","0.35","0.35","0.4","0","0.383","0.4","0.4","0.4","0.4","0.4","0.4","0.4","0.4","0.079","0.4","0.03","0.075","0.01","0.4","0.4","0.4","0.4","0.043","0.4","0.4","0.4","0.4","0.4","0.4","0.4","0.085","0.015","0.006","0.087","0.4","0.009","0.4","0.4","0.4","0.4","0.4","0.4","0.4","0.4","0.4","0.027","0.4","0.071","0.018","0.033","0.4","0.4","0.012","0.4","0.022","0.4","0.4","0.4","0.4","0.4","0.186","0.038","0.029","0.4","0.056","0.12","0.094","0.4","0.077","0.06","0.4","0.4","0.4","0.4","0.4","0.4","0.4","0.4","0.4","0.4","0.4","0.4","0.4","0.4","0.4","0.4","0.4","0.4"
TaxEffectOfUnusualItems,"66,215,600","-27,600","37,646,910","7,069,680","-2,430","5,940","-4,068,630","-157,140","-133,650","36,930,870","0","-290,250","0","3,539,160","-5,400","25,110","-36,990","-47,520","-64,800","442,400","633,200","-772,000","0","-776,000","-969,600","-7,600","0","0","0","0","0","-162.503","-1,009.029","-803.03","-675.479","-2,582,650","0","0","6,028.603","-91,246.537","-202,650","-4,558,750","-36,818,950","-18,734.177","-214,550","-44,002.517","-8,698,900","3,232,250","-952,700","0","-1,609,079.317","-1,404,200","-12,775,000","58,601,900","762,650","-225,601.696","-192,150","0","0","0","0","0","0","0","0","0","0","0","0","0","0","0","0","718,634.646","1,410,800","210,419.448","573,363.662","63,461.204","2,463,600","2,752,000","2,640,400","5,624,000","255,248.605","2,321,600","2,256,000","4,404,000","2,323,200","2,144,000","1,762,800","3,101,600","-3,239,440.135","15,267.176","320,000","0","0","0","0","0","0","0","0","0","0","0","0","0","0","0","0","0","3,072,000","680,000","39,024.39","0","0","0","0","0","0","0","0","0","0","0","0","0","0","0","0","0","0","0","0","0","0","0","0","0","0","0","0","0","0","0","0","0","0","0"