name,ttm,03/31/2022,12/31/2021,09/30/2021,06/30/2021,03/31/2021,12/31/2020,09/30/2020,06/30/2020,03/31/2020,12/31/2019,09/30/2019,06/30/2019,03/31/2019,12/31/2018,09/30/2018,06/30/2018,03/31/2018,12/31/2017,09/30/2017,06/30/2017,03/31/2017,12/31/2016,09/30/2016,06/30/2016,03/31/2016,12/31/2015,09/30/2015,06/30/2015,03/31/2015,12/31/2014,09/30/2014,06/30/2014,03/31/2014,12/31/2013,09/30/2013,06/30/2013,03/31/2013,12/31/2012,09/30/2012,06/30/2012,03/31/2012,12/31/2011,09/30/2011,06/30/2011,03/31/2011,12/31/2010,09/30/2010,06/30/2010,03/31/2010,12/31/2009,09/30/2009,06/30/2009,03/31/2009,12/31/2008,09/30/2008,06/30/2008,03/31/2008,12/31/2007,09/30/2007,06/30/2007,03/31/2007,12/31/2006,09/30/2006,06/30/2006,03/31/2006
TotalRevenue,"8,152,000,000","2,373,000,000","2,113,000,000","1,883,000,000","1,783,000,000","1,463,000,000","1,119,000,000","1,005,000,000","675,000,000","1,130,000,000","1,570,000,000","1,622,000,000","1,687,000,000","1,486,000,000","1,738,000,000","1,935,000,000","1,914,000,000","1,536,500,000","1,593,100,000","1,453,800,000","1,434,400,000","1,507,100,000","1,353,400,000","1,240,300,000","1,283,200,000","905,500,000","1,010,600,000","1,408,800,000","1,624,200,000","1,388,900,000","1,841,800,000","2,279,900,000","2,540,300,000","2,447,400,000","2,436,000,000","1,977,100,000","2,220,300,000","2,352,419,000","1,880,754,000","2,409,624,000","2,308,318,000","1,968,631,000","1,062,168,000","1,351,964,000","1,447,716,000","1,167,265,000","1,148,184,000","1,031,174,000","1,005,898,000","894,512,000","921,937,000","811,693,000","793,304,000","609,395,000","699,686,000","1,580,911,000","1,512,503,000","1,223,003,000","1,146,990,783","585,977,758","616,947,956","616,947,956","807,066,262","743,500,367","775,283,315","775,283,315"
	OperatingRevenue,"8,152,000,000","2,373,000,000","2,113,000,000","1,883,000,000","1,783,000,000","1,463,000,000","1,119,000,000","1,005,000,000","675,000,000","1,130,000,000","1,570,000,000","1,622,000,000","1,687,000,000","1,486,000,000","1,738,000,000","1,935,000,000","1,914,000,000","1,536,500,000","1,593,100,000","1,453,800,000","1,434,400,000","1,507,100,000","1,353,400,000","1,240,300,000","1,283,200,000","905,500,000","1,010,600,000","1,408,800,000","1,624,200,000","1,388,900,000","1,841,800,000","2,279,900,000","2,540,300,000","2,447,400,000","2,436,000,000","1,977,100,000","2,220,300,000","2,352,419,000","1,880,754,000","2,409,624,000","2,308,318,000","1,968,631,000","1,062,168,000","1,351,964,000","1,447,716,000","1,167,265,000","1,148,184,000","1,031,174,000","1,005,898,000","894,512,000","921,937,000","811,693,000","793,304,000","609,395,000","699,686,000","1,580,911,000","1,512,503,000","1,223,003,000","1,146,990,783","585,977,758","616,947,956","616,947,956","807,066,262","743,500,367","775,283,315","775,283,315"
CostOfRevenue,"7,568,000,000","2,112,000,000","2,035,000,000","1,675,000,000","1,745,000,000","1,568,000,000","1,218,000,000","1,029,000,000","634,000,000","1,239,000,000","1,466,000,000","1,429,000,000","1,475,000,000","1,292,000,000","1,493,000,000","1,731,000,000","1,763,000,000","1,419,300,000","1,528,400,000","1,344,800,000","1,404,500,000","1,407,900,000","1,445,300,000","1,135,200,000","1,115,200,000","878,200,000","1,059,900,000","1,222,500,000","1,307,600,000","1,185,000,000","1,868,200,000","2,203,500,000","2,309,100,000","2,200,300,000","2,330,300,000","1,872,800,000","1,893,700,000","1,922,130,000","1,687,628,000","1,812,381,000","1,968,309,000","1,750,669,000","982,073,000","1,100,655,000","1,189,582,000","1,005,148,000","1,047,942,000","942,384,000","954,131,000","863,452,000","882,668,000","771,149,000","642,082,000","421,605,000","518,315,000","1,496,930,000","1,349,813,000","1,096,750,000","1,028,936,627","490,609,807","523,829,704",,,,,
GrossProfit,"584,000,000","261,000,000","78,000,000","208,000,000","38,000,000","-105,000,000","-99,000,000","-24,000,000","41,000,000","-109,000,000","104,000,000","193,000,000","212,000,000","194,000,000","245,000,000","204,000,000","151,000,000","117,200,000","64,700,000","109,000,000","29,900,000","99,200,000","-91,900,000","105,100,000","168,000,000","27,300,000","-49,300,000","186,300,000","316,600,000","203,900,000","-26,400,000","76,400,000","231,200,000","247,100,000","105,700,000","104,300,000","326,600,000","430,289,000","193,126,000","597,243,000","340,009,000","217,962,000","80,095,000","251,309,000","258,134,000","162,117,000","100,242,000","88,790,000","51,767,000","31,060,000","39,269,000","40,544,000","151,222,000","187,790,000","181,371,000","83,981,000","162,690,000","126,253,000","118,054,156","95,367,951","93,118,252",,,,,
OperatingExpense,"139,000,000","41,000,000","37,000,000","32,000,000","30,000,000","30,000,000","23,000,000","22,000,000","25,000,000","26,000,000","34,000,000","31,000,000","29,000,000","32,000,000","32,000,000","30,000,000","35,000,000","26,700,000","34,700,000","30,100,000","28,600,000","31,600,000","-104,800,000","77,900,000","77,300,000","67,200,000","61,400,000","64,800,000","69,700,000","67,300,000","64,200,000","69,600,000","66,600,000","63,600,000","65,900,000","63,900,000","63,900,000","62,627,000","68,235,000","63,499,000","104,237,000","77,454,000","53,215,000","39,119,000","40,214,000","52,403,000","65,455,000","38,340,000","32,346,000","42,654,000","19,698,000","50,799,000","42,879,000","96,649,000","314,949,000","11,972,000","39,738,000","38,895,000","76,297,331","56,708,172","31,209,346",,,,,
	SellingGeneralAndAdministration,"131,000,000","39,000,000","34,000,000","30,000,000","28,000,000","27,000,000","21,000,000","20,000,000","22,000,000","24,000,000","32,000,000","29,000,000","27,000,000","30,000,000","29,000,000","28,000,000","32,000,000","23,900,000","31,500,000","27,300,000","26,300,000","29,100,000","27,400,000","27,800,000","26,600,000","27,200,000","20,500,000","26,100,000","27,200,000","25,300,000","23,500,000","31,800,000","28,000,000","26,300,000","28,500,000","27,700,000","28,900,000","28,429,000","35,641,000","30,390,000","72,047,000","45,342,000","28,973,000","17,584,000","18,171,000","33,262,000","43,450,000","16,397,000","10,793,000","21,394,000","-1,525,000","29,165,000","21,772,000","75,740,000","14,800,000",,"18,658,000","19,260,000","50,999,697","14,034,765","15,113,118",,,,,
		GeneralAndAdministrativeExpense,,,,,,,,,,,,,,,,,,,,,,,,,,,,,,,,,,,,,,,,,"72,047,000",,,,,,,,,,,,,,,,,,,,,,,,,
			InsuranceAndClaims,,,,,,,,,,,,,,,,,,,,,,,,,,,,,,,,,,,,,,,,,"0",,,,,,,,,,,,,,,,,,,,,,,,,
			OtherGandA,,,,,,,,,,,,,,,,,,,,,,,,,,,,,,,,,,,,,,,,,"72,047,000",,,,,,,,,,,,,,,,,,,,,,,,,
	DepreciationAmortizationDepletionIncomeStatement,"8,000,000","2,000,000","3,000,000","2,000,000","2,000,000","3,000,000","2,000,000","2,000,000","3,000,000","2,000,000","2,000,000","2,000,000","2,000,000","2,000,000","3,000,000","2,000,000","3,000,000","2,800,000","3,200,000","2,800,000","2,300,000","2,500,000","-132,200,000","50,100,000","50,700,000","40,000,000","40,900,000","38,700,000","42,500,000","42,000,000","40,700,000","37,800,000","38,600,000","37,300,000","37,400,000","36,200,000","35,000,000","34,198,000","32,594,000","33,109,000","32,190,000","32,112,000","24,242,000","22,025,000","22,043,000","22,011,000","22,005,000","21,943,000","21,553,000","21,260,000","21,223,000","21,634,000","21,107,000","20,909,000","20,853,000","20,609,000","21,080,000","19,635,000","18,105,652","10,481,065","16,096,229",,,,,
		DepreciationAndAmortizationInIncomeStatement,"8,000,000","2,000,000","3,000,000","2,000,000","2,000,000","3,000,000","2,000,000","2,000,000","3,000,000","2,000,000","2,000,000","2,000,000","2,000,000","2,000,000","3,000,000","2,000,000","3,000,000","2,800,000","3,200,000","2,800,000","2,300,000","2,500,000","-132,200,000","50,100,000","50,700,000","40,000,000","40,900,000","38,700,000","42,500,000","42,000,000","40,700,000","37,800,000","38,600,000","37,300,000","37,400,000","36,200,000","35,000,000","34,198,000","32,594,000","33,109,000","32,190,000","32,112,000","24,242,000","22,025,000","22,043,000","22,011,000","22,005,000","21,943,000","21,553,000","21,260,000","21,223,000","21,634,000","21,107,000","20,909,000","20,853,000","20,609,000","21,080,000","19,635,000","18,105,652","10,481,065","16,096,229",,,,,
	OtherOperatingExpenses,,,,,,,,,,,,,,,,,,,,,,,,,,,,,,,,,,,,,,,,,,,"0","-490,000",,"-2,870,000",,,,,,,,,"279,296,000","-8,637,000",,,"7,191,982","32,192,342","-1",,,,,
OperatingIncome,"445,000,000","220,000,000","41,000,000","176,000,000","8,000,000","-135,000,000","-122,000,000","-46,000,000","16,000,000","-135,000,000","70,000,000","162,000,000","183,000,000","162,000,000","213,000,000","174,000,000","116,000,000","90,500,000","30,000,000","78,900,000","1,300,000","67,600,000","12,900,000","27,200,000","90,700,000","-39,900,000","-110,700,000","121,500,000","246,900,000","136,600,000","-90,600,000","6,800,000","164,600,000","183,500,000","39,800,000","40,400,000","262,700,000","367,662,000","124,891,000","533,744,000","235,772,000","140,508,000","26,880,000","212,190,000","217,920,000","109,714,000","34,787,000","50,450,000","19,421,000","-11,594,000","19,571,000","-10,255,000","108,343,000","91,141,000","-133,578,000","72,009,000","122,952,000","87,358,000","41,756,825","38,659,779","61,908,906","616,947,956","-1,948,893,167","743,500,367","775,283,315","775,283,315"
NetNonOperatingInterestIncomeExpense,"-110,000,000","-24,000,000","-25,000,000","-23,000,000","-38,000,000","-31,000,000","-32,000,000","-31,000,000","-31,000,000","-35,000,000","-25,000,000","-26,000,000","-26,000,000","-26,000,000","-23,000,000","-26,000,000","-27,000,000","-26,900,000","-27,500,000","-27,400,000","-27,300,000","-26,800,000","-26,900,000","-26,000,000","-18,400,000","-11,900,000","-11,600,000","-11,600,000","-11,600,000","-12,500,000","-11,000,000","-9,100,000","-9,100,000","-9,900,000","-10,600,000","-11,400,000","-12,200,000","-15,137,000","-17,894,000","-18,670,000","-18,841,000","-19,163,000","-14,746,000","-13,664,000","-13,994,000","-12,916,000","-13,114,000","-13,314,000","-12,123,000","-9,506,000","-10,069,000","-10,457,000","-10,538,000","-11,456,000",,,,,,,,,,,,
	InterestIncomeNonOperating,,,,,,,,,,,,,,,,,,"200,000","300,000","200,000","300,000","200,000","200,000","200,000","100,000","200,000","300,000","300,000","300,000","200,000","200,000","300,000","200,000","200,000","300,000","300,000","300,000","300,000","352,000","292,000","133,000","90,000","-89,000","93,000","211,000","274,000","603,000","549,000","643,000","416,000","575,000","475,000","653,000","14,000",,,,,,,,,,,,
	InterestExpenseNonOperating,"110,000,000","24,000,000","25,000,000","23,000,000","38,000,000","31,000,000","32,000,000","31,000,000","31,000,000","35,000,000","25,000,000","26,000,000","26,000,000","26,000,000","23,000,000","26,000,000","27,000,000","27,100,000","27,800,000","27,600,000","27,600,000","27,000,000","27,100,000","26,200,000","18,500,000","12,100,000","11,900,000","11,900,000","11,900,000","12,700,000","11,200,000","9,400,000","9,300,000","10,100,000","10,900,000","11,700,000","12,500,000","15,437,000","18,246,000","18,962,000","18,974,000","19,253,000","14,657,000","13,757,000","14,205,000","13,190,000","13,717,000","13,863,000","12,766,000","9,922,000","10,644,000","10,932,000","11,191,000","11,470,000",,,,,,,,,,,,
	TotalOtherFinanceCost,"102,000,000",,,,,,,,,,"25,000,000","26,000,000","26,000,000","26,000,000","23,000,000","26,000,000","27,000,000",,,,,,,,,,,,,,,,,,,,,,,,,,,,,,,,,,,,,,,,,,,,,,,,,
OtherIncomeExpense,"15,000,000","-9,000,000","2,000,000",,"22,000,000","69,000,000","51,000,000","-62,000,000","-22,000,000","33,000,000","2,000,000","2,000,000","12,000,000","1,000,000","-67,000,000","8,000,000","7,000,000","60,800,000","-64,100,000","-17,000,000","100,000","12,200,000","-14,200,000","3,300,000","-6,900,000","-900,000","23,700,000","12,100,000","14,900,000","-15,400,000","10,900,000","27,800,000","33,700,000","109,500,000","-108,900,000","78,700,000","120,700,000","-46,037,000","-45,560,000","-169,002,000","39,526,000","-147,136,000","103,303,000","-9,682,000","7,008,000","-23,891,000","-10,398,000","-997,000","-6,571,000","1,032,000","-3,707,000","2,669,000","-29,636,000","-37,017,000","-112,961,000","85,771,000","-79,054,000","-47,692,000","-38,314,721","8,392,546","-146,171,100",,,,,
	GainOnSaleOfSecurity,,,"-1,000,000","-1,000,000","21,000,000","62,000,000","54,000,000","-65,000,000","21,000,000","31,000,000",,,,,,"5,000,000","10,000,000","59,300,000","-65,000,000","-17,000,000",,"12,200,000","-14,600,000","-1,700,000","-1,900,000","-1,200,000","23,600,000","11,800,000","-12,600,000","-51,400,000","14,500,000","25,700,000","35,900,000","109,400,000","-115,900,000","72,500,000","120,500,000","-20,026,000","-205,166,000","-53,271,000","-8,069,000","-19,086,000",,,,,,,,,,,,,,,,,,,,,,,,
	SpecialIncomeCharges,,,"0","-1,000,000","-2,000,000",,"-5,000,000","0","-42,000,000","0","-1,000,000","-3,000,000","9,000,000","-2,000,000","-1,000,000","0","-5,000,000",,"0","0","0",,"200,000","0","-5,100,000",,"0","0","27,300,000",,"0","0","0","0","0","0","0","-26,127,000","158,646,000","-115,731,000","47,595,000","-128,050,000","103,303,000","-9,682,000","7,008,000","-23,891,000","-10,398,000","-997,000","-6,571,000","1,032,000","-3,707,000","2,669,000","-29,636,000","-37,017,000","-112,961,000","85,771,000","-79,054,000","-47,692,000","-38,314,721","8,392,546","-146,171,100",,,,,
		ImpairmentOfCapitalAssets,,,"0","0","0",,"0","0","41,000,000",,,,,,,,,,,,,,,,,,,,,,,,,,,,,,,,,,,,,,,,,,,,,,,,,,,,,,,,,
		OtherSpecialCharges,,,,,,,,,,,,,,,,,,,,,,,"-200,000",,"5,100,000",,"0",,"-27,300,000",,,,,,"0",,,"26,127,000","37,500,000",,,,,,,,,,,,,,,,,,,,,,,,,,,
		GainOnSaleOfPPE,,,"0","-1,000,000","-2,000,000",,"-5,000,000","0","-1,000,000","0","-1,000,000","-3,000,000","9,000,000","-2,000,000","-1,000,000","0","-5,000,000",,,,,,,,,,,,,,,,,,,,,,,,,,,,,,,,,,,,,,,,,,,,,,,,,
	OtherNonOperatingIncomeExpenses,"-1,000,000","-9,000,000","3,000,000","2,000,000","3,000,000","7,000,000","4,000,000","3,000,000","-1,000,000","2,000,000","3,000,000","5,000,000","3,000,000","3,000,000","9,000,000","3,000,000","2,000,000","1,500,000","900,000",,"100,000",,"200,000","5,000,000","100,000","300,000","100,000","300,000","200,000","36,000,000","-3,600,000","2,100,000","-2,200,000","100,000","7,000,000","6,200,000","200,000","116,000","500,000",,,,,,,,,,,,,,,,,,,,,,,,,,,
PretaxIncome,"350,000,000","187,000,000","18,000,000","153,000,000","-8,000,000","-97,000,000","-101,000,000","-139,000,000","-37,000,000","-137,000,000","47,000,000","138,000,000","169,000,000","137,000,000","123,000,000","156,000,000","96,000,000","124,400,000","-61,600,000","34,500,000","-25,900,000","53,000,000","-28,200,000","4,500,000","65,400,000","-52,700,000","-98,600,000","122,000,000","250,200,000","108,700,000","-90,700,000","25,500,000","189,200,000","283,100,000","-79,700,000","107,700,000","371,200,000","306,488,000","61,437,000","346,072,000","256,457,000","-25,791,000","115,437,000","188,844,000","210,934,000","72,907,000","11,275,000","36,139,000","727,000","-20,068,000","5,795,000","-18,043,000","68,169,000","42,668,000","23,671,000","140,066,000","35,039,000","29,070,000","-4,197,298","61,055,546","-97,765,248",,,,,
TaxProvision,"68,000,000","34,000,000","-7,000,000","47,000,000","-6,000,000","-42,000,000","-22,000,000","-31,000,000","-5,000,000","-36,000,000","19,000,000","34,000,000","41,000,000","35,000,000","16,000,000","35,000,000","17,000,000","20,800,000","-234,300,000","9,200,000","-6,600,000","14,800,000","-22,100,000","2,500,000","21,600,000","-21,800,000","-20,700,000","23,100,000","58,100,000","24,000,000","-21,100,000","4,200,000","45,200,000","69,400,000","-39,100,000","29,500,000","99,500,000","93,743,000","16,613,000","127,618,000","91,099,000","-9,746,000","37,103,000","68,603,000","76,738,000","27,119,000","8,981,000","12,932,000","-425,000","-7,705,000","-3,668,000","-4,604,000","25,500,000","12,007,000","12,600,000","40,411,000","4,051,000","6,849,000","11,718,001","47,609,671","-70,483,141",,,,,
NetIncomeCommonStockholders,"158,000,000","94,000,000","-14,000,000","84,000,000","-6,000,000","-39,000,000","-68,000,000","-96,000,000","-5,000,000","-87,000,000","44,000,000","119,000,000","116,000,000","101,000,000","82,000,000","90,000,000","51,000,000","66,200,000","200,500,000","22,200,000","-10,500,000","22,200,000","7,100,000","5,400,000","28,400,000","-16,200,000","-45,000,000","57,900,000","101,900,000","54,900,000","-44,400,000","7,900,000","83,700,000","126,700,000","-21,700,000","44,000,000","183,400,000","165,033,000","40,177,000","208,896,000","154,734,000","-25,202,000","65,858,000","109,265,000","124,865,000","45,788,000","2,294,000","23,207,000","1,152,000","-12,363,000","9,463,000","-13,439,000","42,669,000","30,661,000","11,071,000","99,655,000","30,988,000","22,221,000","-15,915,299","13,399,189","-27,153,733","27,153,733","-33,149,848","74,907,057","20,878,605","20,878,605"
	NetIncome,"158,000,000","94,000,000","-14,000,000","84,000,000","-6,000,000","-39,000,000","-68,000,000","-96,000,000","-5,000,000","-87,000,000","44,000,000","119,000,000","116,000,000","101,000,000","82,000,000","90,000,000","51,000,000","66,200,000","200,500,000","22,200,000","-10,500,000","22,200,000","7,100,000","5,400,000","28,400,000","-16,200,000","-45,000,000","57,900,000","101,900,000","54,900,000","-44,400,000","7,900,000","83,700,000","126,700,000","-21,700,000","44,000,000","183,400,000","165,033,000","40,177,000","208,896,000","154,734,000","-25,202,000","65,858,000","109,265,000","124,865,000","45,788,000","2,294,000","23,207,000","1,152,000","-12,363,000","9,463,000","-13,439,000","42,669,000","30,661,000","11,071,000","99,655,000","30,988,000","22,221,000","-15,915,299","13,399,189","-27,153,733","27,153,733","-33,149,848","74,907,057","20,878,605","20,878,605"
		NetIncomeIncludingNoncontrollingInterests,"282,000,000","153,000,000","25,000,000","106,000,000","-2,000,000","-55,000,000","-79,000,000","-108,000,000","-32,000,000","-101,000,000","28,000,000","104,000,000","128,000,000","102,000,000","107,000,000","121,000,000","79,000,000","103,600,000","172,700,000","25,300,000","-19,300,000","38,200,000","-6,100,000","2,000,000","43,800,000","-30,900,000","-77,900,000","98,900,000","192,100,000","84,700,000","-69,600,000","21,300,000","144,000,000","213,700,000","-40,600,000","78,200,000","271,700,000","212,745,000","44,824,000","218,454,000","165,358,000","-16,045,000","78,334,000","120,241,000","134,196,000","45,788,000","2,294,000","23,207,000","1,152,000","-12,363,000","9,463,000","-13,439,000","42,669,000","30,661,000","11,071,000","99,655,000","30,988,000","22,221,000","-15,915,299","13,445,875","-27,282,107","27,153,733","-33,149,848","74,907,057","20,878,605","20,878,605"
			NetIncomeContinuousOperations,"282,000,000","153,000,000","25,000,000","106,000,000","-2,000,000","-55,000,000","-79,000,000","-108,000,000","-32,000,000","-101,000,000","28,000,000","104,000,000","128,000,000","102,000,000","107,000,000","121,000,000","79,000,000","103,600,000","172,700,000","25,300,000","-19,300,000","38,200,000","-6,100,000","2,000,000","43,800,000","-30,900,000","-77,900,000","98,900,000","192,100,000","84,700,000","-69,600,000","21,300,000","144,000,000","213,700,000","-40,600,000","78,200,000","271,700,000","212,745,000","44,824,000","218,454,000","165,358,000","-16,045,000","78,334,000","120,241,000","134,196,000","45,788,000","2,294,000","23,207,000","1,152,000","-12,363,000","9,463,000","-13,439,000","42,669,000","30,661,000","11,071,000","99,655,000","30,988,000","22,221,000","-15,915,299","13,399,189","-27,153,733","27,153,733","-33,149,848","74,907,057","20,878,605","20,878,605"
		MinorityInterests,"-124,000,000","-59,000,000","-39,000,000","-22,000,000","-4,000,000","16,000,000","11,000,000","12,000,000","27,000,000","14,000,000","16,000,000","15,000,000","-12,000,000","-1,000,000","-25,000,000","-31,000,000","-28,000,000","-37,400,000","27,800,000","-3,100,000","8,800,000","-16,000,000","13,200,000","3,400,000","-15,400,000","14,700,000","32,900,000","-41,000,000","-90,200,000","-29,800,000","25,200,000","-13,400,000","-60,300,000","-87,000,000","18,900,000","-34,200,000","-88,300,000","-47,712,000","-4,647,000","-9,558,000","-10,624,000","-9,157,000","-12,476,000","-10,976,000","-9,331,000",,,,,,,,,,,,,,"0","-46,686","128,374",,,,,
DilutedNIAvailtoComStockholders,"158,000,000","94,000,000","-14,000,000","84,000,000","-6,000,000","-39,000,000","-68,000,000","-96,000,000","-5,000,000","-87,000,000","44,000,000","119,000,000","116,000,000","101,000,000","82,000,000","90,000,000","51,000,000","66,200,000","200,500,000","22,200,000","-10,500,000","22,200,000","7,100,000","5,400,000","28,400,000","-16,200,000","-45,000,000","57,900,000","101,900,000","54,900,000","-44,400,000","7,900,000","83,700,000","126,700,000","-21,700,000","44,000,000","183,400,000","165,033,000","40,177,000","208,896,000","154,734,000","-25,202,000","65,858,000","109,265,000","124,865,000","45,788,000","2,294,000","23,207,000","1,152,000","-12,363,000","9,463,000","-13,439,000","42,669,000","30,661,000","11,071,000","99,655,000","30,988,000","22,221,000","-15,915,299","13,399,189","-27,153,733","27,153,733","-33,149,848","74,907,057","20,878,605","20,878,605"
BasicEPS,,"0.93","-0.14","0.83","-0.06","-0.39","-0.67","-0.96","-0.05","-0.87","0.44","1.18","1.16","1","0.82","0.94","0.59","0.76","2.31","0.26","-0.12","0.26","0.08","0.06","0.33","-0.19","-0.52","0.67","1.17","0.63","-0.51","0.09","0.96","1.46","-0.25","0.51","2.11","1.9","0.46","2.41","1.78","-0.29","0.76","1.26","1.44","0.53",,"0.27","0.01","-0.14",,"-0.16","0.49","0.36",,"1.16","0.36","0.26",,"0.16","-0.335","0.335",,"0.875","0.26","0.26"
DilutedEPS,,"0.93","-0.14","0.83","-0.06","-0.39","-0.67","-0.96","-0.05","-0.87","0.44","1.18","1.16","1","0.82","0.94","0.59","0.76","2.31","0.256","-0.12","0.26","0.08","0.06","0.327","-0.19","-0.52","0.67","1.17","0.63","-0.51","0.09","0.96","1.46","-0.25","0.51","2.11","1.9","0.46","2.41","1.75","-0.29","0.75","1.25","1.42","0.52",,"0.27","0.01","-0.14",,"-0.16","0.49","0.36",,"1.16","0.36","0.26",,"0.16","-0.335","0.335",,"0.875","0.26","0.26"
BasicAverageShares,,"100,500,000","100,500,000","100,500,000","100,500,000","100,500,000","100,500,000","100,500,000","100,500,000","100,500,000","100,500,000","100,500,000","100,500,000","100,500,000","100,500,000","95,800,000","86,800,000","86,800,000","86,800,000","86,800,000","86,800,000","86,800,000","86,800,000","86,800,000","86,800,000","86,800,000","86,800,000","86,800,000","86,800,000","86,800,000","86,800,000","86,800,000","86,800,000","86,800,000","86,800,000","86,800,000","86,831,050","86,831,050","86,831,050","86,831,050","86,800,000","86,800,000","86,582,800","86,549,846","86,422,881","86,413,781",,"86,343,102","86,336,125","86,329,237",,"86,244,245","86,244,152","86,243,745",,"86,141,291","86,141,291","86,141,291",,"86,141,291","81,641,591","81,641,591",,"84,716,785","81,641,591","81,641,591"
DilutedAverageShares,,"100,500,000","100,500,000","100,500,000","100,500,000","100,500,000","100,500,000","100,500,000","100,500,000","100,500,000","100,500,000","100,500,000","100,500,000","100,500,000","100,500,000","95,800,000","86,800,000","86,800,000","86,800,000","86,800,000","86,800,000","86,800,000","86,800,000","86,800,000","86,800,000","86,800,000","86,800,000","86,800,000","86,800,000","86,800,000","86,800,000","86,800,000","86,800,000","86,800,000","86,800,000","86,800,000","86,831,050","86,831,050","86,831,050","86,831,050","88,500,000","86,800,000","87,746,843","87,743,600","87,789,351","87,783,857",,"87,013,575","86,506,590","86,329,237",,"86,244,245","86,333,349","86,322,411",,"86,158,791","86,158,791","86,158,791",,"86,158,791","81,641,591","81,641,591",,"84,734,285","81,659,091","81,659,091"
TotalOperatingIncomeAsReported,"442,000,000","220,000,000","41,000,000","175,000,000","6,000,000","-135,000,000","-127,000,000","-46,000,000","-26,000,000","-135,000,000","69,000,000","159,000,000","192,000,000","160,000,000","212,000,000","174,000,000","111,000,000","90,500,000","30,000,000","78,900,000","1,300,000","67,600,000","12,900,000","27,200,000","90,700,000","-39,900,000","-110,700,000","121,500,000","274,200,000","136,600,000","-90,600,000","6,800,000","164,600,000","183,500,000","39,800,000","40,400,000","262,700,000","367,662,000","124,891,000","533,744,000","235,772,000","140,508,000","26,880,000","212,190,000","217,920,000","109,606,000","34,787,000","50,450,000","19,421,000","-11,594,000","19,566,000","-10,784,000","108,444,000","90,960,000","-133,578,000","72,009,000","122,952,000","87,358,000","41,756,825","38,659,779","61,908,906",,,,,
TotalExpenses,"7,707,000,000","2,153,000,000","2,072,000,000","1,707,000,000","1,775,000,000","1,598,000,000","1,241,000,000","1,051,000,000","659,000,000","1,265,000,000","1,500,000,000","1,460,000,000","1,504,000,000","1,324,000,000","1,525,000,000","1,761,000,000","1,798,000,000","1,446,000,000","1,563,100,000","1,374,900,000","1,433,100,000","1,439,500,000","1,340,500,000","1,213,100,000","1,192,500,000","945,400,000","1,121,300,000","1,287,300,000","1,377,300,000","1,252,300,000","1,932,400,000","2,273,100,000","2,375,700,000","2,263,900,000","2,396,200,000","1,936,700,000","1,957,600,000","1,984,757,000","1,755,863,000","1,875,880,000","2,072,546,000","1,828,123,000","1,035,288,000","1,139,774,000","1,229,796,000","1,057,551,000","1,113,397,000","980,724,000","986,477,000","906,106,000","902,366,000","821,948,000","684,961,000","518,254,000","833,264,000","1,508,902,000","1,389,551,000","1,135,645,000","1,105,233,958","547,317,979","555,039,050",,,,,
NetIncomeFromContinuingAndDiscontinuedOperation,"158,000,000","94,000,000","-14,000,000","84,000,000","-6,000,000","-39,000,000","-68,000,000","-96,000,000","-5,000,000","-87,000,000","44,000,000","119,000,000","116,000,000","101,000,000","82,000,000","90,000,000","51,000,000","66,200,000","200,500,000","22,200,000","-10,500,000","22,200,000","7,100,000","5,400,000","28,400,000","-16,200,000","-45,000,000","57,900,000","101,900,000","54,900,000","-44,400,000","7,900,000","83,700,000","126,700,000","-21,700,000","44,000,000","183,400,000","165,033,000","40,177,000","208,896,000","154,734,000","-25,202,000","65,858,000","109,265,000","124,865,000","45,788,000","2,294,000","23,207,000","1,152,000","-12,363,000","9,463,000","-13,439,000","42,669,000","30,661,000","11,071,000","99,655,000","30,988,000","22,221,000","-15,915,299","13,399,189","-27,153,733","27,153,733","-33,149,848","74,907,057","20,878,605","20,878,605"
NormalizedIncome,"145,108,571.429","94,000,000","-13,270,000","85,384,000","-19,870,000","-84,260,000","-106,326,732.673","-45,430,000","13,081,000","-109,754,000","44,600,000","121,250,000","109,187,000","102,490,000","148,113,821.138","86,120,000","46,885,000","16,803,100","239,500,000","34,661,000","-10,500,000","13,403,800","15,740,000","6,420,000","33,090,000","-15,480,000","-63,645,436.105","48,330,200","90,610,400","94,940,600","-55,526,791.621","-13,559,500","56,380,100","44,103,000","53,635,000","-8,635,000","95,194,000","197,063,182","74,117,662.467","315,576,583.543","129,248,478.809","66,333,695.398","-4,242,030.337","115,429,735.771","120,406,517.404","60,792,335.77","9,052,700","23,847,232.962","5,423,150","-12,998,769.185","11,872,550","-15,426,956.049","61,219,051.842","57,261,221.173","84,495,650","38,630,133.116","100,902,248.466","58,676,587.616","8,989,269.65","7,944,034.1","67,857,482","27,153,733","-33,149,848","74,907,057","20,878,605","20,878,605"
InterestIncome,,,,,,,,,,,,,,,,,,"200,000","300,000","200,000","300,000","200,000","200,000","200,000","100,000","200,000","300,000","300,000","300,000","200,000","200,000","300,000","200,000","200,000","300,000","300,000","300,000","300,000","352,000","292,000","133,000","90,000","-89,000","93,000","211,000","274,000","603,000","549,000","643,000","416,000","575,000","475,000","653,000","14,000",,,,,,,,,,,,
InterestExpense,"110,000,000","24,000,000","25,000,000","23,000,000","38,000,000","31,000,000","32,000,000","31,000,000","31,000,000","35,000,000","25,000,000","26,000,000","26,000,000","26,000,000","23,000,000","26,000,000","27,000,000","27,100,000","27,800,000","27,600,000","27,600,000","27,000,000","27,100,000","26,200,000","18,500,000","12,100,000","11,900,000","11,900,000","11,900,000","12,700,000","11,200,000","9,400,000","9,300,000","10,100,000","10,900,000","11,700,000","12,500,000","15,437,000","18,246,000","18,962,000","18,974,000","19,253,000","14,657,000","13,757,000","14,205,000","13,190,000","13,717,000","13,863,000","12,766,000","9,922,000","10,644,000","10,932,000","11,191,000","11,470,000",,,,,,,,,,,,
NetInterestIncome,"-110,000,000","-24,000,000","-25,000,000","-23,000,000","-38,000,000","-31,000,000","-32,000,000","-31,000,000","-31,000,000","-35,000,000","-25,000,000","-26,000,000","-26,000,000","-26,000,000","-23,000,000","-26,000,000","-27,000,000","-26,900,000","-27,500,000","-27,400,000","-27,300,000","-26,800,000","-26,900,000","-26,000,000","-18,400,000","-11,900,000","-11,600,000","-11,600,000","-11,600,000","-12,500,000","-11,000,000","-9,100,000","-9,100,000","-9,900,000","-10,600,000","-11,400,000","-12,200,000","-15,137,000","-17,894,000","-18,670,000","-18,841,000","-19,163,000","-14,746,000","-13,664,000","-13,994,000","-12,916,000","-13,114,000","-13,314,000","-12,123,000","-9,506,000","-10,069,000","-10,457,000","-10,538,000","-11,456,000",,,,,,,,,,,,
EBIT,"460,000,000","211,000,000","43,000,000","176,000,000","30,000,000","-66,000,000","-69,000,000","-108,000,000","-6,000,000","-102,000,000","72,000,000","164,000,000","195,000,000","163,000,000","146,000,000","182,000,000","123,000,000","151,500,000","-33,800,000","62,100,000","1,700,000","80,000,000","-1,100,000","30,700,000","83,900,000","-40,600,000","-86,700,000","133,900,000","262,100,000","121,400,000","-79,500,000","34,900,000","198,500,000","293,200,000","-68,800,000","119,400,000","383,700,000","321,925,000","79,683,000","365,034,000","275,431,000","-6,538,000","130,094,000","202,601,000","225,139,000","86,097,000","24,992,000","50,002,000","13,493,000","-10,146,000","16,439,000","-7,111,000","79,360,000","54,138,000","-133,578,000","72,009,000","122,952,000","87,358,000","41,756,825","38,659,779","61,908,906","616,947,956","-1,948,893,167","743,500,367","775,283,315","775,283,315"
EBITDA,"740,000,000"
ReconciledCostOfRevenue,"7,296,000,000","2,047,000,000","1,964,000,000","1,610,000,000","1,675,000,000","1,505,000,000","1,150,000,000","961,000,000","563,000,000","1,177,000,000","1,398,000,000","1,359,000,000","1,399,000,000","1,227,000,000","1,442,000,000","1,682,000,000","1,709,900,000","1,370,200,000","1,476,800,000","1,293,500,000","1,352,800,000","1,359,300,000","1,260,800,000","1,135,200,000","1,115,200,000","878,200,000","1,059,900,000","1,222,500,000","1,307,600,000","1,185,000,000","1,868,200,000","2,203,500,000","2,309,100,000","2,200,300,000","2,330,300,000","1,872,800,000","1,893,698,000","1,922,130,000","1,687,628,000","1,812,381,000","1,968,309,000","1,750,669,000","982,073,000","1,100,655,000","1,189,582,000","1,005,148,000","1,047,942,000","942,384,000","954,131,000","863,452,000","880,727,000","771,149,000","642,082,000","421,605,000","516,324,000","1,497,919,000","1,349,319,000","1,096,255,000","1,028,106,034","481,987,152","523,829,704",,,,,
ReconciledDepreciation,"280,000,000","67,000,000","74,000,000","67,000,000","72,000,000","66,000,000","70,000,000","70,000,000","74,000,000","64,000,000","70,000,000","72,000,000","78,000,000","67,000,000","54,000,000","51,000,000","56,100,000","51,900,000","54,800,000","54,100,000","54,000,000","51,100,000","52,300,000","50,100,000","50,700,000","40,000,000","40,900,000","38,700,000","42,500,000","42,000,000","40,700,000","37,800,000","38,600,000","37,300,000","37,400,000","36,200,000","35,002,000","34,198,000","32,594,000","33,109,000","32,190,000","32,112,000","24,242,000","22,025,000","22,043,000","22,011,000","22,005,000","21,943,000","21,553,000","21,260,000","23,164,000","21,634,000","21,107,000","20,909,000","22,844,000","19,620,000","21,574,000","20,130,000","18,936,245","19,103,720","16,096,229",,,,,
NetIncomeFromContinuingOperationNetMinorityInterest,"158,000,000","94,000,000","-14,000,000","84,000,000","-6,000,000","-39,000,000","-68,000,000","-96,000,000","-5,000,000","-87,000,000","44,000,000","119,000,000","116,000,000","101,000,000","82,000,000","90,000,000","51,000,000","66,200,000","200,500,000","22,200,000","-10,500,000","22,200,000","7,100,000","5,400,000","28,400,000","-16,200,000","-45,000,000","57,900,000","101,900,000","54,900,000","-44,400,000","7,900,000","83,700,000","126,700,000","-21,700,000","44,000,000","183,400,000","165,033,000","40,177,000","208,896,000","154,734,000","-25,202,000","65,858,000","109,265,000","124,865,000","45,788,000","2,294,000","23,207,000","1,152,000","-12,363,000","9,463,000","-13,439,000","42,669,000","30,661,000","11,071,000","99,655,000","30,988,000","22,221,000","-15,915,299","13,399,189","-27,153,733","27,153,733","-33,149,848","74,907,057","20,878,605","20,878,605"
TotalUnusualItemsExcludingGoodwill,"16,000,000",,"-1,000,000","-2,000,000","19,000,000","62,000,000","49,000,000","-65,000,000","-21,000,000","31,000,000","-1,000,000","-3,000,000","9,000,000","-2,000,000","-76,000,000","5,000,000","5,000,000","59,300,000","-65,000,000","-17,000,000","0","12,200,000","-14,400,000","-1,700,000","-7,000,000","-1,200,000","23,600,000","11,800,000","14,700,000","-51,400,000","14,500,000","25,700,000","35,900,000","109,400,000","-115,900,000","72,500,000","120,500,000","-46,153,000","-46,520,000","-169,002,000","39,526,000","-147,136,000","103,303,000","-9,682,000","7,008,000","-23,891,000","-10,398,000","-997,000","-6,571,000","1,032,000","-3,707,000","2,669,000","-29,636,000","-37,017,000","-112,961,000","85,771,000","-79,054,000","-47,692,000","-38,314,721","8,392,546","-146,171,100",,,,,
TotalUnusualItems,"16,000,000",,"-1,000,000","-2,000,000","19,000,000","62,000,000","49,000,000","-65,000,000","-21,000,000","31,000,000","-1,000,000","-3,000,000","9,000,000","-2,000,000","-76,000,000","5,000,000","5,000,000","59,300,000","-65,000,000","-17,000,000","0","12,200,000","-14,400,000","-1,700,000","-7,000,000","-1,200,000","23,600,000","11,800,000","14,700,000","-51,400,000","14,500,000","25,700,000","35,900,000","109,400,000","-115,900,000","72,500,000","120,500,000","-46,153,000","-46,520,000","-169,002,000","39,526,000","-147,136,000","103,303,000","-9,682,000","7,008,000","-23,891,000","-10,398,000","-997,000","-6,571,000","1,032,000","-3,707,000","2,669,000","-29,636,000","-37,017,000","-112,961,000","85,771,000","-79,054,000","-47,692,000","-38,314,721","8,392,546","-146,171,100",,,,,
NormalizedEBITDA,"724,000,000","278,000,000","118,000,000","245,000,000","83,000,000","-62,000,000","-48,000,000","27,000,000","89,000,000","-69,000,000","143,000,000","239,000,000","264,000,000","232,000,000","276,000,000","228,000,000","174,100,000","144,100,000","86,000,000","133,200,000","55,700,000","118,900,000","65,600,000","82,500,000","141,600,000","600,000","-69,400,000","160,800,000","289,900,000","214,800,000","-53,300,000","47,000,000","201,200,000","221,100,000","84,500,000","83,100,000","298,202,000","402,276,000","158,797,000","567,145,000","268,095,000","172,710,000","51,033,000","234,308,000","240,174,000","131,999,000","57,395,000","72,942,000","41,617,000","10,082,000","43,310,000","11,854,000","130,103,000","112,064,000","2,227,000","6,847,000","223,580,000","155,180,000","99,007,791","49,370,953","224,176,235","616,947,956","-1,948,893,167","743,500,367","775,283,315","775,283,315"
TaxRateForCalcs,"0.194","0.18","0.27","0.308","0.27","0.27","0.218","0.222","0.139","0.266","0.4","0.25","0.243","0.255","0.13","0.224","0.177","0.167","0.4","0.267","0.255","0.279","0.4","0.4","0.33","0.4","0.21","0.189","0.232","0.221","0.233","0.165","0.239","0.245","0.35","0.274","0.268","0.306","0.27","0.369","0.355","0.378","0.321","0.363","0.364","0.372","0.35","0.358","0.35","0.384","0.35","0.255","0.374","0.281","0.35","0.289","0.116","0.236","0.35","0.35","0.35","0.35","0.4","0.4","0.4","0.4"
TaxEffectOfUnusualItems,"3,108,571.429","0","-270,000","-616,000","5,130,000","16,740,000","10,673,267.327","-14,430,000","-2,919,000","8,246,000","-400,000","-750,000","2,187,000","-510,000","-9,886,178.862","1,120,000","885,000","9,903,100","-26,000,000","-4,539,000","0","3,403,800","-5,760,000","-680,000","-2,310,000","-480,000","4,954,563.895","2,230,200","3,410,400","-11,359,400","3,373,208.379","4,240,500","8,580,100","26,803,000","-40,565,000","19,865,000","32,294,000","-14,122,818","-12,579,337.533","-62,321,416.457","14,040,478.809","-55,600,304.602","33,202,969.663","-3,517,264.229","2,549,517.404","-8,886,664.23","-3,639,300","-356,767.038","-2,299,850","396,230.815","-1,297,450","681,043.951","-11,085,948.158","-10,416,778.827","-39,536,350","24,746,133.116","-9,139,751.534","-11,236,412.384","-13,410,152.35","2,937,391.1","-51,159,885","0","0","0","0","0"