name,ttm,03/31/2022,12/31/2021,09/30/2021,06/30/2021,03/31/2021,12/31/2020,09/30/2020,06/30/2020,03/31/2020,12/31/2019,09/30/2019,06/30/2019,03/31/2019,12/31/2018,09/30/2018,06/30/2018,03/31/2018,12/31/2017,09/30/2017,06/30/2017,03/31/2017,12/31/2016,09/30/2016,06/30/2016,03/31/2016,12/31/2015,09/30/2015,06/30/2015,03/31/2015,12/31/2014,09/30/2014,06/30/2014,03/31/2014,12/31/2013,09/30/2013,06/30/2013,03/31/2013,12/31/2012,09/30/2012,06/30/2012,03/31/2012,12/31/2011,09/30/2011,06/30/2011,03/31/2011,12/31/2010,09/30/2010,06/30/2010,03/31/2010,12/31/2009,09/30/2009,06/30/2009,03/31/2009,12/31/2008,09/30/2008,06/30/2008,03/31/2008,12/31/2007,09/30/2007,06/30/2007,03/31/2007,12/31/2006,09/30/2006,06/30/2006,03/31/2006,12/31/2005,09/30/2005,06/30/2005,03/31/2005,12/31/2004,09/30/2004,06/30/2004,03/31/2004,12/31/2003,09/30/2003,06/30/2003,03/31/2003,12/31/2002,09/30/2002,06/30/2002,03/31/2002,12/31/2001,09/30/2001,06/30/2001,03/31/2001,12/31/2000,09/30/2000,06/30/2000,03/31/2000,12/31/1999,09/30/1999,06/30/1999,03/31/1999,12/31/1998,09/30/1998,06/30/1998,03/31/1998,12/31/1997,09/30/1997,06/30/1997,03/31/1997,12/31/1996,09/30/1996,06/30/1996,03/31/1996,12/31/1995,09/30/1995,06/30/1995,03/31/1995
TotalRevenue,"1,116,699,000","291,585,000","294,228,000","274,561,000","256,324,000","220,889,000","225,228,000","210,830,000","191,689,000","213,553,000","233,135,000","222,914,000","219,298,000","219,181,000","272,268,000","243,303,000","196,318,000","173,566,000","203,306,000","178,631,000","164,326,000","158,744,000","190,978,000","164,500,000","158,832,000","156,341,000","208,062,000","173,512,000","175,451,000","167,216,000","206,788,000","177,581,000","173,654,000","160,957,000","176,488,000","170,843,000","172,488,000","164,731,000","177,495,000","168,427,000","171,301,000","157,031,000","161,953,000","161,418,000","172,865,000","156,391,000","163,947,000","164,812,000","168,979,000","152,011,000","157,780,000","153,048,000","144,082,000","133,776,000","170,970,000","212,545,000","208,726,000","181,674,000","192,902,000","175,787,000","177,445,000","166,392,000","186,281,000","176,661,000","169,362,000","151,525,000","178,419,000","169,895,000","156,813,000","137,926,000","164,173,000","151,935,000","149,847,000","137,667,000","152,157,000","146,483,000","145,942,000","137,875,000","146,664,000","141,223,000","144,312,000","132,219,000","135,959,000","138,057,000","141,683,000","131,329,000","144,883,000","141,667,000","139,398,000","126,481,000","141,662,000","120,104,000","113,211,000","97,764,000","106,145,721","95,566,000","89,010,000","79,824,000","89,905,080","75,308,000","70,060,000","62,588,000","64,160,945","63,023,000","59,626,000","49,500,000","50,100,000","47,100,000","44,600,000","38,400,000"
	OperatingRevenue,"1,116,699,000","291,585,000","294,228,000","274,561,000","256,324,000","220,889,000","225,228,000","210,830,000","191,689,000","213,553,000","233,135,000","222,914,000","219,298,000","219,181,000","272,268,000","243,303,000","196,318,000","173,566,000","203,306,000","178,631,000","164,326,000","158,744,000","190,978,000","164,500,000","158,832,000","156,341,000","208,062,000","173,512,000","175,451,000","167,216,000","206,788,000","177,581,000","173,654,000","160,957,000","176,488,000","170,843,000","172,488,000","164,731,000","177,495,000","168,427,000","171,301,000","157,031,000","161,953,000","161,418,000","172,865,000","156,391,000","163,947,000","164,812,000","168,979,000","152,011,000","157,780,000","153,048,000","144,082,000","133,776,000","170,970,000","212,545,000","208,726,000","181,674,000","192,902,000","175,787,000","177,445,000","166,392,000","186,281,000","176,661,000","169,362,000","151,525,000","178,419,000","169,895,000","156,813,000","137,926,000","164,173,000","151,935,000","149,847,000","137,667,000","152,157,000","146,483,000","145,942,000","137,875,000","146,664,000","141,223,000","144,312,000","132,219,000","135,959,000","138,057,000","141,683,000","131,329,000","144,883,000","141,667,000","139,398,000","126,481,000","141,662,000","120,104,000","113,211,000","97,764,000","106,146,000","95,566,000","89,010,000","79,824,000","89,905,000","75,308,000","70,060,000","62,588,000","64,161,000","63,023,000","59,626,000","49,500,000","50,100,000","47,100,000","44,600,000","38,400,000"
CostOfRevenue,"953,154,000","245,882,000","254,155,000","234,655,000","218,461,000","191,450,000","193,876,000","180,817,000","169,518,000","183,640,000","203,736,000","198,148,000","187,573,000","190,888,000","226,468,000","202,869,000","161,643,000","149,916,000","171,219,000","154,069,000","145,185,000","141,627,000","159,004,000","142,926,000","136,764,000","134,733,000","165,061,000","145,735,000","144,034,000","138,534,000","162,706,000","148,310,000","148,502,000","146,506,000","152,038,000","150,049,000","150,210,000","148,988,000","366,552,000","75,306,000","85,686,000","79,540,000","115,352,000","72,455,000","86,737,000","29,487,000","20,008,000","15,889,000","15,353,000","15,267,000","12,322,000","12,003,000","6,518,000","8,004,000","7,452,000","37,457,000","54,136,000","110,560,000","64,735,000","111,125,000","107,402,000","83,559,000","34,162,000","119,024,000","113,632,000","83,133,000","41,617,000","114,474,000","103,568,000","90,746,000","53,913,000","98,326,000","97,981,000","94,198,000","17,496,000","95,674,000","94,589,000","89,377,000","15,464,000","85,022,000","85,034,000","80,248,000","85,864,000","83,750,000","83,433,000","76,859,000","83,993,000","82,290,000","80,580,000","75,649,000","78,015,000","61,735,000","56,247,000","46,775,000","48,264,000","41,191,000","38,611,000","37,137,000","41,488,000","28,834,000","26,098,000","24,944,000","24,120,000","21,908,000","21,132,000","12,700,000","1,200,000","14,500,000","14,100,000","11,000,000"
GrossProfit,"163,545,000","45,703,000","40,073,000","39,906,000","37,863,000","29,439,000","31,352,000","30,013,000","22,171,000","29,913,000","29,399,000","24,766,000","31,725,000","28,293,000","45,800,000","40,434,000","34,675,000","23,650,000","32,087,000","24,562,000","19,141,000","17,117,000","31,974,000","21,574,000","22,068,000","21,608,000","43,001,000","27,777,000","31,417,000","28,682,000","44,082,000","29,271,000","25,152,000","14,451,000","24,450,000","20,794,000","22,278,000","15,743,000","-189,057,000","93,121,000","85,615,000","77,491,000","46,601,000","88,963,000","86,128,000","126,904,000","143,939,000","148,923,000","153,626,000","136,744,000","145,458,000","141,045,000","137,564,000","125,772,000","163,518,000","175,088,000","154,590,000","71,114,000","128,167,000","64,662,000","70,043,000","82,833,000","152,119,000","57,637,000","55,730,000","68,392,000","136,802,000","55,421,000","53,245,000","47,180,000","110,260,000","53,609,000","51,866,000","43,469,000","134,661,000","50,809,000","51,353,000","48,498,000","131,200,000","56,201,000","59,278,000","51,971,000","50,095,000","54,307,000","58,250,000","54,470,000","60,890,000","59,377,000","58,818,000","50,832,000","63,647,000","58,369,000","56,964,000","50,989,000","57,881,721","54,375,000","50,399,000","42,687,000","48,417,080","46,474,000","43,962,000","37,644,000","40,040,945","41,115,000","38,494,000","36,800,000","48,900,000","32,600,000","30,500,000","27,400,000"
OperatingExpense,"86,088,000","22,023,000","21,952,000","20,694,000","21,419,000","19,853,000","22,443,000","25,275,000","28,003,000","29,205,000","25,704,000","26,697,000","22,881,000","22,867,000","23,485,000","24,253,000","20,610,000","17,225,000","17,244,000","15,521,000","15,179,000","16,808,000","19,708,000","16,128,000","14,752,000","14,190,000","18,665,000","13,148,000","12,643,000","18,639,000","19,431,000","23,685,000","16,096,000","14,097,000","15,573,000","14,912,000","15,928,000","16,458,000","-194,206,000","88,476,000","74,556,000","75,134,000","45,442,000","87,178,000","78,894,000","81,269,000","85,791,000","84,311,000","86,520,000","81,690,000","88,394,000","83,634,000","83,381,000","82,273,000","115,780,000","102,018,000","96,338,000","191,268,000","140,881,000","193,361,000","186,852,000","169,136,000","136,876,000","189,603,000","181,867,000","151,175,000","122,849,000","181,308,000","168,820,000","153,010,000","118,500,000","158,286,000","159,711,000","153,173,000","93,371,000","156,631,000","155,055,000","149,179,000","94,517,000","147,154,000","151,604,000","146,171,000","160,835,000","149,794,000","155,939,000","145,592,000","155,995,000","152,780,000","151,493,000","139,513,000","260,538,000","78,150,000","73,684,000","66,938,000","188,273,792","61,328,000","57,841,000","51,562,000","150,027,449","46,692,000","43,098,000","38,411,000","111,847,843","37,645,000","35,542,000","31,600,000","41,000,000","25,300,000","23,900,000","21,200,000"
	SellingGeneralAndAdministration,"75,034,000","19,283,000","19,285,000","18,007,000","18,459,000","17,268,000","20,377,000","22,296,000","24,880,000","25,751,000","22,399,000","23,527,000","19,516,000","19,684,000","20,303,000","20,876,000","17,997,000","14,565,000","14,563,000","13,157,000","13,082,000","14,073,000","16,400,000","13,313,000","11,871,000","11,482,000","15,811,000","10,269,000","10,021,000","15,978,000","16,512,000","20,952,000","13,534,000","11,352,000","12,819,000","12,132,000","13,266,000","13,685,000","-140,307,000","65,746,000","63,375,000","65,770,000","65,182,000","63,831,000","69,648,000","65,635,000","69,965,000","68,523,000","70,148,000","66,779,000","70,987,000","68,680,000","69,583,000","68,197,000","84,963,000","86,082,000","81,055,000","72,645,000","229,773,000","21,207,000","5,838,000","5,682,000","221,373,000","22,137,000","21,198,000","4,304,000","-41,117,000","20,022,000","19,363,000","19,510,000","-71,935,000","27,672,000","22,113,000","22,061,000","-46,045,000","22,161,000","20,388,000","17,991,000","-40,418,000","18,290,000","18,492,000","18,314,000","11,962,000","22,099,000","23,362,000","22,113,000","20,259,000","26,790,000","27,559,000","26,158,000","-109,629,000","65,790,000","62,098,000","55,792,000","-98,065,781","51,314,000","47,639,000","42,668,000","-77,594,166","37,747,000","34,717,000","29,898,000","-70,938,713","30,622,000","28,635,000","27,900,000","37,500,000","21,800,000","21,100,000","18,900,000"
		GeneralAndAdministrativeExpense,"75,034,000","19,283,000","19,285,000","18,007,000","18,459,000","17,268,000","20,377,000","22,296,000","24,880,000","25,751,000","22,399,000","23,527,000","19,516,000","19,684,000","20,303,000","20,876,000","17,997,000","14,565,000","14,563,000","13,157,000","13,082,000","14,073,000","16,400,000","13,313,000","11,871,000","11,482,000","15,811,000","10,269,000","10,021,000","15,978,000","16,512,000","20,952,000","13,534,000","11,352,000","12,819,000","12,132,000","13,266,000","13,685,000","-140,307,000","65,746,000","63,375,000","65,770,000","65,182,000","63,831,000","69,648,000","65,635,000","69,965,000","68,523,000","70,148,000","66,779,000","70,987,000","68,680,000","69,583,000","68,197,000","84,963,000","86,082,000","81,055,000","72,645,000","229,773,000","21,207,000","5,838,000","5,682,000","221,373,000","22,137,000","21,198,000","4,304,000","-41,117,000","20,022,000","19,363,000","19,510,000","-71,935,000","27,672,000","22,113,000","22,061,000","-46,045,000","22,161,000","20,388,000","17,991,000","-40,418,000","18,290,000","18,492,000","18,314,000","11,962,000","22,099,000","23,362,000","22,113,000","20,259,000","26,790,000","27,559,000","26,158,000","-109,629,000","65,790,000","62,098,000","55,792,000","-98,065,781","51,314,000","47,639,000","42,668,000","-77,594,166","37,747,000","34,717,000","29,898,000","-70,938,713","30,622,000","28,635,000",,,,,
			SalariesAndWages,,,,,,,,,,,,,,,,,,,,,,,,,,,,,,,,,,,,,,,,"53,488,000","53,396,000","52,162,000","52,496,000","52,458,000","54,474,000","51,741,000","54,455,000","52,514,000","53,937,000","52,210,000","54,356,000","53,425,000","53,558,000","54,819,000","64,347,000","65,830,000","66,939,000","-66,677,000","-68,215,000","-65,649,000","-69,149,000","-67,422,000","-72,348,000","-66,892,000","-64,421,000","-58,642,000","-63,980,000","-63,264,000","-60,967,000","-53,946,000","-61,879,000","-55,563,000","-56,378,000","-51,958,000","-55,330,000","-55,863,000","-55,662,000","-53,810,000","-57,685,000","-55,315,000","-58,576,000","-55,756,000","-57,891,000","-58,291,000","-63,223,000","-60,006,000","-63,923,000","-61,176,000","-60,943,000","-53,945,000","-59,137,000","-50,126,000","-48,320,000","-44,836,000","-46,906,000","-42,534,000","-39,906,000","-35,242,000","-38,294,000","-33,836,000","-31,707,000","-27,685,000","-29,335,000","-28,924,000","-27,034,000",,,,,
			InsuranceAndClaims,"40,129,000","9,179,000","10,351,000","11,023,000","9,577,000","7,838,000","12,561,000","13,317,000","11,562,000","15,614,000","11,966,000","14,051,000","10,472,000","11,235,000","12,064,000","12,675,000","9,908,000","8,685,000","8,842,000","7,681,000","7,914,000","8,718,000","10,611,000","8,362,000","6,726,000","6,897,000","10,182,000","6,682,000","4,276,000","10,769,000","10,365,000","15,545,000","7,578,000","6,106,000","7,658,000","6,887,000","7,621,000","8,494,000","9,436,000","8,282,000","6,133,000","9,856,000","8,480,000","7,801,000","11,193,000","8,690,000","9,723,000","9,992,000","9,287,000","8,980,000","9,067,000","8,050,000","8,917,000","5,921,000","11,657,000","11,970,000","5,981,000","-7,970,000","-7,261,000","-8,368,000","-14,507,000","-6,255,000","-9,331,000","-8,360,000","-8,187,000","-8,226,000","-12,507,000","-10,090,000","-9,603,000","-8,834,000","-27,774,000","-9,809,000","-8,999,000","-8,265,000","-9,618,000","-8,240,000","-9,558,000","-8,039,000","-8,917,000","-7,840,000","-7,836,000","-7,168,000","-12,673,000","-6,208,000","-4,892,000","-4,066,000","-4,474,000","-4,271,000","-3,645,000","-3,376,000","-3,614,000","-3,196,000","-2,854,000","-2,795,000","-3,022,000","-2,530,000","-2,304,000","-2,424,000","-2,855,000","-2,109,000","-1,905,000","-1,786,000","-1,629,000","-1,619,000","-1,511,000",,,,,
			OtherGandA,"34,905,000","10,104,000","8,934,000","6,984,000","8,882,000","9,430,000","7,816,000","8,979,000","13,318,000","10,137,000","10,433,000","9,476,000","9,044,000","8,449,000","8,239,000","8,201,000","8,089,000","5,880,000","5,721,000","5,476,000","5,168,000","5,355,000","5,789,000","4,951,000","5,145,000","4,585,000","5,629,000","3,587,000","5,745,000","5,209,000","6,147,000","5,407,000","5,956,000","5,246,000","5,161,000","5,245,000","5,645,000","5,191,000","9,302,000","3,976,000","3,846,000","3,752,000","4,206,000","3,572,000","3,981,000","5,204,000","5,787,000","6,017,000","6,924,000","5,589,000","7,564,000","7,205,000","7,108,000","7,457,000","8,959,000","8,282,000","8,135,000","147,292,000","305,249,000","95,224,000","89,494,000","79,359,000","303,052,000","97,389,000","93,806,000","71,172,000","35,370,000","93,376,000","89,933,000","82,290,000","17,718,000","93,044,000","87,490,000","82,284,000","18,903,000","86,264,000","85,608,000","79,840,000","26,184,000","81,445,000","84,904,000","81,238,000","82,526,000","86,598,000","91,477,000","86,185,000","88,656,000","92,237,000","92,147,000","83,479,000","-46,878,000","119,112,000","113,272,000","103,423,000","-48,137,781","96,378,000","89,849,000","80,334,000","-36,445,166","73,692,000","68,329,000","59,369,000","-39,974,713","61,165,000","57,180,000",,,,,
	DepreciationAmortizationDepletionIncomeStatement,,,,,,,,,,,,,,,,,,,,,,,,,,,,,,,,,,,,,,,,"10,706,000","11,181,000","9,364,000","12,771,000","11,724,000","9,246,000","12,532,000","13,142,000","12,792,000","13,291,000","12,582,000","13,899,000","12,395,000","10,812,000","11,016,000","27,763,000","12,663,000","11,892,000","10,917,000","11,601,000","13,955,000","13,586,000","12,734,000","13,984,000","8,624,000","8,536,000","10,020,000","8,610,000","10,543,000","10,284,000","9,663,000","13,942,000","10,728,000","10,677,000","10,845,000","11,833,000","9,991,000","10,617,000","10,600,000","12,031,000","11,492,000","11,915,000","14,058,000","26,807,000","10,465,000","10,543,000","9,050,000","8,403,000","10,025,000","10,102,000","10,686,000","10,406,000","8,721,000","8,560,000","7,971,000","10,137,888","7,901,000","7,262,000","6,773,000","7,867,501","6,807,000","6,333,000","6,356,000","6,810,481","5,421,000","5,411,000","5,200,000","4,800,000","4,600,000","4,000,000","3,400,000"
		DepreciationAndAmortizationInIncomeStatement,,,,,,,,,,,,,,,,,,,,,,,,,,,,,,,,,,,,,,,,"10,706,000","11,181,000","9,364,000",,,,,,,,,"13,899,000","12,395,000",,,"27,763,000","12,663,000",,"10,917,000","11,601,000","13,955,000","13,586,000","12,734,000","13,984,000","8,624,000","8,536,000","10,020,000","8,610,000","10,543,000","10,284,000","9,663,000","13,942,000","10,728,000","10,677,000","10,845,000","11,833,000","9,991,000","10,617,000","10,600,000","12,031,000","11,492,000","11,915,000","14,058,000","26,807,000","10,465,000","10,543,000","9,050,000","8,403,000","10,025,000","10,102,000","10,686,000","10,406,000","8,721,000","8,560,000","7,971,000","10,137,888","7,901,000","7,262,000","6,773,000","7,867,501","6,807,000","6,333,000","6,356,000","6,810,481","5,421,000","5,411,000","5,200,000","4,800,000","4,600,000","4,000,000","3,400,000"
			DepreciationIncomeStatement,,,,,,,,,,,,,,,,,,,,,,,,,,,,,,,,,,,,,,,,,,,,,,,,,,,,,,,,,,"10,917,000","11,601,000","13,955,000","13,586,000","12,734,000","13,984,000","8,624,000","8,536,000","10,020,000","8,610,000","10,543,000","10,284,000","9,663,000","13,942,000","10,728,000","10,677,000","10,845,000","11,833,000","9,991,000","10,617,000","10,600,000","12,031,000","11,492,000","11,915,000","14,058,000","26,807,000","10,465,000","10,543,000","9,050,000","8,403,000","10,025,000","10,102,000","10,686,000","10,406,000","8,721,000","8,560,000","7,971,000","10,137,888","7,901,000","7,262,000","6,773,000","7,867,501","6,807,000","6,333,000","6,356,000","6,810,481","5,421,000","5,411,000","5,200,000","4,800,000","4,600,000","4,000,000","3,400,000"
	OtherTaxes,"11,054,000","2,740,000","2,667,000","2,687,000","2,960,000","2,585,000","2,066,000","2,979,000","3,123,000","3,454,000","3,305,000","3,170,000","3,365,000","3,183,000","3,182,000","3,377,000","2,613,000","2,660,000","2,681,000","2,364,000","2,097,000","2,735,000","3,308,000","2,815,000","2,881,000","2,708,000","2,854,000","2,879,000","2,622,000","2,661,000","2,919,000","2,733,000","2,562,000","2,745,000","2,754,000","2,780,000","2,662,000","2,773,000","2,746,000",,,,,,,,,,,,,,,,,,,"-3,359,000","-3,250,000","-3,451,000","-3,532,000","-3,879,000","-4,326,000","-3,423,000","-3,465,000","-3,302,000","-3,371,000","-3,117,000","-3,604,000","-3,339,000","-3,586,000","-3,478,000","-3,674,000","-3,479,000","-3,835,000","-3,343,000","-3,745,000","-3,431,000","-3,577,000","-3,165,000","-3,915,000","-3,277,000","-3,839,000","-3,496,000","-3,632,000","-3,392,000","-3,810,000","-3,560,000","-3,513,000","-3,285,000","-3,113,000","-2,718,000","-2,750,000","-2,407,000","-2,588,000","-2,427,000","-2,062,000","-2,317,000","-2,312,000","-1,854,000","-1,814,000","-1,534,000","-1,288,000","-1,698,000","-1,557,000","-1,500,000","-1,300,000","-1,100,000","-1,200,000","-1,100,000"
	OtherOperatingExpenses,,,,,,,,,,,,,,,,,,,,,,,,,,,,,,,,,,,,,,,,"12,024,000",,,,"11,623,000",,"3,102,000","2,684,000","2,996,000","3,081,000","2,329,000","3,508,000","2,559,000","2,986,000","3,060,000","3,054,000","3,273,000","3,391,000","111,065,000","-97,243,000","161,650,000","170,960,000","154,599,000","-94,155,000","162,265,000","155,598,000","140,153,000","158,727,000","153,860,000","142,777,000","127,176,000","180,079,000","123,364,000","130,595,000","123,746,000","131,418,000","127,822,000","127,795,000","124,019,000","126,481,000","120,537,000","125,112,000","117,076,000","125,905,000","120,726,000","125,666,000","117,821,000","131,143,000","119,525,000","117,345,000","105,954,000","362,874,000","6,357,000","5,776,000","5,582,000","278,789,685","4,540,000","5,002,000","4,438,000","222,066,114","3,992,000","3,862,000","3,691,000","177,264,075","3,300,000","3,053,000",,,,,
OperatingIncome,"77,457,000","23,680,000","18,121,000","19,212,000","16,444,000","9,586,000","8,909,000","4,738,000","-5,832,000","708,000","3,695,000","-1,931,000","8,844,000","5,426,000","22,315,000","16,181,000","14,065,000","6,425,000","14,843,000","9,041,000","3,962,000","309,000","12,266,000","5,446,000","7,316,000","7,418,000","24,336,000","14,629,000","18,774,000","10,043,000","24,651,000","5,586,000","9,056,000","354,000","8,877,000","5,882,000","6,350,000","-715,000","5,149,000","4,645,000","11,059,000","2,357,000","1,159,000","1,785,000","7,234,000","45,635,000","58,148,000","64,612,000","67,106,000","55,054,000","57,064,000","57,411,000","54,183,000","43,499,000","47,738,000","73,070,000","58,252,000","-120,154,000","-12,714,000","-128,699,000","-116,809,000","-86,303,000","15,243,000","-131,966,000","-126,137,000","-82,783,000","13,953,000","-125,887,000","-115,575,000","-105,830,000","-8,240,000","-104,677,000","-107,845,000","-109,704,000","41,290,000","-105,822,000","-103,702,000","-100,681,000","36,683,000","-90,953,000","-92,326,000","-94,200,000","-110,740,000","-95,487,000","-97,689,000","-91,122,000","-95,105,000","-93,403,000","-92,675,000","-88,681,000","-196,891,000","-19,781,000","-16,720,000","-15,949,000","-130,392,071","-6,953,000","-7,442,000","-8,875,000","-101,610,369","-218,000","864,000","-767,000","-71,806,898","3,470,000","2,952,000","5,200,000","7,900,000","7,300,000","6,600,000","6,200,000"
NetNonOperatingInterestIncomeExpense,"-2,603,000","-555,000","-616,000","-724,000","-708,000","-743,000","-924,000","-1,935,000","-2,084,000","-2,892,000","-2,989,000","-2,992,000","-2,683,000","-2,446,000","-2,348,000","-2,460,000","-1,941,000","-1,960,000","-2,042,000","-2,174,000","-1,961,000","-2,081,000","-2,016,000","-1,959,000","-1,955,000","-2,295,000","-2,483,000","-2,041,000","-1,717,000","-2,204,000","-2,709,000","-2,634,000","-2,718,000","-2,751,000","-2,767,000","-2,385,000","-2,615,000","-2,633,000","-2,768,000","-3,056,000","-3,355,000","-3,518,000","-4,085,000","-4,102,000","-3,916,000","-4,074,000","-4,182,000","-4,140,000","-4,290,000","-3,952,000","-4,396,000","-3,551,000","-3,268,000","-2,825,000","-2,915,000","-2,696,000","-2,131,000",,,,,,,,,,,,,,,,,,,,,,,,,,,,,,,,,,,,,,,,,,,,,,,,,,,,,
	InterestIncomeNonOperating,,,,,,,,,,,,,,,,,,,,,,,"0",,"0",,"0","0","0","0","4,000","1,000","4,000","4,000","-3,000","1,000","2,000","0","0","0","0","0","0","0","10,000","22,000","1,000","0","0","2,000","4,000","42,000","47,000","51,000","63,000","218,000","67,000",,,,,,,,,,,,,,,,,,,,,,,,,,,,,,,,,,,,,,,,,,,,,,,,,,,,,
	InterestExpenseNonOperating,"2,603,000","555,000","616,000","724,000","708,000","743,000","924,000","1,935,000","2,084,000","2,892,000",,,,,,,,,,,,,"2,016,000","1,959,000","1,955,000","2,295,000","2,483,000","2,041,000","1,717,000","2,204,000","2,699,000","2,635,000","2,722,000","2,751,000","2,764,000","2,386,000","2,617,000","2,633,000","2,768,000","3,056,000","3,355,000","3,518,000","4,085,000","4,102,000","3,926,000","4,096,000","4,183,000","4,140,000","4,290,000","3,954,000","4,400,000","3,593,000","3,315,000","2,876,000","2,978,000","2,914,000","2,198,000",,,,,,,,,,,,,,,,,,,,,,,,,,,,,,,,,,,,,,,,,,,,,,,,,,,,,
	TotalOtherFinanceCost,,,,,,,,,,,"2,989,000","2,992,000","2,683,000","2,446,000","2,348,000","2,460,000","1,941,000","1,960,000","2,042,000","2,174,000","1,961,000","2,081,000","2,016,000","1,959,000",,,,,,,,,,,,,,,,,,,,,,,,,,,,,,,,,,,,,,,,,,,,,,,,,,,,,,,,,,,,,,,,,,,,,,,,,,,,,,,,,,,,,,
OtherIncomeExpense,"21,650,000","6,952,000","5,326,000","4,101,000","5,270,000","3,883,000","3,631,000","3,249,000","-22,588,000","-735,000","-531,000","2,138,000","2,375,000","3,035,000","2,325,000","2,142,000","1,775,000","1,490,000","825,000","750,000","800,000","1,025,000","550,000","450,000","1,150,000","850,000","850,000","1,000,000","1,335,000","1,385,000","1,213,000","880,000","850,000","804,000","573,000","1,150,000","550,000","480,000","643,000","559,000","430,000","256,000","239,000","-11,148,000","140,000","28,000","38,000","-60,000","-5,000","47,000","178,000","-11,542,000","47,000","31,000","-24,631,000","-670,000","31,000",,"0",,"-1,665,000",,,,,,,,,,,,,,,,,,,,,,,,,,,,,,,,,,,,,,,,,,,,,,,,,
	EarningsFromEquityInterest,"18,607,000","6,785,000","5,210,000","3,230,000","3,382,000","2,960,000","2,973,000","1,176,000","530,000","-735,000","-531,000","2,138,000","2,375,000","3,035,000","2,325,000","2,142,000","1,775,000","1,490,000","825,000","750,000","800,000","1,025,000","550,000","450,000","1,150,000","850,000","850,000","1,000,000","1,335,000","1,385,000","1,200,000","880,000","850,000","800,000","570,000","1,150,000","550,000","480,000","650,000","555,000","425,000","245,000","200,000","350,000","125,000",,,,,,,,,,,,,,,,,,,,,,,,,,,,,,,,,,,,,,,,,,,,,,,,,,,,,,,,,,,,,,,,,
	SpecialIncomeCharges,"3,043,000","167,000","116,000","871,000","1,888,000","923,000","658,000","2,073,000","-23,118,000",,,,,,,,,,,,,,,,,,,,,,,,,,,,,,"-20,000","4,000","5,000","11,000","39,000","-11,498,000","15,000","28,000","38,000","-60,000","-5,000","47,000","178,000","-11,542,000","47,000","31,000","-24,631,000","-670,000","31,000",,"0",,"-1,665,000",,,,,,,,,,,,,,,,,,,,,,,,"0","0","0","0","0","0",,,,,,,,,,,,,,,,,,,,
		ImpairmentOfCapitalAssets,,,"0","0","0",,"0","0","26,569,000",,,,,,,,,,,,,,,,,,,,,,,,,,,,,,"0","0",,,"0","11,539,000",,,,"0",,,"-11,596,000","11,596,000",,,,,"0",,,,,,,,,,,,,,,,,,,,,,,,,,,,,,,,,,,,,,,,,,,,,,,,,,,,,
		OtherSpecialCharges,,,,,,,,,,,,,,,,,,,,,,,,,,,,,,,,,,,,,,,,"-4,000",,,"-39,000","-41,000",,,,"60,000",,,"11,418,000","-54,000",,,,,"-31,000",,,,,,,,,,,,,,,,,,,,,,,,,,,,,,,,,,,,,,,,,,,,,,,,,,,,,
		GainOnSaleOfPPE,"3,043,000","167,000","116,000","871,000","1,888,000","923,000","658,000","2,073,000","3,451,000",,,,,,,,,,,,,,,,,,,,,,,,,,,,,,,,,,,,,,,,,,,,,,,,,,,,,,,,,,,,,,,,,,,,,,,,,,,,,,,,,,,,,,,,,,,,,,,,,,,,,
	OtherNonOperatingIncomeExpenses,,,,,,,,,,,,,,,,,,,,,,,,,,,,,,,,,,"4,000",,,,,"-6,000",,,,,,,,,,,,,,,,,,,,,,,,,,,,,,,,,,,,,,,,,,,,,,,,,,,,,,,,,,,,,,,,,,,,,,,
PretaxIncome,"96,504,000","30,077,000","22,831,000","22,589,000","21,006,000","12,726,000","11,616,000","6,052,000","-30,504,000","-2,919,000","175,000","-2,785,000","8,536,000","6,015,000","22,292,000","15,863,000","13,899,000","5,955,000","13,626,000","7,617,000","2,801,000","-747,000","10,800,000","3,937,000","6,511,000","5,973,000","22,703,000","13,588,000","18,392,000","9,224,000","23,155,000","3,832,000","7,188,000","-1,593,000","6,683,000","4,647,000","4,285,000","-2,868,000","3,024,000","2,148,000","8,134,000","-905,000","-2,687,000","-13,465,000","3,458,000","-3,745,000","1,834,000","3,972,000","5,747,000","-2,089,000","-4,988,000","-13,264,000","-3,858,000","-7,939,000","-47,984,000","-4,086,000","-2,356,000","-11,756,000","2,098,000","-4,922,000","-13,903,000","-5,579,000","-174,000","1,937,000","2,022,000","-584,000","8,814,000","2,763,000","2,155,000","-58,000","-8,509,000","9,248,000","8,649,000","2,441,000","8,496,000","8,242,000","6,817,000","2,916,000","7,083,000","7,192,000","6,270,000","34,000","-11,876,000","2,225,000","893,000","369,000","6,430,000","5,131,000","4,829,000","3,384,000","10,672,000","11,188,000","9,887,000","5,430,000","9,185,443","8,910,000","7,359,000","4,319,000","6,791,307","6,504,000","5,641,000","2,914,000","3,539,954","5,186,000","4,600,000","800,000","4,000,000","4,100,000","3,300,000","3,300,000"
TaxProvision,"24,727,000","7,910,000","5,099,000","6,147,000","5,570,000","4,145,000","4,196,000","1,339,000","-7,336,000","-706,000","-987,000","404,000","2,465,000","1,582,000","5,791,000","4,249,000","3,928,000","1,538,000","-35,672,000","2,985,000","1,253,000","-708,000","4,818,000","1,068,000","2,879,000","2,176,000","9,473,000","5,961,000","7,391,000","-1,003,000","9,610,000","1,975,000","3,408,000","-219,000","3,344,000","2,674,000","2,394,000","-909,000","1,571,000","1,146,000","3,883,000","-265,000","-442,000","-2,252,000","1,803,000","-1,281,000","1,142,000","2,088,000","2,858,000","87,000","-2,247,000","336,000","-712,000","-2,396,000","-8,179,000","-670,000","-7,000","-3,935,000","1,922,000","-1,347,000","-2,646,000","-3,509,000","720,000","1,142,000","2,420,000","300,000","4,363,000","1,546,000","1,503,000","591,000","-2,032,000","4,503,000","4,261,000","1,720,000","4,392,000","4,192,000","3,653,000","2,077,000","3,733,000","3,581,000","3,288,000","811,000","-3,586,000","1,380,000","339,000","140,000","2,565,000","2,053,000","1,929,000","1,351,000","4,278,000","4,486,000","3,955,000","2,181,000","3,582,574","3,463,000","2,799,000","1,645,000","2,578,000","2,406,000","2,088,000","1,076,000","1,286,000","1,868,000","1,676,000","300,000","1,500,000","1,500,000","1,200,000","1,200,000"
NetIncomeCommonStockholders,"71,758,000","22,167,000","17,732,000","16,442,000","15,417,000","11,140,000","-25,663,000","7,501,000","-22,343,000","-2,213,000","1,162,000","-3,189,000","6,071,000","4,433,000","16,501,000","11,614,000","9,971,000","4,417,000","49,298,000","4,632,000","1,548,000","-39,000","5,982,000","2,869,000","3,632,000","3,797,000","13,230,000","7,627,000","11,001,000","10,227,000","13,545,000","1,857,000","3,780,000","-1,374,000","3,339,000","1,973,000","1,891,000","-1,959,000","1,453,000","1,002,000","4,251,000","-640,000","-2,245,000","-11,213,000","1,655,000","-2,464,000","692,000","1,884,000","2,889,000","-2,176,000","-2,741,000","-13,600,000","-3,146,000","-5,543,000","-39,805,000","-3,416,000","-2,349,000","-7,821,000","176,000","-3,575,000","-11,257,000","-2,070,000","-894,000","795,000","-398,000","-884,000","3,966,000","1,217,000","652,000","-649,000","-6,477,000","4,745,000","4,388,000","721,000","4,104,000","4,050,000","3,164,000","839,000","3,350,000","3,611,000","2,982,000","-1,667,000","-8,290,000","845,000","554,000","229,000","3,865,000","3,078,000","2,900,000","2,033,000","6,394,000","6,702,000","5,932,000","3,249,000","5,602,869","5,447,000","4,560,000","2,674,000","4,213,307","4,098,000","3,553,000","1,838,000","2,253,954","3,318,000","2,924,000","500,000","2,500,000","2,600,000","2,100,000","2,100,000"
	NetIncome,"71,758,000","22,167,000","17,732,000","16,442,000","15,417,000","11,140,000","-25,663,000","7,501,000","-22,343,000","-2,213,000","1,162,000","-3,189,000","6,071,000","4,433,000","16,501,000","11,614,000","9,971,000","4,417,000","49,298,000","4,632,000","1,548,000","-39,000","5,982,000","2,869,000","3,632,000","3,797,000","13,230,000","7,627,000","11,001,000","10,227,000","13,545,000","1,857,000","3,780,000","-1,374,000","3,339,000","1,973,000","1,891,000","-1,959,000","1,453,000","1,002,000","4,251,000","-640,000","-2,245,000","-11,213,000","1,655,000","-2,464,000","692,000","1,884,000","2,889,000","-2,176,000","-2,741,000","-13,600,000","-3,146,000","-5,543,000","-39,805,000","-3,416,000","-2,349,000","-7,821,000","176,000","-3,575,000","-11,257,000","-2,070,000","-894,000","795,000","-398,000","-884,000","3,966,000","1,217,000","652,000","-649,000","-6,477,000","4,745,000","4,388,000","721,000","4,104,000","4,050,000","3,164,000","839,000","3,350,000","3,611,000","2,982,000","-1,667,000","-8,290,000","845,000","554,000","229,000","3,865,000","3,078,000","2,900,000","2,033,000","6,394,000","6,702,000","5,932,000","3,249,000","5,602,869","5,447,000","4,560,000","2,674,000","4,213,307","4,098,000","3,553,000","1,838,000","2,253,954","3,318,000","2,924,000","500,000","2,500,000","2,600,000","2,100,000","2,100,000"
		NetIncomeIncludingNoncontrollingInterests,"71,758,000","22,167,000","17,732,000","16,442,000","15,417,000","11,140,000","-25,663,000","7,501,000","-22,343,000","-2,213,000","1,162,000","-3,189,000","6,071,000","4,433,000","16,501,000","11,614,000","9,971,000","4,417,000","49,298,000","4,632,000","1,548,000","-39,000","5,982,000","2,869,000","3,632,000","3,797,000","13,230,000","7,627,000","11,001,000","10,227,000","13,545,000","1,857,000","3,780,000","-1,374,000","3,339,000","1,973,000","1,891,000","-1,959,000","1,453,000","1,002,000","4,251,000","-640,000","-2,245,000","-11,213,000","1,655,000","-2,464,000","692,000","1,884,000","2,889,000","-2,176,000","-2,741,000","-13,600,000","-3,146,000","-5,543,000","-39,805,000","-3,416,000","-2,349,000","-7,821,000","176,000","-3,575,000","-11,257,000","-2,070,000","-894,000","795,000","-398,000","-884,000","3,966,000","1,217,000","652,000","-649,000","-6,477,000","4,745,000","4,388,000","721,000","4,104,000","4,050,000","3,164,000","839,000","3,350,000","3,611,000","2,982,000","-1,667,000","-8,290,000","845,000","554,000","229,000","3,865,000","3,078,000","2,900,000","2,033,000","6,394,000","6,702,000","5,932,000","3,249,000","5,602,869","5,447,000","4,560,000","2,674,000","4,213,307","4,098,000","3,553,000","1,838,000","2,253,954","3,318,000","2,924,000","500,000","2,500,000","2,600,000","2,100,000","2,100,000"
			NetIncomeContinuousOperations,"71,777,000","22,167,000","17,732,000","16,442,000","15,436,000","8,581,000","7,420,000","4,713,000","-23,168,000","-2,213,000","1,162,000","-3,189,000","6,071,000","4,433,000","16,501,000","11,614,000","9,971,000","4,417,000","49,298,000","4,632,000","1,548,000","-39,000","5,982,000","2,869,000","3,632,000","3,797,000","13,230,000","7,627,000","11,001,000","10,227,000","13,545,000","1,857,000","3,780,000","-1,374,000","3,339,000","1,973,000","1,891,000","-1,959,000","1,453,000","1,002,000","4,251,000","-640,000","-2,245,000","-11,213,000","1,655,000","-2,464,000","692,000","1,884,000","2,889,000","-2,176,000","-2,741,000","-13,600,000","-3,146,000","-5,543,000","-39,805,000","-3,416,000","-2,349,000","-7,821,000","176,000","-3,575,000","-11,257,000","-2,070,000","-894,000","795,000","-398,000","-884,000","4,451,000","1,217,000","652,000","-649,000","-6,477,000","4,745,000","4,388,000","721,000","4,104,000","4,050,000","3,164,000","839,000","3,350,000","3,611,000","2,982,000","-777,000","-8,290,000","845,000","554,000","229,000","3,865,000","3,078,000","2,900,000","2,033,000","6,394,000","6,702,000","5,932,000","3,249,000","5,602,869","5,447,000","4,560,000","2,674,000","4,213,307","4,098,000","3,553,000","1,838,000","2,253,954","3,318,000","2,924,000","500,000","2,500,000","2,600,000","2,100,000","2,100,000"
			NetIncomeDiscontinuousOperations,"-19,000","0","0","0","-19,000","2,559,000","-33,083,000","2,788,000","825,000",,,,,,,,,,,,,,,,,,,,,,,,,,,,,,,,,,,,,,,,,,,,,,,,,,,,,,,,,,,,,,,,,,,,,,,,,,,,,,,,,,,,,,,,,,,,,,,,,,,,,
			NetIncomeExtraordinary,,,,,,,,,,,,,,,,,,,,,,,,,,,,,,,,,,,,,,,,,,,,,,,,,,,,,,,,,,,,,,,,,,,,,,,,,,,,,,,"1,780,000","0","0","890,000",,,,,,,,,,,,,,,,,,,,,,,,,,,,
			NetIncomeFromTaxLossCarryforward,,,,,,,,,,,,,,,,,,,,,,,,,,,,,,,,,,,,,,,,,,,,,,,,,,,,,,,,,,,,,,,,,,,,,,,,,,,,,,,"0",,,"-890,000",,,,,,,,,,,,,,,,,,,,,,,,,,,,
DilutedNIAvailtoComStockholders,"71,758,000","22,167,000","17,732,000","16,442,000","15,417,000","11,140,000","-25,663,000","7,501,000","-22,343,000","-2,213,000","1,162,000","-3,189,000","6,071,000","4,433,000","16,501,000","11,614,000","9,971,000","4,417,000","49,298,000","4,632,000","1,548,000","-39,000","5,982,000","2,869,000","3,632,000","3,797,000","13,230,000","7,627,000","11,001,000","10,227,000","13,545,000","1,857,000","3,780,000","-1,374,000","3,339,000","1,973,000","1,891,000","-1,959,000","1,453,000","1,002,000","4,251,000","-640,000","-2,245,000","-11,213,000","1,655,000","-2,464,000","692,000","1,884,000","2,889,000","-2,176,000","-2,741,000","-13,600,000","-3,146,000","-5,543,000","-39,805,000","-3,416,000","-2,349,000","-7,821,000","176,000","-3,575,000","-11,257,000","-2,070,000","-894,000","795,000","-398,000","-884,000","3,966,000","1,217,000","652,000","-649,000","-6,477,000","4,745,000","4,388,000","721,000","4,104,000","4,050,000","3,164,000","839,000","3,350,000","3,611,000","2,982,000","-1,667,000","-8,290,000","845,000","554,000","229,000","3,865,000","3,078,000","2,900,000","2,033,000","6,394,000","6,702,000","5,932,000","3,249,000","5,602,869","5,447,000","4,560,000","2,674,000","4,213,307","4,098,000","3,553,000","1,838,000","2,253,954","3,318,000","2,924,000","500,000","2,500,000","2,600,000","2,100,000","2,100,000"
BasicEPS,,"1.34","1.06","0.98","0.91","0.66","-1.5","0.44","-1.31","-0.12","0.06","-0.17","0.33","0.24","0.9","0.63","0.54","0.24","2.7","0.25","0.08","0.03","0.33","0.16","0.2","0.21","0.73","0.42","0.6","0.56","0.84","0.12","0.25","-0.09","0.22","0.13","0.13","-0.13","0.1","0.07","0.29","-0.04",,"-0.76","0.11","-0.17",,"0.13","0.2","-0.15",,"-0.96","-0.22","-0.39",,"-0.24","-0.17","-0.56",,"-0.25","-0.8","-0.15",,"0.06","-0.03","-0.06",,"0.09","0.05","-0.04",,"0.33","0.3","0.05",,"0.28","0.22","0.06",,"0.25","0.21","-0.12",,"0.06","0.04","0.02",,"0.22","0.2","0.14",,"0.45","0.4","0.22",,"0.37","0.32","0.2",,"0.31","0.27","0.14",,"0.25","0.22","0.04",,"0.2","0.16","0.16"
DilutedEPS,,"1.32","1.05","0.97","0.91","0.65","-1.5","0.43","-1.31","-0.12","0.06","-0.17","0.33","0.24","0.89","0.63","0.54","0.24","2.68","0.25","0.08","0.03","0.33","0.16","0.2","0.21","0.73","0.42","0.6","0.56","0.82","0.12","0.25","-0.09","0.22","0.13","0.13","-0.13","0.1","0.07","0.29","-0.04",,"-0.76","0.11","-0.17",,"0.13","0.2","-0.15",,"-0.96","-0.22","-0.39",,"-0.24","-0.17","-0.56",,"-0.25","-0.8","-0.15",,"0.06","-0.03","-0.06",,"0.09","0.05","-0.044",,"0.32","0.3","0.049",,"0.28","0.22","0.057",,"0.25","0.21","-0.12",,"0.06","0.04","0.02",,"0.22","0.2","0.14",,"0.45","0.4","0.22",,"0.37","0.32","0.2",,"0.31","0.27","0.14",,"0.25","0.22","0.04",,"0.2","0.16","0.16"
BasicAverageShares,,"16,602,000","16,718,000","16,782,000","16,765,000","16,954,000","17,135,000","17,134,000","17,089,000","18,088,000","18,462,000","18,458,000","18,438,000","18,381,000","18,347,000","18,343,000","18,337,000","18,331,000","18,291,000","18,288,000","18,281,000","18,256,000","18,195,000","18,194,000","18,189,000","18,147,000","18,058,000","18,119,000","18,261,000","18,145,000","16,174,000","14,959,000","14,930,000","14,915,000","14,866,000","14,864,000","14,852,000","14,762,000","14,758,000","14,757,000","14,732,000","14,722,000",,"14,719,000","14,702,000","14,677,000",,"14,499,000","14,257,000","14,191,000",,"14,177,000","14,076,000","14,049,000",,"14,049,000","14,028,000","14,026,000",,"14,026,000","14,019,000","14,005,000",,"14,000,000","13,997,000","13,985,000",,"13,979,000","14,100,000","14,669,000",,"14,585,000","14,643,000","14,676,000",,"14,461,000","14,397,000","14,381,000",,"14,317,000","14,108,000","14,084,000",,"14,009,000","13,967,000","13,948,000",,"13,960,000","14,785,000","14,916,000",,"14,912,000","14,912,000","14,912,000",,"14,909,000","14,392,000","13,361,000",,"13,359,000","13,350,000","13,350,000",,"13,350,000","13,350,000","12,500,000",,"13,000,000","13,125,000","13,125,000"
DilutedAverageShares,,"16,769,000","16,974,000","16,975,000","17,022,000","17,086,000","17,135,000","17,267,000","17,089,000","18,088,000","18,681,000","18,719,000","18,606,000","18,533,000","18,533,000","18,497,000","18,441,000","18,406,000","18,368,000","18,424,000","18,359,000","18,336,000","18,291,000","18,287,000","18,275,000","18,272,000","18,205,000","18,320,000","18,413,000","18,307,000","16,443,000","15,145,000","15,179,000","14,915,000","15,084,000","15,043,000","15,052,000","14,762,000","14,915,000","14,807,000","14,787,000","14,722,000",,"14,719,000","14,833,000","14,677,000",,"14,609,000","14,361,000","14,191,000",,"14,177,000","14,076,000","14,049,000",,"14,059,000","14,028,000","14,026,000",,"14,026,000","14,019,000","14,005,000",,"14,059,000","13,997,000","13,985,000",,"14,044,000","14,182,000","14,669,000",,"14,811,000","14,787,000","14,858,000",,"14,692,000","14,664,000","14,670,000",,"14,704,000","14,399,000","14,084,000",,"14,233,000","14,257,000","14,208,000",,"14,025,000","14,790,000","14,982,000",,"15,058,000","14,966,000","15,040,000",,"14,909,000","14,413,000","13,387,000",,"13,359,000","13,350,000","13,350,000",,"13,350,000","13,350,000","12,500,000",,"13,000,000","13,125,000","13,125,000"
TotalOperatingIncomeAsReported,"80,500,000","23,847,000","18,237,000","20,083,000","18,332,000","10,509,000","9,567,000","6,811,000","-28,950,000","708,000","3,695,000","-1,931,000","8,844,000","5,426,000","22,315,000","16,181,000","14,065,000","6,425,000","14,843,000","9,041,000","3,962,000","309,000","12,266,000","5,446,000","7,316,000","7,418,000","24,336,000","14,629,000","18,774,000","10,043,000","24,651,000","5,586,000","9,056,000","354,000","8,877,000","5,882,000","6,350,000","-715,000","5,149,000","4,645,000","11,059,000","2,357,000","1,159,000","-9,754,000","7,234,000",,"5,978,000","8,172,000","10,042,000","1,816,000","-770,000","1,829,000","-637,000","-5,145,000","-45,109,000","-720,000","-256,000","-9,594,000","5,303,000","-2,168,000","-11,072,000","-2,744,000","2,807,000","3,520,000","2,953,000","350,000","9,898,000","3,850,000","3,042,000","276,000","-8,072,000","10,242,000","8,725,000","3,058,000","8,772,000","8,486,000","7,449,000","3,514,000","7,779,000","8,780,000","7,563,000","851,000","-10,729,000","4,947,000","3,067,000","2,652,000","8,392,000","7,435,000","7,265,000","5,687,000",,,,,,,,,,,,,,,,,,,,
RentExpenseSupplemental,"358,110,000","83,661,000","106,357,000","92,636,000","75,455,000","57,236,000","71,028,000","58,604,000","47,011,000","46,062,000","58,388,000","50,428,000","47,169,000","48,670,000","68,120,000","47,445,000","37,388,000","30,691,000","51,235,000","36,361,000","28,987,000","25,372,000","37,164,000","27,831,000","27,378,000","25,098,000","41,869,000","27,548,000","25,957,000","23,208,000","32,954,000","25,871,000","27,612,000","25,335,000","27,286,000","26,207,000","26,776,000","22,685,000","23,191,000","22,641,000","22,000,000","17,178,000","18,116,000","15,800,000","15,459,000","13,977,000","16,362,000","18,228,000","19,245,000","17,639,000","19,850,000","19,741,000","18,493,000","18,401,000","22,431,000","24,925,000","23,273,000",,,"-15,406,000",,,,"-16,462,000","-15,458,000",,,"-15,263,000","-15,049,000","-15,360,000",,"-16,593,000","-18,589,000","-18,564,000",,"-18,634,000","-16,562,000","-14,818,000",,"-14,711,000","-14,855,000","-14,803,000","-14,147,000","-16,684,000","-17,323,000","-16,915,000","-19,504,000","-18,548,000","-19,360,000","-18,719,000","-17,707,000","-12,468,000","-10,924,000","-8,161,000","-7,568,000","-6,250,000","-5,429,000","-5,002,000","-5,157,000","-1,802,000","-1,105,000","-427,000","-205,000","-79,000","-90,000",,,,,
TotalExpenses,"1,039,242,000","267,905,000","276,107,000","255,349,000","239,880,000","211,303,000","216,319,000","206,092,000","197,521,000","212,845,000","229,440,000","224,845,000","210,454,000","213,755,000","249,953,000","227,122,000","182,253,000","167,141,000","188,463,000","169,590,000","160,364,000","158,435,000","178,712,000","159,054,000","151,516,000","148,923,000","183,726,000","158,883,000","156,677,000","157,173,000","182,137,000","171,995,000","164,598,000","160,603,000","167,611,000","164,961,000","166,138,000","165,446,000","172,346,000","163,782,000","160,242,000","154,674,000","160,794,000","159,633,000","165,631,000","110,756,000","105,799,000","100,200,000","101,873,000","96,957,000","100,716,000","95,637,000","89,899,000","90,277,000","123,232,000","139,475,000","150,474,000","301,828,000","205,616,000","304,486,000","294,254,000","252,695,000","171,038,000","308,627,000","295,499,000","234,308,000","164,466,000","295,782,000","272,388,000","243,756,000","172,413,000","256,612,000","257,692,000","247,371,000","110,867,000","252,305,000","249,644,000","238,556,000","109,981,000","232,176,000","236,638,000","226,419,000","246,699,000","233,544,000","239,372,000","222,451,000","239,988,000","235,070,000","232,073,000","215,162,000","338,553,000","139,885,000","129,931,000","113,713,000","236,537,792","102,519,000","96,452,000","88,699,000","191,515,449","75,526,000","69,196,000","63,355,000","135,967,843","59,553,000","56,674,000","44,300,000","42,200,000","39,800,000","38,000,000","32,200,000"
NetIncomeFromContinuingAndDiscontinuedOperation,"71,758,000","22,167,000","17,732,000","16,442,000","15,417,000","11,140,000","-25,663,000","7,501,000","-22,343,000","-2,213,000","1,162,000","-3,189,000","6,071,000","4,433,000","16,501,000","11,614,000","9,971,000","4,417,000","49,298,000","4,632,000","1,548,000","-39,000","5,982,000","2,869,000","3,632,000","3,797,000","13,230,000","7,627,000","11,001,000","10,227,000","13,545,000","1,857,000","3,780,000","-1,374,000","3,339,000","1,973,000","1,891,000","-1,959,000","1,453,000","1,002,000","4,251,000","-640,000","-2,245,000","-11,213,000","1,655,000","-2,464,000","692,000","1,884,000","2,889,000","-2,176,000","-2,741,000","-13,600,000","-3,146,000","-5,543,000","-39,805,000","-3,416,000","-2,349,000","-7,821,000","176,000","-3,575,000","-11,257,000","-2,070,000","-894,000","795,000","-398,000","-884,000","4,451,000","1,217,000","652,000","-649,000","-6,477,000","4,745,000","4,388,000","721,000","4,104,000","4,050,000","3,164,000","839,000","1,570,000","3,611,000","2,982,000","-1,667,000","-8,290,000","845,000","554,000","229,000","3,865,000","3,078,000","2,900,000","2,033,000","6,394,000","6,702,000","5,932,000","3,249,000","5,602,869","5,447,000","4,560,000","2,674,000","4,213,307","4,098,000","3,553,000","1,838,000","2,253,954","3,318,000","2,924,000","500,000","2,500,000","2,600,000","2,100,000","2,100,000"
NormalizedIncome,"69,513,700.955","22,043,919.606","17,641,907.056","15,808,019.656","14,048,626.488","7,958,631.385","6,999,686.639","3,098,649.537","-5,609,718.332","-2,213,000","1,162,000","-3,189,000","6,071,000","4,433,000","16,501,000","11,614,000","9,971,000","4,417,000","49,298,000","4,632,000","1,548,000","-39,000","5,982,000","2,869,000","3,632,000","3,797,000","13,230,000","7,627,000","11,001,000","10,227,000","13,545,000","1,857,000","3,780,000","-1,374,000","3,339,000","1,973,000","1,891,000","-1,959,000","1,466,000","999,400","4,247,750","-647,779.006","-2,277,584.667","-1,638,022.354","1,645,250","-2,482,422.43","667,300","1,923,000","2,892,250","-2,206,550","-2,856,700","-6,097,700","-3,184,326.076","-5,564,644.162","-19,372,419.244","-2,855,862.947","-2,379,907.895","-7,821,000","176,000","-3,575,000","-9,908,880.529","-2,070,000","-894,000","795,000","-398,000","-884,000","4,451,000","1,217,000","652,000","-649,000","-6,477,000","4,745,000","4,388,000","721,000","4,104,000","4,050,000","3,164,000","839,000","1,570,000","3,611,000","2,982,000","-1,667,000","-8,290,000","845,000","554,000","229,000","3,865,000","3,078,000","2,900,000","2,033,000","6,394,000","6,702,000","5,932,000","3,249,000","5,602,869","5,447,000","4,560,000","2,674,000","4,213,307","4,098,000","3,553,000","1,838,000","2,253,954","3,318,000","2,924,000","500,000","2,500,000","2,600,000","2,100,000","2,100,000"
InterestIncome,,,,,,,,,,,,,,,,,,,,,,,"0",,"0",,"0","0","0","0","4,000","1,000","4,000","4,000","-3,000","1,000","2,000","0","0","0","0","0","0","0","10,000","22,000","1,000","0","0","2,000","4,000","42,000","47,000","51,000","63,000","218,000","67,000",,,,,,,,,,,,,,,,,,,,,,,,,,,,,,,,,,,,,,,,,,,,,,,,,,,,,
InterestExpense,"2,603,000","555,000","616,000","724,000","708,000","743,000","924,000","1,935,000","2,084,000","2,892,000",,,,,,,,,,,,,"2,016,000","1,959,000","1,955,000","2,295,000","2,483,000","2,041,000","1,717,000","2,204,000","2,699,000","2,635,000","2,722,000","2,751,000","2,764,000","2,386,000","2,617,000","2,633,000","2,768,000","3,056,000","3,355,000","3,518,000","4,085,000","4,102,000","3,926,000","4,096,000","4,183,000","4,140,000","4,290,000","3,954,000","4,400,000","3,593,000","3,315,000","2,876,000","2,978,000","2,914,000","2,198,000",,,,,,,,,,,,,,,,,,,,,,,,,,,,,,,,,,,,,,,,,,,,,,,,,,,,,
NetInterestIncome,"-2,603,000","-555,000","-616,000","-724,000","-708,000","-743,000","-924,000","-1,935,000","-2,084,000","-2,892,000","-2,989,000","-2,992,000","-2,683,000","-2,446,000","-2,348,000","-2,460,000","-1,941,000","-1,960,000","-2,042,000","-2,174,000","-1,961,000","-2,081,000","-2,016,000","-1,959,000","-1,955,000","-2,295,000","-2,483,000","-2,041,000","-1,717,000","-2,204,000","-2,709,000","-2,634,000","-2,718,000","-2,751,000","-2,767,000","-2,385,000","-2,615,000","-2,633,000","-2,768,000","-3,056,000","-3,355,000","-3,518,000","-4,085,000","-4,102,000","-3,916,000","-4,074,000","-4,182,000","-4,140,000","-4,290,000","-3,952,000","-4,396,000","-3,551,000","-3,268,000","-2,825,000","-2,915,000","-2,696,000","-2,131,000",,,,,,,,,,,,,,,,,,,,,,,,,,,,,,,,,,,,,,,,,,,,,,,,,,,,,
EBIT,"99,107,000","30,632,000","23,447,000","23,313,000","21,714,000","13,469,000","27,459,000","7,987,000","-28,420,000","-27,000","3,695,000","-1,931,000","8,844,000","5,426,000","22,315,000","16,181,000","14,065,000","6,425,000","14,843,000","9,041,000","3,962,000","309,000","12,266,000","5,446,000","8,466,000","8,268,000","25,186,000","15,629,000","20,109,000","11,428,000","25,854,000","6,467,000","9,910,000","1,158,000","9,447,000","7,033,000","6,902,000","-235,000","5,792,000","5,204,000","11,489,000","2,613,000","1,398,000","-9,363,000","7,384,000","351,000","6,017,000","8,112,000","10,037,000","1,865,000","-588,000","-9,671,000","-543,000","-5,063,000","-45,006,000","-1,172,000","-158,000","-120,154,000","-12,714,000","-128,699,000","-116,809,000","-86,303,000","15,243,000","-131,966,000","-126,137,000","-82,783,000","13,953,000","-125,887,000","-115,575,000","-105,830,000","-8,240,000","-104,677,000","-107,845,000","-109,704,000","41,290,000","-105,822,000","-103,702,000","-100,681,000","36,683,000","-90,953,000","-92,326,000","-94,200,000","-110,740,000","-95,487,000","-97,689,000","-91,122,000","-95,105,000","-93,403,000","-92,675,000","-88,681,000","-196,891,000","-19,781,000","-16,720,000","-15,949,000","-130,392,071","-6,953,000","-7,442,000","-8,875,000","-101,610,369","-218,000","864,000","-767,000","-71,806,898","3,470,000","2,952,000","5,200,000","7,900,000","7,300,000","6,600,000","6,200,000"
EBITDA,"152,346,000"
ReconciledCostOfRevenue,"953,154,000","245,882,000","254,155,000","234,655,000","218,461,000","191,450,000","193,876,000","180,817,000","169,518,000","183,640,000","203,736,000","198,148,000","187,573,000","190,888,000","226,468,000","202,869,000","161,643,000","149,916,000","171,219,000","154,069,000","145,185,000","141,627,000","159,004,000","142,926,000","136,764,000","134,733,000","165,061,000","145,735,000","144,034,000","138,534,000","162,706,000","148,310,000","148,502,000","146,506,000","152,038,000","150,049,000","150,210,000","148,988,000","366,552,000","74,365,000","84,806,000","76,578,000","114,612,000","71,457,000","83,557,000","27,677,000","18,715,000","14,214,000","14,702,000","14,593,000","12,507,000","11,992,000","6,353,000","8,130,000","7,452,000","37,710,000","54,850,000","109,943,000","64,344,000","112,355,000","106,297,000","83,900,000","34,858,000","117,916,000","112,114,000","82,993,000","41,465,000","114,077,000","103,299,000","90,895,000","143,915,000","99,026,000","98,472,000","94,198,000","41,162,000","158,299,000","73,180,000","110,577,000","39,526,000","158,573,000","58,298,000","108,364,000","198,512,000","83,867,000","83,857,000","76,859,000","83,993,000","83,504,000","79,401,000","75,649,000","27,511,000","79,177,000","73,367,000","62,717,000","4,390,000","56,994,000","53,135,000","50,683,000","2,496,000","42,448,000","38,764,000","37,656,000","24,120,000","32,750,000","31,893,000","23,100,000","10,800,000","23,500,000","22,300,000","17,800,000"
ReconciledDepreciation,"53,239,000","13,445,000","12,565,000","13,365,000","13,864,000","14,087,000","14,199,000","13,428,000","19,666,000","18,187,000","19,279,000","20,824,000","20,575,000","19,851,000","19,489,000","19,541,000","18,215,000","18,614,000","17,933,000","17,221,000","18,602,000","18,666,000","19,505,000","18,907,000","16,601,000","16,634,000","18,269,000","14,768,000","14,467,000","14,506,000","12,633,000","11,440,000","12,362,000","12,608,000","12,129,000","10,752,000","9,955,000","11,621,000","12,101,000","11,647,000","12,061,000","12,326,000","13,511,000","12,722,000","12,426,000","14,342,000","14,435,000","14,467,000","13,942,000","13,256,000","13,714,000","12,406,000","10,977,000","10,890,000","50,838,000","12,410,000","11,178,000","11,534,000","11,992,000","12,725,000","14,691,000","12,393,000","13,288,000","9,732,000","10,054,000","10,160,000","8,762,000","10,940,000","10,553,000","9,514,000","-76,060,000","10,028,000","10,186,000","10,845,000","-11,833,000","-52,634,000","32,026,000","-10,600,000","-12,031,000","-62,059,000","38,651,000","-14,058,000","-85,841,000","10,348,000","10,119,000","9,050,000","8,403,000","8,811,000","11,281,000","10,686,000","60,910,000","-8,721,000","-8,560,000","-7,971,000","54,011,888","-7,902,000","-7,262,000","-6,773,000","46,859,501","-6,807,000","-6,333,000","-6,356,000","38,752,481","-5,421,000","-5,350,000","-5,200,000","-4,800,000","-4,400,000","-4,200,000","-3,400,000"
NetIncomeFromContinuingOperationNetMinorityInterest,"71,777,000","22,167,000","17,732,000","16,442,000","15,436,000","8,581,000","7,420,000","4,713,000","-23,168,000","-2,213,000","1,162,000","-3,189,000","6,071,000","4,433,000","16,501,000","11,614,000","9,971,000","4,417,000","49,298,000","4,632,000","1,548,000","-39,000","5,982,000","2,869,000","3,632,000","3,797,000","13,230,000","7,627,000","11,001,000","10,227,000","13,545,000","1,857,000","3,780,000","-1,374,000","3,339,000","1,973,000","1,891,000","-1,959,000","1,453,000","1,002,000","4,251,000","-640,000","-2,245,000","-11,213,000","1,655,000","-2,464,000","692,000","1,884,000","2,889,000","-2,176,000","-2,741,000","-13,600,000","-3,146,000","-5,543,000","-39,805,000","-3,416,000","-2,349,000","-7,821,000","176,000","-3,575,000","-11,257,000","-2,070,000","-894,000","795,000","-398,000","-884,000","4,451,000","1,217,000","652,000","-649,000","-6,477,000","4,745,000","4,388,000","721,000","4,104,000","4,050,000","3,164,000","839,000","1,570,000","3,611,000","2,982,000","-1,667,000","-8,290,000","845,000","554,000","229,000","3,865,000","3,078,000","2,900,000","2,033,000","6,394,000","6,702,000","5,932,000","3,249,000","5,602,869","5,447,000","4,560,000","2,674,000","4,213,307","4,098,000","3,553,000","1,838,000","2,253,954","3,318,000","2,924,000","500,000","2,500,000","2,600,000","2,100,000","2,100,000"
TotalUnusualItemsExcludingGoodwill,"3,043,000","167,000","116,000","871,000","1,888,000","923,000","658,000","2,073,000","-23,118,000",,,,,,,,,,,,,,,,,,,,,,,,,,,,,,"-20,000","4,000","5,000","11,000","39,000","-11,498,000","15,000","28,000","38,000","-60,000","-5,000","47,000","178,000","-11,542,000","47,000","31,000","-24,631,000","-670,000","31,000",,"0",,"-1,665,000",,,,,,,,,,,,,,,,,,,,,,,,"0","0","0","0","0","0",,,,,,,,,,,,,,,,,,,,
TotalUnusualItems,"3,043,000","167,000","116,000","871,000","1,888,000","923,000","658,000","2,073,000","-23,118,000",,,,,,,,,,,,,,,,,,,,,,,,,,,,,,"-20,000","4,000","5,000","11,000","39,000","-11,498,000","15,000","28,000","38,000","-60,000","-5,000","47,000","178,000","-11,542,000","47,000","31,000","-24,631,000","-670,000","31,000",,"0",,"-1,665,000",,,,,,,,,,,,,,,,,,,,,,,,"0","0","0","0","0","0",,,,,,,,,,,,,,,,,,,,
NormalizedEBITDA,"149,303,000","43,910,000","35,896,000","35,807,000","33,690,000","26,633,000","41,000,000","19,342,000","14,364,000","18,160,000","22,974,000","18,893,000","29,419,000","25,277,000","41,804,000","35,722,000","32,280,000","25,039,000","32,776,000","26,262,000","22,564,000","18,975,000","31,771,000","24,353,000","25,067,000","24,902,000","43,455,000","30,397,000","34,576,000","25,934,000","38,487,000","17,907,000","22,272,000","13,766,000","21,576,000","17,785,000","16,857,000","11,386,000","17,913,000","16,847,000","23,545,000","14,928,000","14,870,000","14,857,000","19,795,000","14,665,000","20,414,000","22,639,000","23,984,000","15,074,000","13,133,000","14,277,000","10,387,000","5,922,000","30,463,000","12,161,000","11,703,000","-108,620,000","-722,000","-114,744,000","-100,453,000","-73,569,000","29,227,000","-122,234,000","-116,083,000","-72,623,000","22,715,000","-114,947,000","-105,022,000","-96,167,000","5,702,000","-93,949,000","-97,168,000","-98,859,000","53,123,000","-95,831,000","-71,676,000","-90,081,000","48,714,000","-79,461,000","-53,675,000","-80,142,000","-83,933,000","-85,022,000","-87,146,000","-82,072,000","-86,702,000","-83,378,000","-81,394,000","-77,995,000","-135,981,000","-11,060,000","-8,160,000","-7,978,000","-76,380,183","948,000","-180,000","-2,102,000","-54,750,868","6,589,000","7,197,000","5,589,000","-33,054,417","8,891,000","8,363,000","10,400,000","12,700,000","11,900,000","10,600,000","9,600,000"
TaxRateForCalcs,"0.256","0.263","0.223","0.272","0.265","0.326","0.361","0.221","0.24","0.242","0.27","0.27","0.289","0.263","0.26","0.268","0.283","0.258","0.4","0.392","0.4","0.4","0.4","0.271","0.4","0.364","0.4","0.4","0.4","0.4","0.35","0.35","0.35","0.137","0.35","0.35","0.35","0.317","0.35","0.35","0.35","0.293","0.164","0.167","0.35","0.342","0.35","0.35","0.35","0.35","0.35","0.35","0.185","0.302","0.17","0.164","0.003","0.335","0.35","0.274","0.19","0.35","0.4","0.4","0.4","0.4","0.4","0.4","0.4","0.4","0.239","0.4","0.4","0.4","0.4","0.4","0.4","0.4","0.4","0.4","0.4","0.4","0.302","0.4","0.38","0.379","0.399","0.4","0.399","0.399","0.4","0.4","0.4","0.4","0.39","0.389","0.38","0.381","0.38","0.37","0.37","0.369","0.363","0.36","0.364","0.375","0.375","0.366","0.364","0.364"
TaxEffectOfUnusualItems,"779,700.955","43,919.606","25,907.056","237,019.656","500,626.488","300,631.385","237,686.639","458,649.537","-5,559,718.332","0","0","0","0","0","0","0","0","0","0","0","0","0","0","0","0","0","0","0","0","0","0","0","0","0","0","0","0","0","-7,000","1,400","1,750","3,220.994","6,415.333","-1,923,022.354","5,250","9,577.57","13,300","-21,000","-1,750","16,450","62,300","-4,039,700","8,673.924","9,355.838","-4,198,419.244","-109,862.947","92.105","0","0","0","-316,880.529","0","0","0","0","0","0","0","0","0","0","0","0","0","0","0","0","0","0","0","0","0","0","0","0","0","0","0","0","0","0","0","0","0","0","0","0","0","0","0","0","0","0","0","0","0","0","0","0","0"