name,ttm,03/31/2022,12/31/2021,09/30/2021,06/30/2021,03/31/2021,12/31/2020,09/30/2020,06/30/2020,03/31/2020,12/31/2019,09/30/2019,06/30/2019,03/31/2019,12/31/2018,09/30/2018,06/30/2018,03/31/2018,12/31/2017,09/30/2017,06/30/2017,03/31/2017,12/31/2016,09/30/2016,06/30/2016,03/31/2016,12/31/2015,09/30/2015,06/30/2015,03/31/2015,12/31/2014,09/30/2014,06/30/2014,03/31/2014,12/31/2013,09/30/2013,06/30/2013,03/31/2013,12/31/2012,09/30/2012,06/30/2012,03/31/2012,12/31/2011,09/30/2011,06/30/2011,03/31/2011,12/31/2010,09/30/2010,06/30/2010,03/31/2010,12/31/2009,09/30/2009,06/30/2009,03/31/2009,12/31/2008,09/30/2008,06/30/2008,03/31/2008,12/31/2007,09/30/2007,06/30/2007,03/31/2007,12/31/2006,09/30/2006,06/30/2006,03/31/2006,12/31/2005,09/30/2005,06/30/2005,03/31/2005,12/31/2004,09/30/2004,06/30/2004,03/31/2004,12/31/2003,09/30/2003,06/30/2003,03/31/2003,12/31/2002,09/30/2002,06/30/2002,03/31/2002,12/31/2001,09/30/2001,06/30/2001,03/31/2001,12/31/2000,09/30/2000,06/30/2000,03/31/2000,12/31/1999,09/30/1999,06/30/1999,03/31/1999,12/31/1998,09/30/1998,06/30/1998,03/31/1998,12/31/1997,09/30/1997,06/30/1997,03/31/1997,12/31/1996,09/30/1996,06/30/1996,03/31/1996,12/31/1995,09/30/1995,06/30/1995,03/31/1995,12/31/1994,09/30/1994,06/30/1994,03/31/1994,12/31/1993,09/30/1993,06/30/1993,03/31/1993,12/31/1992,09/30/1992,06/30/1992,03/31/1992,12/31/1991,09/30/1991,06/30/1991,03/31/1991,12/31/1990,09/30/1990,06/30/1990,03/31/1990,12/31/1989,09/30/1989,06/30/1989,03/31/1989,12/31/1988,09/30/1988,06/30/1988,03/31/1988,12/31/1987,09/30/1987,06/30/1987,03/31/1987,12/31/1986,09/30/1986,06/30/1986,03/31/1986,12/31/1985,09/30/1985
TotalRevenue,"816,165,000","172,993,000","173,326,000","256,723,000","213,123,000","147,737,000","189,152,000","304,108,000","175,484,000","125,563,000","176,878,000","232,537,000","179,031,000","126,111,000","174,334,000","218,983,000","172,632,000","132,247,000","161,991,000","211,731,000","171,132,000","122,036,000","150,930,000","184,268,000","152,445,000","121,727,000","138,426,000","183,543,000","144,414,000","121,985,000","137,384,000","191,184,000","158,416,000","110,515,000","133,700,000","184,404,000","154,555,000","111,444,000","121,530,000","178,135,000","143,552,000","116,749,000","103,014,000","169,254,000","131,397,000","98,149,000","105,457,000","146,349,000","118,321,000","90,272,000","106,925,000","139,167,000","116,667,000","86,613,000","100,108,000","131,702,000","105,581,000","72,921,000","85,879,000","113,851,000","95,782,000","71,570,000","80,645,000","107,755,000","81,102,000","65,216,000","77,840,000","101,128,000","81,457,000","60,303,000","69,378,000","97,104,000","88,845,000","60,240,000","69,626,000","88,197,000","67,994,000","51,310,000","60,917,000","81,440,000","69,183,000","51,611,000","56,544,000","76,310,000","66,958,000","47,008,000","55,567,000","76,580,000","65,963,000","40,495,000","53,100,000","63,000,000","51,200,000","39,100,000","44,400,000","62,300,000","44,500,000","35,200,000","43,100,000","59,600,000","55,100,000","37,600,000","42,200,000","59,200,000","49,000,000","32,300,000","41,000,000","53,300,000","40,400,000","30,400,000","36,300,000","50,300,000","40,100,000","30,600,000","35,900,000","47,400,000","40,500,000","27,800,000","33,200,000","42,800,000","37,000,000","26,900,000","37,800,000","35,300,000","29,400,000","24,800,000","30,400,000","37,800,000","31,700,000","24,400,000","27,600,000","36,000,000","30,900,000","23,000,000","25,800,000","33,900,000","30,000,000","24,100,000","24,700,000","35,000,000","31,500,000","21,600,000","25,800,000","34,300,000","28,000,000","21,400,000","24,600,000","33,000,000"
	OperatingRevenue,"816,165,000","172,993,000","173,326,000","256,723,000","213,123,000","147,737,000","189,152,000","304,108,000","175,484,000","125,563,000","176,878,000","232,537,000","179,031,000","126,111,000","174,334,000","218,983,000","172,632,000","132,247,000","161,991,000","211,731,000","171,132,000","122,036,000","150,930,000","184,268,000","152,445,000","121,727,000","138,426,000","183,543,000","144,414,000","121,985,000","137,384,000","191,184,000","158,416,000","110,515,000","133,700,000","184,404,000","154,555,000","111,444,000","121,530,000","178,135,000","143,552,000","116,749,000","103,014,000","169,254,000","131,397,000","98,149,000","105,457,000","146,349,000","118,321,000","90,272,000","106,925,000","139,167,000","116,667,000","86,613,000","100,108,000","131,702,000","105,581,000","72,921,000","85,879,000","113,851,000","95,782,000","71,570,000","80,645,000","107,755,000","81,102,000","65,216,000","77,840,000","101,128,000","81,457,000","60,303,000","69,378,000","97,104,000","88,845,000","60,240,000","69,626,000","88,197,000","67,994,000","51,310,000","60,917,000","81,440,000","69,183,000","51,611,000","56,544,000","76,310,000","66,958,000","47,008,000","55,567,000","76,580,000","65,963,000","40,495,000","53,100,000","63,000,000","51,200,000","39,100,000","44,400,000","62,300,000","44,500,000","35,200,000","43,100,000","59,600,000","55,100,000","37,600,000","42,200,000","59,200,000","49,000,000","32,300,000","41,000,000","53,300,000","40,400,000","30,400,000","36,300,000","50,300,000","40,100,000","30,600,000","35,900,000","47,400,000","40,500,000","27,800,000","33,200,000","42,800,000","37,000,000","26,900,000","37,800,000","35,300,000","29,400,000","24,800,000","30,400,000","37,800,000","31,700,000","24,400,000","27,600,000","36,000,000","30,900,000","23,000,000","25,800,000","33,900,000","30,000,000","24,100,000","24,700,000","35,000,000","31,500,000","21,600,000","25,800,000","34,300,000","28,000,000","21,400,000","24,600,000","33,000,000"
CostOfRevenue,"330,694,000","68,879,000","87,604,000","92,690,000","81,521,000","61,595,000","73,369,000","92,473,000","77,864,000","61,049,000","72,168,000","87,633,000","70,327,000","52,047,000","67,948,000","85,586,000","70,762,000","53,045,000","66,060,000","81,318,000","68,839,000","48,180,000","56,611,000","75,720,000","63,523,000","47,132,000","54,993,000","66,389,000","58,348,000","49,659,000","54,705,000","71,780,000","66,903,000","50,407,000","58,577,000","75,189,000","63,833,000","45,830,000","-64,601,000","108,072,000","92,574,000","38,952,000","43,457,000","61,593,000","44,745,000","31,958,000","50,498,000","69,523,000","56,583,000","44,021,000","55,168,000","63,537,000","56,032,000","41,324,000","25,503,000","46,455,000","40,349,000","25,358,000","22,575,000","45,063,000","37,271,000","25,814,000","98,290,000","9,334,000","5,658,000","21,428,000",,,,"19,821,000",,,,,,,,,,,,,,,,,,,,,,,,,,,,,,,,,,,,,,,,,,,,,,,,,,,,,,,,,,,,,,,,,,,,,,,,,,,,,,
GrossProfit,"485,471,000","104,114,000","85,722,000","164,033,000","131,602,000","86,142,000","115,783,000","211,635,000","97,620,000","64,514,000","104,710,000","144,904,000","108,704,000","74,064,000","106,386,000","133,397,000","101,870,000","79,202,000","95,931,000","130,413,000","102,293,000","73,856,000","94,319,000","108,548,000","88,922,000","74,595,000","83,433,000","117,154,000","86,066,000","72,326,000","82,679,000","119,404,000","91,513,000","60,108,000","75,123,000","109,215,000","90,722,000","65,614,000","186,131,000","70,063,000","50,978,000","77,797,000","59,557,000","107,661,000","86,652,000","66,191,000","54,959,000","76,826,000","61,738,000","46,251,000","51,757,000","75,630,000","60,635,000","45,289,000","74,605,000","85,247,000","65,232,000","47,563,000","63,304,000","68,788,000","58,511,000","45,756,000","-17,645,000","98,421,000","75,444,000","43,788,000","57,299,000",,"81,457,000","40,482,000","47,577,000",,"88,845,000","60,240,000","47,705,000","88,197,000",,,"38,020,000","81,440,000","69,183,000","51,611,000","35,414,000","76,310,000","66,958,000","47,008,000","40,431,000","76,580,000",,"40,495,000",,"63,000,000",,"39,100,000","33,300,000","62,300,000",,,,,"55,100,000","37,600,000","30,100,000","59,200,000","49,000,000","32,300,000","28,300,000","53,300,000","40,400,000","30,400,000","23,700,000","50,300,000","40,100,000","30,600,000",,,,,,,,,,,,,,,,,,,,,,,,,,,,,,,,,,
OperatingExpense,"351,549,000","92,988,000","75,914,000","91,176,000","87,384,000","83,324,000","89,803,000","91,769,000","84,505,000","75,374,000","81,598,000","81,143,000","77,370,000","76,579,000","71,294,000","76,587,000","72,467,000","71,378,000","72,984,000","71,869,000","67,399,000","66,690,000","67,372,000","65,246,000","63,518,000","69,250,000","64,951,000","69,660,000","64,471,000","64,216,000","61,967,000","59,337,000","61,031,000","62,795,000","63,995,000","62,246,000","60,391,000","60,990,000","155,522,000","33,702,000","31,356,000","71,190,000","51,971,000","77,583,000","67,097,000","56,243,000","43,048,000","50,961,000","45,454,000","38,493,000","39,961,000","51,536,000","37,891,000","39,014,000","58,831,000","44,975,000","44,308,000","42,558,000","49,174,000","42,827,000","42,330,000","39,971,000","-29,863,000","73,557,000","62,246,000","38,466,000","43,875,000","76,057,000","65,056,000","35,562,000","37,834,000","75,556,000","67,918,000","53,891,000","35,614,000","70,091,000","57,132,000","49,333,000","31,149,000","64,878,000","56,311,000","45,051,000","29,741,000","62,878,000","55,118,000","43,075,000","32,523,000","57,937,000","53,599,000","35,403,000","30,500,000","47,200,000","39,900,000","33,000,000","24,200,000","44,600,000","35,700,000","30,000,000","22,800,000","43,900,000","37,500,000","30,200,000","22,600,000","41,800,000","36,100,000","27,400,000","19,600,000","39,700,000","31,800,000","26,100,000","16,100,000","37,400,000","30,500,000","25,500,000",,,,,,,,,,,,,,,,,,,,,,,,,,,,,,,,,,
	SellingGeneralAndAdministration,"129,958,000","33,411,000","34,079,000","30,712,000","31,756,000","30,369,000","31,231,000","29,208,000","26,939,000","29,680,000","27,307,000","26,779,000","25,434,000","29,097,000","23,586,000","26,493,000","24,383,000","26,319,000","28,983,000","24,886,000","23,796,000","25,249,000","23,437,000","23,844,000","23,366,000","27,827,000","28,041,000","30,737,000","26,637,000","27,695,000","24,671,000","23,765,000","23,796,000","25,141,000","24,949,000","24,670,000","23,155,000","25,281,000","74,450,000","10,387,000","9,062,000","23,018,000","23,056,000","21,646,000","20,554,000","20,502,000","21,558,000","17,794,000","18,480,000","17,444,000","17,912,000","19,084,000","19,386,000","18,861,000","17,181,000","14,995,000","13,835,000",,,,,,,,,,,,,,,,,,,,,,,,,,,,,,,,,,,,,,,,,,,,,,,,,,,,,,,,,,,,,,,,,,,,,,,,,,,,,,,,,,,,,,,,,,,
		GeneralAndAdministrativeExpense,"129,958,000","33,411,000","34,079,000","30,712,000","31,756,000","30,369,000","31,231,000","29,208,000","26,939,000","29,680,000","27,307,000","26,779,000","25,434,000","29,097,000","23,586,000","26,493,000","24,383,000","26,319,000","28,983,000","24,886,000","23,796,000","25,249,000","23,437,000","23,844,000","23,366,000","27,827,000","28,041,000","30,737,000","26,637,000","27,695,000","24,671,000","23,765,000","23,796,000","25,141,000","24,949,000","24,670,000","23,155,000","25,281,000","24,817,000","34,312,000","22,167,000","23,018,000",,"21,646,000","20,554,000","20,502,000","21,558,000","17,794,000","18,480,000","17,444,000","17,912,000","19,084,000","19,385,000","18,861,000",,,,,,,,,,,,,,,,,,,,,,,,,,,,,,,,,,,,,,,,,,,,,,,,,,,,,,,,,,,,,,,,,,,,,,,,,,,,,,,,,,,,,,,,,,,,,,
			OtherGandA,"129,728,000","33,411,000","33,849,000","30,712,000","31,756,000","30,369,000","31,231,000","29,208,000","26,939,000","29,680,000","27,307,000","26,779,000","25,434,000","29,097,000","23,586,000","26,493,000","24,383,000","26,319,000","28,983,000","24,886,000","23,796,000","25,249,000","23,437,000","23,844,000","23,366,000","27,827,000","28,041,000","30,737,000","26,637,000","27,695,000","24,671,000","23,765,000","23,796,000","25,141,000","24,949,000","24,670,000","23,155,000","25,281,000","24,817,000",,,,,,,,,,,,,,,,,,,,,,,,,,,,,,,,,,,,,,,,,,,,,,,,,,,,,,,,,,,,,,,,,,,,,,,,,,,,,,,,,,,,,,,,,,,,,,,,,,,,,,,,,,,,,
	DepreciationAmortizationDepletionIncomeStatement,"110,438,000","28,770,000","27,199,000","27,232,000","27,237,000","27,047,000","24,772,000","24,699,000","24,542,000","24,492,000","22,253,000","22,273,000","22,326,000","22,368,000","21,104,000","21,009,000","20,953,000","20,715,000","19,133,000","19,231,000","19,218,000","19,201,000","15,827,000","15,884,000","15,842,000","16,046,000","15,366,000","15,342,000","15,354,000","15,319,000","14,429,000","14,648,000","16,087,000","16,053,000","14,695,000","14,505,000","14,491,000","14,629,000","13,285,000","13,720,000","13,712,000","13,951,000","12,695,000","12,729,000","12,373,000","12,588,000","10,464,000","10,934,000","10,638,000","10,792,000","9,039,000","10,259,000","10,282,000","10,198,000","9,560,000","9,281,000","9,276,000","9,222,000","8,390,000","8,392,000","8,380,000","8,401,000","7,587,000","7,718,000","7,640,000","7,709,000","7,442,000","7,287,000","7,006,000","6,996,000","6,557,000","6,518,000","6,521,000","6,518,000","5,828,000","5,830,000","5,838,000","5,760,000","5,193,000","5,263,000","5,389,000","5,394,000","4,901,000","4,732,000","4,777,000","4,817,000","4,587,000","4,567,000","4,742,000","4,097,000","4,200,000","3,800,000","3,800,000","4,000,000","3,700,000","3,600,000","3,600,000","3,600,000","3,500,000","3,400,000","3,400,000","3,400,000","3,300,000","3,300,000","3,100,000","3,000,000","2,800,000","2,900,000","2,900,000","2,900,000","2,800,000","2,700,000","2,700,000","2,700,000",,,,,,,,,,,,,,,,,,,,,,,,,,,,,,,,,,
		DepreciationAndAmortizationInIncomeStatement,"110,438,000","28,770,000","27,199,000","27,232,000","27,237,000","27,047,000","24,772,000","24,699,000","24,542,000","24,492,000","22,253,000","22,273,000","22,326,000","22,368,000","21,104,000","21,009,000","20,953,000","20,715,000","19,133,000","19,231,000","19,218,000","19,201,000","15,827,000","15,884,000","15,842,000","16,046,000","15,366,000","15,342,000","15,354,000","15,319,000","14,429,000","14,648,000","16,087,000","16,053,000","14,695,000","14,505,000","14,491,000","14,629,000","13,285,000","13,720,000","13,712,000","13,951,000","12,695,000","12,729,000","12,373,000","12,588,000","10,464,000","10,934,000","10,638,000","10,792,000","9,039,000","10,259,000","10,282,000","10,198,000",,,,,,,,,,,,,,,,,,,,,,,,,,,,,,,,,,,,,,,,,,,,,,,,,,,,,,,,,,,,,,,,,,,,,,,,,,,,,,,,,,,,,,,,,,,,,,
	OtherTaxes,"32,839,000","8,360,000","8,262,000","8,546,000","7,671,000","7,996,000","7,559,000","8,116,000","7,126,000","7,228,000","6,890,000","7,541,000","7,068,000","7,293,000","7,043,000","7,142,000","6,407,000","6,704,000","6,080,000","6,544,000","6,057,000","6,116,000","5,792,000","5,957,000","5,407,000","6,075,000","5,523,000","5,709,000","4,968,000","5,359,000","5,132,000","5,232,000","5,144,000","5,225,000","4,945,000","5,414,000","5,715,000","5,435,000","5,425,000","5,218,000","3,977,000","4,607,000","4,096,000","5,170,000","4,506,000","4,560,000","4,558,000","4,555,000","4,087,000","3,903,000","4,451,000","4,371,000","3,911,000","4,088,000","12,575,000","3,940,000","3,484,000","3,739,000","11,284,000","3,707,000","3,435,000","3,406,000","11,293,000","3,477,000","3,045,000","3,176,000","10,795,000","3,381,000","3,092,000","2,965,000","10,512,000","2,942,000","2,915,000","2,694,000","9,132,000","2,691,000","2,538,000","2,465,000","8,824,000","2,334,000","2,551,000","2,463,000","8,359,000","2,390,000","2,502,000","2,399,000","8,879,000","2,310,000","2,446,000","2,085,000","7,100,000","2,100,000","1,900,000","2,000,000","5,800,000","2,100,000","1,800,000","2,000,000","6,100,000","2,000,000","1,800,000","1,900,000","5,400,000","2,000,000","1,700,000","1,800,000","4,800,000","1,800,000","1,600,000","1,700,000","4,300,000","1,700,000","1,600,000","1,700,000",,,,,,,,,,,,,,,,,,,,,,,,,,,,,,,,,,
	OtherOperatingExpenses,"78,314,000","22,447,000","6,374,000","24,686,000","20,720,000","17,912,000","26,241,000","29,746,000","25,898,000","13,974,000","25,148,000","24,550,000","22,542,000","17,821,000","19,561,000","21,943,000","20,724,000","17,640,000","18,788,000","21,208,000","18,328,000","16,124,000","22,316,000","19,561,000","18,903,000","19,302,000","16,021,000","17,872,000","17,512,000","15,843,000","17,735,000","15,692,000","16,004,000","16,376,000","19,406,000","17,657,000","17,030,000","15,645,000","17,891,000",,"9,062,000","28,000","54,443,000","15,881,000","8,638,000","-1,241,000","1,745,000","12,825,000","7,091,000","1,403,000","3,374,000","13,417,000","21,120,000","1,232,000","13,430,000","12,935,000","12,766,000","25,483,000","-29,115,000","26,495,000","25,274,000","23,655,000","-34,840,000","34,664,000","24,552,000","23,682,000","21,450,000","22,307,000","21,804,000","21,943,000",,,,,,,,,,,,,,,,,,,,,,,,,,,,,,,,,,,,,,,,,,,,,,,,,,,,,,,,,,,,,,,,,,,,,,,,,,,,,,
OperatingIncome,"133,922,000","11,126,000","9,808,000","72,857,000","44,218,000","2,818,000","25,980,000","119,866,000","13,115,000","-10,860,000","23,112,000","63,761,000","31,334,000","-2,515,000","35,092,000","56,810,000","29,403,000","7,824,000","22,947,000","58,544,000","34,894,000","7,166,000","26,947,000","43,302,000","25,404,000","5,345,000","18,482,000","47,494,000","21,595,000","8,110,000","20,712,000","60,067,000","30,482,000","-2,687,000","11,128,000","46,969,000","30,331,000","4,624,000","30,609,000","36,361,000","19,622,000","6,607,000","7,586,000","30,078,000","19,555,000","9,948,000","11,911,000","25,865,000","16,284,000","7,758,000","11,796,000","24,094,000","22,744,000","6,275,000","15,774,000","40,272,000","20,924,000","5,005,000","14,130,000","25,961,000","16,181,000","5,785,000","12,218,000","24,864,000","13,198,000","5,322,000","13,424,000","25,071,000","16,401,000","4,920,000","9,743,000","21,548,000","20,927,000","6,349,000","12,091,000","18,106,000","10,862,000","1,977,000","6,871,000","16,562,000","12,872,000","6,560,000","5,673,000","13,432,000","11,840,000","3,933,000","7,908,000","18,643,000","12,364,000","5,092,000","9,600,000","15,800,000","11,300,000","6,100,000","9,100,000","17,700,000","8,800,000","5,200,000","7,800,000","15,700,000","17,600,000","7,400,000","7,500,000","17,400,000","12,900,000","4,900,000","8,700,000","13,600,000","8,600,000","4,300,000","7,600,000","12,900,000","9,600,000","5,100,000","35,900,000","47,400,000","40,500,000","27,800,000","33,200,000","42,800,000","37,000,000","26,900,000","37,800,000","35,300,000","29,400,000","24,800,000","30,400,000","37,800,000","31,700,000","24,400,000","27,600,000","36,000,000","30,900,000","23,000,000","25,800,000","33,900,000","30,000,000","24,100,000","24,700,000","35,000,000","31,500,000","21,600,000","25,800,000","34,300,000","28,000,000","21,400,000","24,600,000","33,000,000"
NetNonOperatingInterestIncomeExpense,"-44,047,000","-10,932,000","-11,131,000","-11,231,000","-10,753,000","-9,928,000","-11,036,000","-10,491,000","-10,481,000","-9,854,000","-10,472,000","-9,251,000","-11,254,000","-10,244,000","-9,006,000","-10,315,000","-9,830,000","-8,703,000","-8,620,000","-8,577,000","-8,515,000","-8,216,000","-7,858,000","-7,711,000","-7,597,000","-7,335,000","-7,411,000","-6,703,000","-6,633,000","-6,523,000","-6,426,000","-6,950,000","-6,862,000","-6,710,000","-6,951,000","-7,147,000","-7,264,000","-7,497,000","-7,299,000","-7,226,000","-6,875,000","-6,736,000","-7,064,000","-7,333,000","-7,545,000","-7,772,000","-8,325,000","-6,474,000","-5,904,000","-5,671,000","-5,997,000","-5,530,000","-5,322,000","-4,359,000",,,,,,,,,,,,,,,,,,,,,,,,,,,,,,,,,,,,,,,,,,,,,,,,,,,,,,,,,,,,,,,,,,,,,,,,,,,,,,,,,,,,,,,,,,,,,,
	InterestIncomeNonOperating,,,,,,,,,,,,,,,,,,,,,,,,,,,,,,,,,,,,,,,,,,,,,,,,,,,,,"640,000",,,,,,,,,,,,,,,,,,,,,,,,,,,,,,,,,,,,,,,,,,,,,,,,,,,,,,,,,,,,,,,,,,,,,,,,,,,,,,,,,,,,,,,,,,,,,,,
	InterestExpenseNonOperating,"44,218,000","10,932,000","11,302,000","11,231,000","10,753,000","9,928,000","11,036,000","10,491,000","10,481,000","9,854,000","10,472,000","9,251,000","11,254,000","10,244,000","9,006,000","10,315,000","9,830,000","8,703,000","8,620,000","8,577,000","8,515,000","8,216,000","7,858,000","7,711,000","7,597,000","7,335,000","7,411,000","6,703,000","6,633,000","6,523,000","6,426,000","6,950,000","6,862,000","6,710,000","6,951,000","7,147,000","7,264,000","7,497,000","7,299,000","7,226,000","6,875,000","6,736,000","7,064,000","7,333,000","7,545,000","7,772,000","8,325,000","6,474,000","5,904,000","5,671,000","6,103,000","5,530,000","5,322,000","4,359,000",,,,,,,,,,,,,,,,,,,,,,,,,,,,,,,,,,,,,,,,,,,,,,,,,,,,,,,,,,,,,,,,,,,,,,,,,,,,,,,,,,,,,,,,,,,,,,
	TotalOtherFinanceCost,,,,,,,,,,,,,,,,,,,"-595,000","-707,000","-564,000",,,,,,,,,,,,,,,,,,,,,,,,,,,,,,,,,,,,,,,,,,,,,,,,,,,,,,,,,,,,,,,,,,,,,,,,,,,,,,,,,,,,,,,,,,,,,,,,,,,,,,,,,,,,,,,,,,,,,,,,,,,,,,,
OtherIncomeExpense,"17,960,000","-205,000","4,198,000","2,785,000","7,095,000","4,335,000","1,930,000","1,034,000","4,089,000","-4,443,000","1,858,000","-222,000","1,724,000","2,956,000","-2,997,000","-1,146,000","-3,023,000","-2,653,000","3,659,000","2,071,000","3,004,000","2,187,000","2,711,000","880,000","955,000","448,000","1,556,000","-640,000","-25,000","1,004,000","2,105,000","-403,000","1,221,000","161,000","1,626,000","824,000","-25,000","1,105,000","3,148,000","637,000","218,000","1,214,000","1,346,000","-1,810,000","180,000","543,000","1,285,000","995,000","1,000","-69,000","652,000","1,028,000","2,449,000","843,000","-604,000","-696,000","352,000","-131,000","176,000","1,282,000","1,374,000","1,291,000","1,086,000","307,000","907,000","528,000","2,264,000","1,447,000","766,000","636,000","603,000","656,000","573,000","551,000","3,373,000","647,000","1,517,000","1,258,000","1,980,000","596,000","2,536,000","505,000","3,221,000","420,000","1,809,000","393,000","103,000","358,000","623,000","299,000","300,000","300,000","900,000","1,000,000","200,000","300,000","200,000","-100,000","600,000","200,000","-100,000","100,000","300,000","100,000","-100,000","100,000","700,000","200,000","-100,000","0","8,800,000","-2,900,000","-2,800,000","-100,000",,,,,,,,,,,,,,,,,,,,,,,,,,,,,,,,,,
	SpecialIncomeCharges,"7,511,000","975,000","4,790,000","898,000","848,000","544,000","684,000","973,000","1,705,000","1,614,000","1,626,000","1,868,000","1,686,000","1,533,000","1,360,000","1,023,000","710,000","911,000","1,650,000","1,105,000","879,000","779,000","2,711,000","880,000","955,000","448,000","1,556,000","-640,000","-25,000","1,004,000","2,105,000",,"1,221,000","161,000","1,626,000","824,000","-25,000","1,105,000","-1,985,000","637,000","218,000","1,214,000","1,346,000","-1,810,000","180,000","543,000","1,285,000","995,000","1,000","-69,000","652,000","1,028,000","2,449,000","843,000","-604,000","-696,000","352,000","-131,000","176,000","1,282,000","1,374,000","1,291,000","1,086,000","307,000","907,000","528,000","2,264,000","1,447,000","766,000","636,000","603,000","656,000","573,000","551,000","3,373,000","647,000","1,517,000","1,258,000","1,980,000","596,000","2,536,000","505,000","3,221,000","420,000","1,809,000","393,000","103,000","358,000","623,000","299,000","300,000","300,000","900,000","1,000,000","200,000","300,000","200,000","-100,000","600,000","200,000",,"100,000","300,000","100,000","-100,000",,"700,000","200,000","-100,000",,"8,800,000","-2,900,000","-2,800,000","-100,000",,,,,,,,,,,,,,,,,,,,,,,,,,,,,,,,,,
		WriteOff,,,,,,,,,,,,"1,868,000","1,686,000","1,533,000","1,310,000","1,023,000","710,000","911,000","987,000","1,105,000","879,000","779,000",,,,,,,,,,,,,,,,,,,,,,,,,,,,,,,,,,,,,,,,,,,,,,,,,,,,,,,,,,,,,,,,,,,,,,,,,,,,,,,,,,,,,,,,,,,,,,,,,,,,,,,,,,,,,,,,,,,,,,,,,,,,,,
		OtherSpecialCharges,"-7,417,000","-975,000","-4,696,000","-898,000","-848,000","-544,000","-684,000","-973,000","-1,705,000","-1,614,000","-1,598,000","-1,868,000","-1,686,000","-1,533,000","-1,310,000","-1,023,000","-710,000","-911,000","-987,000","-1,105,000","-879,000","-779,000","-2,711,000","-880,000","-955,000","-448,000","-1,556,000","640,000","25,000","-1,004,000","-2,105,000",,"-1,221,000","-161,000","-1,626,000","-824,000","25,000","-1,105,000","-1,765,000","-637,000","-218,000",,"-1,346,000","1,810,000","-118,000",,"-1,296,000","-962,000","-1,000","69,000","-767,000","-1,028,000","-2,377,000","-240,000",,,,,,,,,,,,,,,,,,,,,,,,,,,,,,,,,,,,,,,,,,,,,,,,,,,,,,,,,,,,,,,,,,,,,,,,,,,,,,,,,,,,,,,,,,,,,,
		GainOnSaleOfPPE,,,,,,,,,,,,,,,,,,,,,,,,,,,,,,,,,,,,,,,"0",,,,"0","0","62,000",,"-11,000","33,000","0","0","-115,000","0","72,000","603,000",,,,,,,,,,,,,,,,,,,,,,,,,,,,,,,,,,,,,,,,,,,,,,,,,,,,,,,,,,,,,,,,,,,,,,,,,,,,,,,,,,,,,,,,,,,,,,
	OtherNonOperatingIncomeExpenses,"10,449,000","-1,180,000","-592,000","1,887,000","6,247,000","3,791,000","1,246,000","61,000","2,384,000","-6,057,000","232,000","-2,090,000","38,000","1,423,000","-4,357,000","-2,169,000","-3,733,000","-3,564,000","2,009,000","966,000","2,125,000","1,408,000","2,857,000","880,000","955,000","448,000","1,241,000","-640,000","-25,000","1,004,000","2,054,000","-403,000","1,221,000","161,000","1,626,000","824,000","-25,000","1,105,000","1,765,000",,,,,,,,,,,,,,,,,,,,,,,,,,,,,,,,,,,,,,,,,,,,,,,,,,,,,,,,,,,,,,,,,,,,,,,,,,,,,,,,,,,,,,,,,,,,,,,,,,,,,,,,,,,,,
PretaxIncome,"107,835,000","-11,000","2,875,000","64,411,000","40,560,000","-2,775,000","16,874,000","110,409,000","6,723,000","-25,157,000","14,498,000","54,288,000","21,804,000","-9,803,000","23,089,000","45,349,000","16,550,000","-3,532,000","17,986,000","52,038,000","29,383,000","1,137,000","21,800,000","36,471,000","18,762,000","-1,542,000","12,627,000","40,151,000","14,937,000","2,591,000","16,391,000","52,714,000","24,841,000","-9,236,000","5,803,000","40,646,000","23,042,000","-1,768,000","26,458,000","29,772,000","12,965,000",,,,,,,,,,,,"19,871,000","3,991,000","11,440,000","35,408,000","16,558,000","310,000","10,560,000","22,757,000","13,079,000","2,650,000","9,058,000","21,265,000","9,760,000","1,378,000","11,272,000","22,083,000","12,739,000","1,135,000","5,969,000","17,839,000","16,898,000","2,404,000","11,563,000","14,174,000","7,899,000","-1,321,000","4,522,000","12,722,000","11,191,000","3,207,000","4,942,000","9,835,000","9,554,000","362,000","4,844,000","15,066,000","9,140,000","1,939,000","6,500,000","12,800,000","8,900,000","3,900,000","6,300,000","14,800,000","5,700,000","2,300,000","5,200,000","12,900,000","14,600,000","4,500,000","4,800,000","14,700,000","9,800,000","2,000,000","6,100,000","11,000,000","5,900,000","1,700,000","4,900,000","9,900,000","6,900,000","2,400,000",,,,,,,,,,,,,,,,,,,,,,,,,,,,,,,,,,
TaxProvision,"2,930,000","-905,000","-561,000","1,912,000","2,484,000","257,000","1,377,000","14,049,000","1,442,000","-4,850,000","3,162,000","11,864,000","4,808,000","-2,163,000","2,374,000","10,957,000","3,528,000","-987,000","4,317,000","18,189,000","10,852,000","5,000","6,710,000","13,596,000","7,254,000","-744,000","4,150,000","15,031,000","5,092,000","1,016,000","4,997,000","19,064,000","7,671,000","-3,760,000","137,000","11,495,000","9,532,000","-695,000","592,000",,,,,,,,,,,,,,"7,781,000","1,570,000","4,122,000","13,222,000","6,442,000","125,000","2,518,000","8,948,000","5,352,000","1,069,000","2,639,000","8,646,000","4,050,000","546,000","5,435,000","8,968,000","5,148,000","455,000","2,232,000","7,050,000","6,844,000","958,000","4,550,000","5,587,000","3,314,000","-553,000","1,670,000","5,047,000","4,573,000","1,279,000","1,882,000","3,915,000","3,790,000","141,000","1,372,000","5,861,000","3,387,000","736,000","2,600,000","4,900,000","3,300,000","1,400,000","2,200,000","5,700,000","2,100,000","700,000","1,600,000","5,000,000","5,700,000","1,600,000","1,400,000","6,000,000","4,000,000","800,000","2,400,000","4,500,000","2,400,000","700,000","1,800,000","4,000,000","2,800,000","1,000,000",,,,,,,,,,,,,,,,,,,,,,,,,,,,,,,,,,
NetIncomeCommonStockholders,"105,243,000","1,086,000","3,503,000","62,429,000","38,076,000","-3,032,000","15,497,000","96,360,000","5,281,000","-20,307,000","11,336,000","42,424,000","16,996,000","-7,640,000","20,715,000","34,392,000","13,022,000","-2,545,000","13,669,000","33,849,000","18,531,000","1,132,000","15,090,000","22,875,000","11,508,000","-798,000","8,477,000","25,120,000","9,845,000","1,575,000","11,394,000","33,650,000","17,170,000","-5,476,000","5,666,000","29,151,000","13,510,000","-1,073,000","5,006,000","29,772,000","12,965,000","1,085,000","1,868,000","20,935,000","12,190,000","2,719,000","4,871,000","20,386,000","10,381,000","2,018,000","6,451,000","19,592,000","12,090,000","2,421,000","6,950,000","22,186,000","10,116,000","185,000","7,889,000","13,809,000","7,727,000","1,581,000","6,266,000","12,619,000","5,710,000","832,000","5,799,000","13,077,000","7,553,000","642,000","3,699,000","10,751,000","10,016,000","1,408,000","6,975,000","8,549,000","4,547,000","-806,000","2,852,000","7,675,000","6,618,000","1,928,000","3,060,000","5,920,000","5,764,000","221,000","3,472,000","9,205,000","5,753,000","1,203,000","3,900,000","7,900,000","5,600,000","2,500,000","4,000,000","9,100,000","3,600,000","1,600,000","3,500,000","7,900,000","8,900,000","2,900,000","3,300,000","8,700,000","5,800,000","1,200,000","3,600,000","6,500,000","3,500,000","1,000,000","3,000,000","5,900,000","4,100,000","1,400,000","3,500,000","6,200,000","4,700,000","1,000,000","2,700,000","4,200,000","3,600,000","1,800,000","6,700,000","3,400,000","2,100,000","1,600,000","3,300,000","5,700,000","3,800,000","1,600,000","2,900,000","5,300,000","3,900,000",,,,,,,,,,,,,,,
	NetIncome,"105,243,000","1,086,000","3,503,000","62,429,000","38,076,000","-3,032,000","15,497,000","96,360,000","5,281,000","-20,307,000","11,336,000","42,424,000","16,996,000","-7,640,000","20,715,000","34,392,000","13,022,000","-2,545,000","13,669,000","33,849,000","18,531,000","1,132,000","15,090,000","22,875,000","11,508,000","-798,000","8,477,000","25,120,000","9,845,000","1,575,000","11,394,000","33,650,000","17,170,000","-5,476,000","5,666,000","29,151,000","13,510,000","-1,073,000","5,006,000","29,772,000","12,965,000","1,085,000","1,868,000","20,935,000","12,190,000","2,719,000","4,871,000","20,386,000","10,381,000","2,018,000","6,451,000","19,592,000","12,090,000","2,421,000","7,318,000","22,186,000","10,116,000","185,000","8,042,000","13,809,000","7,727,000","1,581,000","6,419,000","12,619,000","5,710,000","832,000","5,837,000","13,115,000","7,591,000","680,000","3,737,000","10,789,000","10,054,000","1,446,000","7,013,000","8,587,000","4,585,000","-768,000","2,852,000","7,675,000","6,618,000","1,928,000","3,060,000","5,920,000","5,764,000","221,000","3,472,000","9,205,000","5,753,000","1,203,000","3,900,000","7,900,000","5,600,000","2,500,000","4,100,000","9,100,000","3,600,000","1,600,000","3,600,000","7,900,000","8,900,000","2,900,000","3,400,000","8,700,000","5,800,000","1,200,000","3,700,000","6,500,000","3,500,000","1,000,000","3,100,000","5,900,000","4,100,000","1,400,000","3,600,000","6,200,000","4,700,000","1,000,000","2,800,000","4,200,000","3,600,000","1,800,000","6,800,000","3,400,000","2,100,000","1,600,000","3,400,000","5,700,000","3,800,000","1,600,000","2,900,000","5,300,000","3,900,000",,,,,,,,,,,,,,,
		NetIncomeIncludingNoncontrollingInterests,"104,905,000","894,000","3,436,000","62,499,000","38,076,000","-3,032,000","15,497,000","96,360,000","5,281,000","-20,307,000","11,336,000","42,424,000","16,996,000","-7,640,000","20,715,000","34,392,000","13,022,000","-2,545,000","13,669,000","33,849,000","18,531,000","1,132,000","15,090,000","22,875,000","11,508,000","-798,000","8,477,000","25,120,000","9,845,000","1,575,000","11,394,000","33,650,000","17,170,000","-5,476,000","5,666,000","29,151,000","13,510,000","-1,073,000","5,006,000","29,772,000","12,965,000","1,085,000","1,868,000","20,935,000","12,190,000","2,719,000","4,871,000","20,386,000","10,381,000","2,018,000","6,451,000","19,592,000","12,090,000","2,421,000","7,318,000","22,186,000","10,116,000","185,000","8,042,000","13,809,000","7,727,000","1,581,000","6,419,000","12,619,000","5,710,000","832,000","5,837,000","13,115,000","7,591,000","680,000","3,737,000","10,789,000","10,054,000","1,446,000","7,013,000","8,587,000","4,585,000","-768,000","2,852,000","7,675,000","6,618,000","1,928,000","3,060,000","5,920,000","5,764,000","221,000","3,472,000","9,205,000","5,753,000","1,203,000","3,900,000","7,900,000","5,600,000","2,500,000","4,100,000","9,100,000","3,600,000","1,600,000","3,600,000","7,900,000","8,900,000","2,900,000","3,400,000","8,700,000","5,800,000","1,200,000","3,700,000","6,500,000","3,500,000","1,000,000","3,100,000","5,900,000","4,100,000","1,400,000","3,600,000","6,200,000","4,700,000","1,000,000","2,800,000","4,200,000","3,600,000","1,800,000","6,800,000","3,400,000","2,100,000","1,600,000","3,400,000","5,700,000","3,800,000","1,600,000","2,900,000","5,300,000","3,900,000","1,600,000","2,600,000","5,200,000","3,900,000","2,500,000","2,800,000","5,900,000","4,600,000","1,700,000","3,700,000","5,200,000","3,000,000","1,800,000","3,400,000","4,600,000"
			NetIncomeContinuousOperations,"104,905,000","894,000","3,436,000","62,499,000","38,076,000","-3,032,000","15,497,000","96,360,000","5,281,000","-20,307,000","11,336,000","42,424,000","16,996,000","-7,640,000","20,715,000","34,392,000","13,022,000","-2,545,000","13,669,000","33,849,000","18,531,000","1,132,000","15,090,000","22,875,000","11,508,000","-798,000","8,477,000","25,120,000","9,845,000","1,575,000","11,394,000","33,650,000","17,170,000","-5,476,000","5,666,000","29,151,000","13,510,000","-1,073,000","5,006,000","29,772,000","12,965,000","1,085,000","1,868,000","20,935,000","12,190,000","2,719,000","4,871,000","20,386,000","10,381,000","2,018,000","6,451,000","19,592,000","12,090,000","2,421,000","7,318,000","22,186,000","10,116,000","185,000","8,042,000","13,809,000","7,727,000","1,581,000","6,419,000","12,619,000","5,710,000","832,000","5,837,000","13,115,000","7,591,000","680,000","3,737,000","10,789,000","10,054,000","1,446,000","7,013,000","8,587,000","4,585,000","-768,000","2,852,000","7,675,000","6,618,000","1,928,000","3,060,000","5,920,000","5,764,000","221,000","3,472,000","9,205,000","5,753,000","1,203,000","3,900,000","7,900,000","5,600,000","2,500,000","4,100,000","9,100,000","3,600,000","1,600,000","3,600,000","7,900,000","8,900,000","2,900,000","3,400,000","8,700,000","5,800,000","1,200,000","3,700,000","6,500,000","3,500,000","1,000,000","3,100,000","5,900,000","4,100,000","1,400,000","3,600,000","6,200,000","4,700,000","1,000,000","2,800,000","4,200,000","3,600,000","1,800,000","6,800,000","3,400,000","2,100,000","1,600,000","3,400,000","5,700,000","3,800,000","1,600,000","2,900,000","5,300,000","3,900,000","1,600,000","2,600,000","5,200,000","3,900,000","2,500,000","2,800,000","5,900,000","4,600,000","1,700,000","3,700,000","5,200,000","3,000,000","1,800,000","3,400,000","4,600,000"
		MinorityInterests,"338,000","192,000","67,000","-70,000",,,,,,,,,,,,,,,,,,,,,,,,,,,,,,,,,,,,,,,,,,,,,,,,,,,,,,,,,,,,,,,,,,,,,,,,,,,,,,,,,,,,,,,,,,,,,,,,,,,,,,,,,,,,,,,,,,,,,,,,,,,,,,,,,,,,,,,,,,,,,,,,
	PreferredStockDividends,,,,,,,,,,,,,,,,,,,,,,,,,,,,,,,,,,,,,,,,,,,,,,,,,,,,,,,,,,,,,,,,,,,"38,000","38,000","38,000","38,000","38,000","38,000","38,000","38,000","38,000","38,000","38,000","38,000",,,,,,,,,,,,,"0",,,,"100,000",,,,"100,000",,,,"100,000",,,,"100,000",,,,"100,000",,,,,,,,,,,,,,,,,,,,,,,,,,,,,,,,,,,,,
	OtherunderPreferredStockDividend,,,,,,,,,,,,,,,,,,,,,,,,,,,,,,,,,,,,,,,,,,,,,,,,,,,,,,,,,,,,,,,,,,,,,,,,,,,,,,,,,,,,,,,,,,,,,,,,,,,,,,,,,,,,,,,,,,,"100,000",,,,"100,000",,,,"100,000",,,,"100,000",,,,"0",,,,,,,,,,,,,,,,,
DilutedNIAvailtoComStockholders,"105,243,000","1,086,000","3,503,000","62,429,000","38,076,000","-3,032,000","15,497,000","96,360,000","5,281,000","-20,307,000","11,336,000","42,424,000","16,996,000","-7,640,000","20,715,000","34,392,000","13,022,000","-2,545,000","13,669,000","33,849,000","18,531,000","1,132,000","15,090,000","22,875,000","11,508,000","-798,000","8,477,000","25,120,000","9,845,000","1,575,000","11,394,000","33,650,000","17,170,000","-5,476,000","5,666,000","29,151,000","13,510,000","-1,073,000","5,006,000","29,772,000","12,965,000","1,085,000","1,868,000","20,935,000","12,190,000","2,719,000","4,871,000","20,386,000","10,381,000","2,018,000","6,451,000","19,592,000","12,090,000","2,421,000","6,950,000","22,186,000","10,116,000","185,000","7,889,000","13,809,000","7,727,000","1,581,000","6,266,000","12,619,000","5,710,000","832,000","5,799,000","13,077,000","7,553,000","642,000","3,699,000","10,751,000","10,016,000","1,408,000","6,975,000","8,549,000","4,547,000","-806,000","2,852,000","7,675,000","6,618,000","1,928,000","3,060,000","5,920,000","5,764,000","221,000","3,472,000","9,205,000","5,753,000","1,203,000","3,900,000","7,900,000","5,600,000","2,500,000","4,000,000","9,100,000","3,600,000","1,600,000","3,500,000","7,900,000","8,900,000","2,900,000","3,300,000","8,700,000","5,800,000","1,200,000","3,600,000","6,500,000","3,500,000","1,000,000","3,000,000","5,900,000","4,100,000","1,400,000","3,500,000","6,200,000","4,700,000","1,000,000","2,700,000","4,200,000","3,600,000","1,800,000","6,700,000","3,400,000","2,100,000","1,600,000","3,300,000","5,700,000","3,800,000","1,600,000","2,900,000","5,300,000","3,900,000",,,,,,,,,,,,,,,
BasicEPS,,"0.02","0.07","1.2","0.75","-0.06","0.31","1.94","0.11","-0.42","0.24","0.88","0.35","-0.16","0.32","0.72","0.27","-0.05",,"0.7","0.39","0.02","0.31","0.48","0.24","-0.02","0.18","0.52","0.21","0.03","0.24","0.7","0.36","-0.11","0.12","0.61","0.28","-0.03","0.12","0.71","0.31","0.03",,"0.5","0.29","0.065",,"0.49","0.25","0.05",,"0.47","0.29","0.06",,"0.53","0.24","0.005",,"0.335","0.185","0.035",,"0.34","0.155","0.02",,"0.355","0.205","0.015",,"0.295","0.295","0.04",,"0.265","0.15","-0.025",,"0.25","0.215","0.06",,"0.195","0.19","0.005",,"0.3","0.19","0.045",,"0.31","0.22","0.1",,"0.36","0.14","0.06",,"0.31","0.35","0.115",,"0.34","0.23","0.045",,"0.26","0.14","0.04",,"0.255","0.18","0.06",,"0.275","0.205","0.045",,"0.185","0.16","0.08",,"0.145","0.09","0.07",,"0.25","0.165","0.07",,"0.235","0.175","0.07",,"0.23","0.17","0.105",,"0.265","0.205","0.075",,"0.23","0.135","0.085",,"0.21"
DilutedEPS,,"0.02","0.07","1.2","0.75","-0.06","0.31","1.94","0.11","-0.42","0.24","0.88","0.35","-0.16","0.32","0.72","0.27","-0.05",,"0.7","0.39","0.02","0.31","0.48","0.24","-0.02","0.18","0.52","0.21","0.03","0.24","0.7","0.36","-0.11","0.12","0.61","0.28","-0.03","0.12","0.71","0.31","0.03",,"0.5","0.29","0.065",,"0.49","0.25","0.05",,"0.47","0.29","0.06",,"0.53","0.24","0.005",,"0.335","0.185","0.035",,"0.34","0.155","0.02",,"0.355","0.205","0.015",,"0.295","0.295","0.04",,"0.265","0.15","-0.025",,"0.25","0.215","0.06",,"0.195","0.185","0.005",,"0.3","0.19","0.045",,"0.31","0.22","0.1",,"0.36","0.14","0.06",,"0.31","0.35","0.115",,"0.34","0.23","0.045",,"0.26","0.14","0.04",,"0.255","0.18","0.06",,"0.275","0.205","0.045",,"0.185","0.16","0.08",,"0.145","0.09","0.07",,"0.25","0.165","0.07",,"0.235","0.175","0.07",,"0.23","0.17","0.105",,"0.265","0.205","0.075",,"0.23","0.135","0.085",,"0.21"
BasicAverageShares,,"53,731,000","53,157,000","51,119,000","51,080,000","50,440,000","49,990,000","49,576,000","48,936,000","48,583,000","48,306,000","48,141,000","48,136,000","48,086,000","48,067,000","48,070,000","48,073,000","48,030,000",,"48,017,000","48,020,000","47,984,000","47,966,000","47,969,000","47,972,000","47,905,000","47,876,000","47,878,000","47,880,000","47,825,000","47,806,000","47,803,000","47,804,000","47,756,000","47,741,000","47,737,000","47,729,000","42,248,000","41,908,000","41,905,000","41,911,000","41,842,000",,"41,780,000","41,752,000","41,696,000",,"41,622,000","41,606,000","41,556,000",,"41,490,000","41,490,000","41,460,000",,"41,434,000","41,434,000","41,376,000",,"41,334,000","41,332,000","41,318,000",,"36,814,000","36,814,000","36,806,000",,"36,768,000","36,746,000","36,742,000",,"36,690,000","33,930,000","33,864,000",,"32,418,000","30,364,000","30,364,000",,"30,364,000","30,364,000","30,364,000",,"30,364,000","30,364,000","30,364,000",,"30,292,000","30,236,000","25,872,000",,"25,483,871","25,454,545","25,000,000",,"25,277,778","25,714,286","26,666,667",,"25,483,871","25,428,571","25,217,391",,"25,588,235","25,217,391","26,666,667",,"25,000,000","25,000,000","25,000,000",,"23,137,255","22,777,778","23,333,333",,"22,545,455","22,926,829","22,222,222",,"22,702,703","22,500,000","22,500,000",,"23,448,276","23,333,333","22,857,143",,"22,800,000","23,030,303","22,857,143",,"22,553,191","22,285,714","22,720,000",,"22,656,000","22,624,000","22,264,000",,"22,208,000","22,144,000","22,144,000",,"22,096,000","22,056,000","22,024,000",,"21,944,000"
DilutedAverageShares,,"53,775,000","53,157,000","51,119,000","51,080,000","50,440,000","49,990,000","49,576,000","48,936,000","48,583,000","48,306,000","48,141,000","48,136,000","48,086,000","48,067,000","48,070,000","48,073,000","48,030,000",,"48,017,000","48,020,000","47,984,000","47,969,000","47,969,000","47,972,000","47,905,000","47,886,000","47,887,000","47,892,000","47,854,000","47,842,000","47,840,000","47,837,000","47,756,000","47,780,000","47,770,000","47,760,000","42,248,000","41,908,000","41,905,000","41,911,000","41,842,000",,"41,789,000","41,768,000","41,712,000",,"41,648,000","41,636,000","41,586,000",,"41,534,000","41,534,000","41,518,000",,"41,480,000","41,482,000","41,422,000",,"41,382,000","41,380,000","41,362,000",,"36,848,000","36,854,000","36,854,000",,"36,844,000","36,814,000","36,806,000",,"36,720,000","33,966,000","33,906,000",,"32,444,000","30,396,000","30,364,000",,"30,370,000","30,370,000","30,674,000",,"30,588,000","30,588,000","30,588,000",,"30,398,000","30,298,000","25,872,000",,"25,483,871","25,454,545","25,000,000",,"25,277,778","25,714,286","26,666,667",,"25,483,871","25,428,571","25,217,391",,"25,588,235","25,217,391","26,666,667",,"25,000,000","25,000,000","25,000,000",,"23,137,255","22,777,778","23,333,333",,"22,545,455","22,926,829","22,222,222",,"22,702,703","22,500,000","22,500,000",,"23,448,276","23,333,333","22,857,143",,"22,800,000","23,030,303","22,857,143",,"22,553,191","22,285,714","22,720,000",,"22,656,000","22,624,000","22,264,000",,"22,208,000","22,144,000","22,144,000",,"22,096,000","22,056,000","22,024,000",,"21,944,000"
TotalOperatingIncomeAsReported,"132,989,000","9,138,000","10,453,000","71,152,000","42,246,000","2,919,000","25,034,000","106,062,000","12,493,000","-6,923,000","20,356,000","51,567,000","27,013,000","476,000","31,883,000","45,548,000","25,056,000","8,053,000","20,118,000","41,196,000","25,259,000","8,050,000","21,335,000","30,055,000","18,534,000","6,270,000","14,962,000","32,201,000","16,493,000","7,497,000","16,569,000","40,834,000","23,292,000","1,152,000","11,648,000","35,804,000","20,783,000","5,770,000","11,253,000","36,361,000","19,622,000","6,607,000","7,586,000","30,078,000","19,555,000","9,948,000","11,911,000","25,865,000","16,284,000","7,758,000","11,796,000","24,094,000","22,744,000","7,507,000","15,774,000","40,272,000","20,924,000","5,005,000","14,130,000","25,961,000","16,181,000","5,785,000","12,218,000","24,864,000","13,198,000","5,322,000","13,424,000","25,071,000","16,401,000","4,920,000","9,743,000","21,548,000","20,927,000","6,349,000","12,091,000","18,106,000","10,862,000","1,977,000","6,871,000","16,562,000","12,872,000","6,560,000","5,673,000","13,432,000","11,840,000","3,933,000","7,908,000","18,643,000","12,364,000","5,092,000","9,600,000","15,800,000","11,300,000","6,100,000","9,100,000","17,700,000","8,800,000","5,200,000","7,800,000","15,700,000","17,600,000","7,400,000","7,500,000","17,400,000","12,900,000","4,900,000","8,700,000","13,600,000","8,600,000","4,300,000","7,600,000","12,900,000","9,600,000","5,100,000",,,,,,,,,,,,,,,,,,,,,,,,,,,,,,,,,,
TotalExpenses,"682,243,000","161,867,000","163,518,000","183,866,000","168,905,000","144,919,000","163,172,000","184,242,000","162,369,000","136,423,000","153,766,000","168,776,000","147,697,000","128,626,000","139,242,000","162,173,000","143,229,000","124,423,000","139,044,000","153,187,000","136,238,000","114,870,000","123,983,000","140,966,000","127,041,000","116,382,000","119,944,000","136,049,000","122,819,000","113,875,000","116,672,000","131,117,000","127,934,000","113,202,000","122,572,000","137,435,000","124,224,000","106,820,000","90,921,000","141,774,000","123,930,000","110,142,000","95,428,000","139,176,000","111,842,000","88,201,000","93,546,000","120,484,000","102,037,000","82,514,000","95,129,000","115,073,000","93,923,000","80,338,000","84,334,000","91,430,000","84,657,000","67,916,000","71,749,000","87,890,000","79,601,000","65,785,000","68,427,000","82,891,000","67,904,000","59,894,000","64,416,000","76,057,000","65,056,000","55,383,000","59,635,000","75,556,000","67,918,000","53,891,000","57,535,000","70,091,000","57,132,000","49,333,000","54,046,000","64,878,000","56,311,000","45,051,000","50,871,000","62,878,000","55,118,000","43,075,000","47,659,000","57,937,000","53,599,000","35,403,000","43,500,000","47,200,000","39,900,000","33,000,000","35,300,000","44,600,000","35,700,000","30,000,000","35,300,000","43,900,000","37,500,000","30,200,000","34,700,000","41,800,000","36,100,000","27,400,000","32,300,000","39,700,000","31,800,000","26,100,000","28,700,000","37,400,000","30,500,000","25,500,000",,,,,,,,,,,,,,,,,,,,,,,,,,,,,,,,,,
NetIncomeFromContinuingAndDiscontinuedOperation,"105,243,000","1,086,000","3,503,000","62,429,000","38,076,000","-3,032,000","15,497,000","96,360,000","5,281,000","-20,307,000","11,336,000","42,424,000","16,996,000","-7,640,000","20,715,000","34,392,000","13,022,000","-2,545,000","13,669,000","33,849,000","18,531,000","1,132,000","15,090,000","22,875,000","11,508,000","-798,000","8,477,000","25,120,000","9,845,000","1,575,000","11,394,000","33,650,000","17,170,000","-5,476,000","5,666,000","29,151,000","13,510,000","-1,073,000","5,006,000","29,772,000","12,965,000","1,085,000","1,868,000","20,935,000","12,190,000","2,719,000","4,871,000","20,386,000","10,381,000","2,018,000","6,451,000","19,592,000","12,090,000","2,421,000","7,318,000","22,186,000","10,116,000","185,000","8,042,000","13,809,000","7,727,000","1,581,000","6,419,000","12,619,000","5,710,000","832,000","5,837,000","13,115,000","7,591,000","680,000","3,737,000","10,789,000","10,054,000","1,446,000","7,013,000","8,587,000","4,585,000","-768,000","2,852,000","7,675,000","6,618,000","1,928,000","3,060,000","5,920,000","5,764,000","221,000","3,472,000","9,205,000","5,753,000","1,203,000","3,900,000","7,900,000","5,600,000","2,500,000","4,100,000","9,100,000","3,600,000","1,600,000","3,600,000","7,900,000","8,900,000","2,900,000","3,400,000","8,700,000","5,800,000","1,200,000","3,700,000","6,500,000","3,500,000","1,000,000","3,100,000","5,900,000","4,100,000","1,400,000","3,600,000","6,200,000","4,700,000","1,000,000","2,800,000","4,200,000","3,600,000","1,800,000","6,800,000","3,400,000","2,100,000","1,600,000","3,400,000","5,700,000","3,800,000","1,600,000","2,900,000","5,300,000","3,900,000",,,,,,,,,,,,,,,
NormalizedIncome,"97,936,082.441","228,000","6,300","61,557,656.565","37,279,049.6","-3,429,120","14,868,817.708","95,510,809.445","3,941,701.324","-21,609,498","10,064,629.052","40,964,229.296","15,681,779.857","-8,834,748.546","19,494,834.553","33,616,172.176","12,463,352.266","-3,201,425.538","12,415,033.026","33,130,234.002","17,976,640.37","356,425.682","15,090,000","22,875,000","11,508,000","-798,000","8,477,000","25,120,000","9,845,000","1,575,000","11,394,000","33,650,000","17,170,000","-5,476,000","5,666,000","29,151,000","13,510,000","-1,073,000","6,296,250","29,304,442","12,823,300","295,900","993,100","22,111,500","12,073,000","2,366,050","4,035,750","19,739,250","10,380,350","2,062,850","6,027,200","18,923,800","10,599,968.799","1,909,623.653","7,704,369.93","22,622,100.768","9,900,947.941","263,600","7,907,966.667","13,031,079.448","6,833,900","806,400","5,649,400.309","12,434,800","5,165,800","513,207.547","4,478,600","12,246,800","7,131,400","298,400","3,359,480.985","10,392,252.2","9,710,200","1,114,574.875","4,967,263.686","8,195,029.561","3,674,800","-1,522,800","1,603,225.122","7,315,441.754","5,096,400","1,624,401.621","1,065,613.112","5,667,188.612","4,672,616.705","-18,925.414","3,398,173.41","8,986,269.746","5,360,864.442","1,017,493.553","3,720,000","7,714,843.75","5,033,707.865","1,858,974.359","3,969,841.27","8,915,540.541","3,473,684.211","1,669,565.217","3,184,615.385","7,777,519.38","8,900,000","2,835,555.556","3,187,500","8,640,000","5,860,000","1,200,000","3,275,409.836","6,380,000","3,560,000","1,000,000","-2,467,346.939","7,640,000","5,780,000","1,460,000","3,600,000","6,200,000","4,700,000","1,000,000","2,800,000","4,200,000","3,600,000","1,800,000","6,800,000","3,400,000","2,100,000","1,600,000","3,400,000","5,700,000","3,800,000","1,600,000","2,900,000","5,300,000","3,900,000",,,,,,,,,,,,,,,
InterestIncome,,,,,,,,,,,,,,,,,,,,,,,,,,,,,,,,,,,,,,,,,,,,,,,,,,,,,"640,000",,,,,,,,,,,,,,,,,,,,,,,,,,,,,,,,,,,,,,,,,,,,,,,,,,,,,,,,,,,,,,,,,,,,,,,,,,,,,,,,,,,,,,,,,,,,,,,
InterestExpense,"44,218,000","10,932,000","11,302,000","11,231,000","10,753,000","9,928,000","11,036,000","10,491,000","10,481,000","9,854,000","10,472,000","9,251,000","11,254,000","10,244,000","9,006,000","10,315,000","9,830,000","8,703,000","8,620,000","8,577,000","8,515,000","8,216,000","7,858,000","7,711,000","7,597,000","7,335,000","7,411,000","6,703,000","6,633,000","6,523,000","6,426,000","6,950,000","6,862,000","6,710,000","6,951,000","7,147,000","7,264,000","7,497,000","7,299,000","7,226,000","6,875,000","6,736,000","7,064,000","7,333,000","7,545,000","7,772,000","8,325,000","6,474,000","5,904,000","5,671,000","6,103,000","5,530,000","5,322,000","4,359,000","3,730,000","4,168,000","4,718,000","4,564,000","3,746,000","4,486,000","4,476,000",,"4,246,000","3,906,000","4,345,000","4,472,000","4,416,000",,"4,428,000","4,421,000","4,377,000",,"4,602,000","4,496,000","3,901,000","4,579,000",,,"4,329,000","4,436,000","4,217,000","3,858,000","3,952,000","4,017,000","4,095,000","3,964,000","3,167,000","3,935,000",,"3,452,000",,"3,200,000",,"3,300,000","3,000,000","3,100,000",,,,,"2,900,000","2,900,000","3,000,000","3,000,000","3,000,000","3,000,000","3,400,000","2,800,000","2,600,000","2,600,000",,,,"2,700,000",,,,,,,,,,,,,,,,,,,,,,,,,,,,,,,,,,
NetInterestIncome,"-44,047,000","-10,932,000","-11,131,000","-11,231,000","-10,753,000","-9,928,000","-11,036,000","-10,491,000","-10,481,000","-9,854,000","-10,472,000","-9,251,000","-11,254,000","-10,244,000","-9,006,000","-10,315,000","-9,830,000","-8,703,000","-8,620,000","-8,577,000","-8,515,000","-8,216,000","-7,858,000","-7,711,000","-7,597,000","-7,335,000","-7,411,000","-6,703,000","-6,633,000","-6,523,000","-6,426,000","-6,950,000","-6,862,000","-6,710,000","-6,951,000","-7,147,000","-7,264,000","-7,497,000","-7,299,000","-7,226,000","-6,875,000","-6,736,000","-7,064,000","-7,333,000","-7,545,000","-7,772,000","-8,325,000","-6,474,000","-5,904,000","-5,671,000","-5,997,000","-5,530,000","-5,322,000","-4,359,000","-3,730,000","-4,168,000","-4,718,000","-4,564,000","-3,746,000","-4,486,000","-4,476,000",,"-4,246,000","-3,906,000","-4,345,000","-4,472,000","-4,416,000",,"-4,428,000","-4,421,000","-4,377,000",,"-4,602,000","-4,496,000","-3,901,000","-4,579,000",,,"-4,329,000","-4,436,000","-4,217,000","-3,858,000","-3,952,000","-4,017,000","-4,095,000","-3,964,000","-3,167,000","-3,935,000",,"-3,452,000",,"-3,200,000",,"-3,300,000","-3,000,000","-3,100,000",,,,,"-2,900,000","-2,900,000","-3,000,000","-3,000,000","-3,000,000","-3,000,000","-3,400,000","-2,800,000","-2,600,000","-2,600,000",,,,"-2,700,000",,,,,,,,,,,,,,,,,,,,,,,,,,,,,,,,,,
EBIT,"152,053,000","10,921,000","14,177,000","75,642,000","51,313,000","7,153,000","27,910,000","120,900,000","17,204,000","-15,303,000","24,970,000","63,539,000","33,058,000","441,000","32,095,000","55,664,000","26,380,000","5,171,000","26,606,000","60,615,000","37,898,000","9,353,000","29,658,000","44,182,000","26,359,000","5,793,000","20,038,000","46,854,000","21,570,000","9,114,000","22,817,000","59,664,000","31,703,000","-2,526,000","12,754,000","47,793,000","30,306,000","5,729,000","33,757,000","36,998,000","19,840,000","6,607,000","7,586,000","30,078,000","19,555,000","9,948,000","11,911,000","25,865,000","16,284,000","7,758,000","11,796,000","24,094,000","25,193,000","8,350,000","15,774,000","40,272,000","20,924,000","5,005,000","14,130,000","25,961,000","16,181,000","5,785,000","12,218,000","24,864,000","13,198,000","5,322,000","13,424,000","25,071,000","16,401,000","4,920,000","9,743,000","21,548,000","20,927,000","6,349,000","12,091,000","18,106,000","10,862,000","1,977,000","6,871,000","16,562,000","12,872,000","6,560,000","5,673,000","13,432,000","11,840,000","3,933,000","7,908,000","18,643,000","12,364,000","5,092,000","9,600,000","15,800,000","11,300,000","6,100,000","9,100,000","17,700,000","8,800,000","5,200,000","7,800,000","15,700,000","17,600,000","7,400,000","7,500,000","17,400,000","12,900,000","4,900,000","8,700,000","13,600,000","8,600,000","4,300,000","7,600,000","12,900,000","9,600,000","5,100,000","35,900,000","47,400,000","40,500,000","27,800,000","33,200,000","42,800,000","37,000,000","26,900,000","37,800,000","35,300,000","29,400,000","24,800,000","30,400,000","37,800,000","31,700,000","24,400,000","27,600,000","36,000,000","30,900,000","23,000,000","25,800,000","33,900,000","30,000,000","24,100,000","24,700,000","35,000,000","31,500,000","21,600,000","25,800,000","34,300,000","28,000,000","21,400,000","24,600,000","33,000,000"
EBITDA,"265,447,000"
ReconciledCostOfRevenue,"327,738,000","68,167,000","86,895,000","91,982,000","80,694,000","60,973,000","72,756,000","91,873,000","77,248,000","60,448,000","71,655,000","87,128,000","69,802,000","51,522,000","67,476,000","85,046,000","70,340,000","52,553,000","65,617,000","80,861,000","68,387,000","47,723,000","56,181,000","75,359,000","63,118,000","46,724,000","54,583,000","65,977,000","57,786,000","49,242,000","54,293,000","71,109,000","66,392,000","49,896,000","58,089,000","74,715,000","63,346,000","45,349,000","-64,601,000","107,624,000","92,142,000","38,493,000","43,184,000","61,146,000","44,295,000","31,532,000","50,285,000","68,726,000","55,769,000","43,408,000","54,742,000","63,232,000","55,492,000","40,730,000","25,300,000","44,512,000","40,349,000","25,358,000","22,407,000","44,895,000","36,934,000","25,814,000","98,290,000","9,336,000","5,658,000","21,428,000",,,,"19,821,000",,,,,,,,,,,,,,,,,,,,,,,,,,,,,,,,,,,,,,,,,,,,,,,,,,,,,,,,,,,,,,,,,,,,,,,,,,,,,,
ReconciledDepreciation,"113,394,000","29,482,000","27,908,000","27,940,000","28,064,000","27,669,000","25,385,000","25,299,000","25,158,000","25,093,000","22,766,000","22,778,000","22,851,000","22,893,000","21,576,000","21,549,000","21,375,000","21,207,000","19,576,000","19,688,000","19,670,000","19,658,000","16,257,000","16,245,000","16,247,000","16,454,000","15,776,000","15,754,000","15,916,000","15,736,000","14,841,000","15,319,000","16,598,000","16,564,000","15,183,000","14,979,000","14,978,000","15,110,000","14,144,000","14,168,000","14,144,000","14,410,000","12,968,000","13,176,000","12,823,000","13,014,000","10,677,000","11,731,000","11,452,000","11,405,000","9,465,000","10,564,000","10,822,000","10,792,000","9,763,000","11,224,000","9,276,000","9,222,000","8,558,000","8,560,000","8,717,000","8,401,000","7,587,000","7,716,000","7,640,000","7,709,000","7,442,000","7,287,000","7,006,000","6,996,000","6,557,000","6,518,000","6,521,000","6,518,000","5,828,000","5,830,000","5,838,000","5,760,000","5,193,000","5,262,000","5,389,000","5,394,000","4,901,000","4,732,000","4,776,000","4,817,000","4,587,000","4,568,000","5,116,000","4,097,000",,,,,,,,,,,,,,,,,,,,,,,,,,,,,,,,,,,,,,,,,,,,,,,,,,,,,,,,,,
NetIncomeFromContinuingOperationNetMinorityInterest,"105,243,000","1,086,000","3,503,000","62,429,000","38,076,000","-3,032,000","15,497,000","96,360,000","5,281,000","-20,307,000","11,336,000","42,424,000","16,996,000","-7,640,000","20,715,000","34,392,000","13,022,000","-2,545,000","13,669,000","33,849,000","18,531,000","1,132,000","15,090,000","22,875,000","11,508,000","-798,000","8,477,000","25,120,000","9,845,000","1,575,000","11,394,000","33,650,000","17,170,000","-5,476,000","5,666,000","29,151,000","13,510,000","-1,073,000","5,006,000","29,772,000","12,965,000","1,085,000","1,868,000","20,935,000","12,190,000","2,719,000","4,871,000","20,386,000","10,381,000","2,018,000","6,451,000","19,592,000","12,090,000","2,421,000","7,318,000","22,186,000","10,116,000","185,000","8,042,000","13,809,000","7,727,000","1,581,000","6,419,000","12,619,000","5,710,000","832,000","5,837,000","13,115,000","7,591,000","680,000","3,737,000","10,789,000","10,054,000","1,446,000","7,013,000","8,587,000","4,585,000","-768,000","2,852,000","7,675,000","6,618,000","1,928,000","3,060,000","5,920,000","5,764,000","221,000","3,472,000","9,205,000","5,753,000","1,203,000","3,900,000","7,900,000","5,600,000","2,500,000","4,100,000","9,100,000","3,600,000","1,600,000","3,600,000","7,900,000","8,900,000","2,900,000","3,400,000","8,700,000","5,800,000","1,200,000","3,700,000","6,500,000","3,500,000","1,000,000","3,100,000","5,900,000","4,100,000","1,400,000","3,600,000","6,200,000","4,700,000","1,000,000","2,800,000","4,200,000","3,600,000","1,800,000","6,800,000","3,400,000","2,100,000","1,600,000","3,400,000","5,700,000","3,800,000","1,600,000","2,900,000","5,300,000","3,900,000",,,,,,,,,,,,,,,
TotalUnusualItemsExcludingGoodwill,"7,511,000","975,000","4,790,000","898,000","848,000","544,000","684,000","973,000","1,705,000","1,614,000","1,626,000","1,868,000","1,686,000","1,533,000","1,360,000","1,023,000","710,000","911,000","1,650,000","1,105,000","879,000","779,000","2,711,000","880,000","955,000","448,000","1,556,000","-640,000","-25,000","1,004,000","2,105,000",,"1,221,000","161,000","1,626,000","824,000","-25,000","1,105,000","-1,985,000","637,000","218,000","1,214,000","1,346,000","-1,810,000","180,000","543,000","1,285,000","995,000","1,000","-69,000","652,000","1,028,000","2,449,000","843,000","-604,000","-696,000","352,000","-131,000","176,000","1,282,000","1,374,000","1,291,000","1,086,000","307,000","907,000","528,000","2,264,000","1,447,000","766,000","636,000","603,000","656,000","573,000","551,000","3,373,000","647,000","1,517,000","1,258,000","1,980,000","596,000","2,536,000","505,000","3,221,000","420,000","1,809,000","393,000","103,000","358,000","623,000","299,000","300,000","300,000","900,000","1,000,000","200,000","300,000","200,000","-100,000","600,000","200,000",,"100,000","300,000","100,000","-100,000",,"700,000","200,000","-100,000",,"8,800,000","-2,900,000","-2,800,000","-100,000",,,,,,,,,,,,,,,,,,,,,,,,,,,,,,,,,,
TotalUnusualItems,"7,511,000","975,000","4,790,000","898,000","848,000","544,000","684,000","973,000","1,705,000","1,614,000","1,626,000","1,868,000","1,686,000","1,533,000","1,360,000","1,023,000","710,000","911,000","1,650,000","1,105,000","879,000","779,000","2,711,000","880,000","955,000","448,000","1,556,000","-640,000","-25,000","1,004,000","2,105,000",,"1,221,000","161,000","1,626,000","824,000","-25,000","1,105,000","-1,985,000","637,000","218,000","1,214,000","1,346,000","-1,810,000","180,000","543,000","1,285,000","995,000","1,000","-69,000","652,000","1,028,000","2,449,000","843,000","-604,000","-696,000","352,000","-131,000","176,000","1,282,000","1,374,000","1,291,000","1,086,000","307,000","907,000","528,000","2,264,000","1,447,000","766,000","636,000","603,000","656,000","573,000","551,000","3,373,000","647,000","1,517,000","1,258,000","1,980,000","596,000","2,536,000","505,000","3,221,000","420,000","1,809,000","393,000","103,000","358,000","623,000","299,000","300,000","300,000","900,000","1,000,000","200,000","300,000","200,000","-100,000","600,000","200,000",,"100,000","300,000","100,000","-100,000",,"700,000","200,000","-100,000",,"8,800,000","-2,900,000","-2,800,000","-100,000",,,,,,,,,,,,,,,,,,,,,,,,,,,,,,,,,,
NormalizedEBITDA,"257,936,000","39,428,000","37,295,000","102,684,000","78,529,000","34,278,000","52,611,000","145,226,000","40,657,000","8,176,000","46,110,000","84,449,000","54,223,000","21,801,000","52,311,000","76,190,000","47,045,000","25,467,000","44,532,000","79,198,000","56,689,000","28,232,000","45,915,000","60,427,000","42,606,000","22,247,000","35,814,000","62,608,000","37,486,000","24,850,000","37,658,000","74,983,000","48,301,000","14,038,000","27,937,000","62,772,000","45,284,000","20,839,000","49,886,000","50,529,000","33,766,000","19,803,000","19,208,000","45,064,000","32,198,000","22,419,000","21,303,000","36,601,000","27,735,000","19,232,000","20,609,000","33,630,000","33,566,000","18,299,000","26,141,000","52,192,000","29,848,000","14,358,000","22,512,000","33,239,000","23,524,000","12,895,000","18,719,000","32,275,000","19,931,000","12,503,000","18,602,000","30,911,000","22,641,000","11,280,000","15,697,000","27,410,000","26,875,000","12,316,000","14,546,000","23,289,000","15,183,000","6,479,000","10,084,000","21,229,000","15,725,000","11,449,000","7,353,000","17,744,000","14,808,000","8,357,000","12,392,000","22,853,000","16,857,000","8,890,000","13,500,000","19,300,000","14,200,000","9,100,000","12,600,000","21,000,000","12,200,000","8,900,000","10,700,000","18,900,000","21,000,000","10,700,000","10,500,000","20,600,000","16,100,000","7,900,000","10,800,000","16,300,000","11,600,000","7,200,000","1,600,000","18,500,000","15,100,000","7,900,000","35,900,000","47,400,000","40,500,000","27,800,000","33,200,000","42,800,000","37,000,000","26,900,000","37,800,000","35,300,000","29,400,000","24,800,000","30,400,000","37,800,000","31,700,000","24,400,000","27,600,000","36,000,000","30,900,000","23,000,000","25,800,000","33,900,000","30,000,000","24,100,000","24,700,000","35,000,000","31,500,000","21,600,000","25,800,000","34,300,000","28,000,000","21,400,000","24,600,000","33,000,000"
TaxRateForCalcs,"0.027","0.12","0.27","0.03","0.06","0.27","0.082","0.127","0.214","0.193","0.218","0.219","0.221","0.221","0.103","0.242","0.213","0.279","0.24","0.35","0.369","0.004","0.308","0.373","0.387","0.4","0.329","0.374","0.341","0.392","0.305","0.362","0.309","0.35","0.024","0.283","0.35","0.393","0.35","0.266","0.35","0.35","0.35","0.35","0.35","0.35","0.35","0.35","0.35","0.35","0.35","0.35","0.392","0.393","0.36","0.373","0.389","0.4","0.238","0.393","0.35","0.4","0.291","0.4","0.4","0.396","0.4","0.4","0.4","0.4","0.374","0.395","0.4","0.399","0.393","0.394","0.4","0.4","0.369","0.397","0.4","0.399","0.381","0.398","0.397","0.39","0.283","0.389","0.371","0.38","0.4","0.383","0.371","0.359","0.349","0.385","0.368","0.304","0.308","0.388","0.39","0.356","0.292","0.4","0.4","0.4","0.393","0.4","0.4","0.4","0.367","0.4","0.4","0.4","0.4","0.4","0.4","0.4","0.4","0.4","0.4","0.4","0.4","0.4","0.4","0.4","0.4","0.4","0.4","0.4","0.4","0.4","0.4",,,,,,,,,,,,,,,
TaxEffectOfUnusualItems,"204,082.441","117,000","1,293,300","26,656.565","51,049.6","146,880","55,817.708","123,809.445","365,701.324","311,502","354,629.052","408,229.296","371,779.857","338,251.454","139,834.553","247,172.176","151,352.266","254,574.462","396,033.026","386,234.002","324,640.37","3,425.682","0","0","0","0","0","0","0","0","0","0","0","0","0","0","0","0","-694,750","169,442","76,300","424,900","471,100","-633,500","63,000","190,050","449,750","348,250","350","-24,150","228,200","359,800","958,968.799","331,623.653","-217,630.07","-259,899.232","136,947.941","-52,400","41,966.667","504,079.448","480,900","516,400","316,400.309","122,800","362,800","209,207.547","905,600","578,800","306,400","254,400","225,480.985","259,252.2","229,200","219,574.875","1,327,263.686","255,029.561","606,800","503,200","731,225.122","236,441.754","1,014,400","201,401.621","1,226,613.112","167,188.612","717,616.705","153,074.586","29,173.41","139,269.746","230,864.442","113,493.553","120,000","114,843.75","333,707.865","358,974.359","69,841.27","115,540.541","73,684.211","-30,434.783","184,615.385","77,519.38","0","35,555.556","87,500","40,000","-40,000","0","275,409.836","80,000","-40,000","0","3,232,653.061","-1,160,000","-1,120,000","-40,000","0","0","0","0","0","0","0","0","0","0","0","0","0","0","0","0","0","0","0",,,,,,,,,,,,,,,