name,ttm,03/31/2022,12/31/2021,09/30/2021,06/30/2021,03/31/2021,12/31/2020,09/30/2020,06/30/2020,03/31/2020,12/31/2019,09/30/2019,06/30/2019,03/31/2019,12/31/2018,09/30/2018,06/30/2018,03/31/2018,12/31/2017,09/30/2017,06/30/2017,03/31/2017,12/31/2016,09/30/2016,06/30/2016,03/31/2016,12/31/2015,09/30/2015,06/30/2015,03/31/2015,12/31/2014,09/30/2014,06/30/2014,03/31/2014,12/31/2013,09/30/2013,06/30/2013,03/31/2013,12/31/2012,09/30/2012,06/30/2012,03/31/2012,12/31/2011,09/30/2011,06/30/2011,03/31/2011,12/31/2010,09/30/2010,06/30/2010,03/31/2010,12/31/2009,09/30/2009,06/30/2009,03/31/2009,12/31/2008,09/30/2008,06/30/2008,03/31/2008,12/31/2007,09/30/2007,06/30/2007,03/31/2007,12/31/2006,09/30/2006,06/30/2006,03/31/2006,12/31/2005,09/30/2005,06/30/2005,03/31/2005,12/31/2004,09/30/2004,06/30/2004,03/31/2004,12/31/2003,09/30/2003,06/30/2003,03/31/2003,12/31/2002,09/30/2002,06/30/2002,03/31/2002,12/31/2001,09/30/2001,06/30/2001,03/31/2001,12/31/2000,09/30/2000,06/30/2000,03/31/2000,12/31/1999,09/30/1999,06/30/1999,03/31/1999,12/31/1998,09/30/1998,06/30/1998,03/31/1998,12/31/1997,09/30/1997,06/30/1997,03/31/1997,12/31/1996,09/30/1996,06/30/1996,03/31/1996,12/31/1995,09/30/1995,06/30/1995,03/31/1995,12/31/1994,09/30/1994,06/30/1994,03/31/1994,12/31/1993,09/30/1993,06/30/1993,03/31/1993,12/31/1992,09/30/1992,06/30/1992,03/31/1992,12/31/1991,09/30/1991,06/30/1991,03/31/1991,12/31/1990,09/30/1990,06/30/1990,03/31/1990,12/31/1989,09/30/1989,06/30/1989,03/31/1989,12/31/1988,09/30/1988,06/30/1988,03/31/1988,12/31/1987,09/30/1987,06/30/1987,03/31/1987,12/31/1986,09/30/1986,06/30/1986,03/31/1986
TotalRevenue,"1,860,886,000","452,988,000","472,133,000","471,194,000","464,571,000","454,718,000","473,477,000","468,266,000","472,641,000","491,101,000","497,809,000","508,522,000","490,294,000","484,064,000","482,193,000","462,728,000","449,929,000","440,916,000","440,576,000","442,845,000","436,393,000","445,684,000","464,134,000","474,935,000","463,331,000","447,385,000","447,835,000","459,957,000","459,295,000","426,000,000","423,477,000","408,474,000","410,694,000","404,222,000","431,103,000","421,466,000","433,981,000","425,724,000","436,861,000","444,853,000","442,866,000","435,305,000","439,693,000","435,043,000","432,803,000","428,074,000","432,200,000","427,150,000","419,382,000","414,947,000","427,098,000","426,018,000","412,693,000","404,154,000","401,759,000","411,885,000","399,616,000","388,360,000","385,232,000","379,920,000","362,770,000","350,915,000","349,587,000","339,267,000","326,220,000","316,014,000","317,197,000","304,367,000","295,827,000","285,930,000","287,645,000","292,456,000","289,379,000","278,778,000","268,860,000","263,431,000","254,142,000","250,304,000","248,357,000","245,769,000","243,304,000","241,186,000","246,496,000","248,188,000","245,725,000","240,382,000","229,801,000","45,183,000","20,369,000","23,461,000","42,800,000","81,900,000","79,700,000","79,600,000","21,300,000","18,700,000","16,800,000","13,900,000","136,300,000","127,100,000","107,000,000","91,800,000","86,600,000","75,200,000","67,500,000","63,300,000","62,300,000","56,700,000","47,900,000","34,600,000","39,000,000","28,800,000","27,300,000","25,600,000","25,800,000","25,300,000","24,900,000","24,400,000","25,700,000","24,200,000","22,300,000","18,100,000","17,300,000","16,900,000","17,100,000","16,500,000","15,500,000","14,400,000","13,900,000","11,700,000","11,700,000","9,900,000","8,100,000","7,100,000","8,300,000","6,200,000","5,400,000","4,800,000","4,500,000","4,300,000","4,100,000","4,000,000","4,100,000","4,000,000","3,100,000","2,700,000"
	OperatingRevenue,"1,860,886,000","452,988,000","472,133,000","471,194,000","464,571,000","454,718,000","473,477,000","468,266,000","472,641,000","491,101,000","497,809,000","508,522,000","490,294,000","484,064,000","482,193,000","462,728,000","449,929,000","440,916,000","440,576,000","442,845,000","436,393,000","445,684,000","464,134,000","474,935,000","463,331,000","447,385,000","447,835,000","459,957,000","459,295,000","426,000,000","423,477,000","408,474,000","410,694,000","404,222,000","431,103,000","421,466,000","433,981,000","425,724,000","436,861,000","444,853,000","442,866,000","435,305,000","439,693,000","435,043,000","432,803,000","428,074,000","432,200,000","427,150,000","419,382,000","414,947,000","427,098,000","426,018,000","412,693,000","404,154,000","401,759,000","411,885,000","399,616,000","388,360,000","385,232,000","379,920,000","362,770,000","350,915,000","349,587,000","339,267,000","326,220,000","316,014,000","317,197,000","304,367,000","295,827,000","285,930,000","287,645,000","292,456,000","289,379,000","278,778,000","268,860,000","263,431,000","254,142,000","250,304,000","248,357,000","245,769,000","243,304,000","241,186,000","246,496,000","248,188,000","245,725,000","240,382,000","229,801,000","45,183,000","20,369,000","23,461,000","42,800,000","81,900,000","79,700,000","79,600,000","21,300,000","18,700,000","16,800,000","13,900,000","136,300,000","127,100,000","107,000,000","91,800,000","86,600,000","75,200,000","67,500,000","63,300,000","62,300,000","56,700,000","47,900,000","34,600,000","39,000,000","28,800,000","27,300,000","25,600,000","25,800,000","25,300,000","24,900,000","24,400,000","25,700,000","24,200,000","22,300,000","18,100,000","17,300,000","16,900,000","17,100,000","16,500,000","15,500,000","14,400,000","13,900,000","11,700,000","11,700,000","9,900,000","8,100,000","7,100,000","8,300,000","6,200,000","5,400,000","4,800,000","4,500,000","4,300,000","4,100,000","4,000,000","4,100,000","4,000,000","3,100,000","2,700,000"
CostOfRevenue,"1,348,810,000","344,629,000","332,919,000","338,192,000","333,070,000","332,884,000","343,207,000","347,927,000","352,927,000","362,315,000","362,523,000","368,735,000","345,679,000","345,832,000","341,801,000","333,759,000","320,539,000","319,151,000","309,472,000","316,865,000","307,897,000","315,303,000","318,873,000","326,349,000","316,446,000","313,918,000","310,931,000","326,500,000","318,035,000","300,662,000","298,433,000","282,712,000","287,610,000","287,380,000","316,639,000","301,489,000","314,277,000","307,530,000","305,728,000","314,338,000","316,584,000","315,534,000","305,582,000","304,664,000","297,049,000","296,105,000","295,711,000","292,160,000","294,023,000","297,419,000","295,151,000","299,441,000","289,283,000","284,797,000","273,782,000","292,599,000","283,201,000","277,294,000","274,735,000","274,946,000","259,239,000","249,130,000","249,924,000","249,121,000","238,814,000","236,034,000","234,440,000","226,006,000","228,569,000","220,582,000","214,644,000","223,076,000","220,368,000",,"199,856,000","199,654,000","190,294,000",,"189,677,000","189,057,000","188,118,000","188,922,000",,,,,,,,,,,,,,,,,"87,300,000","99,900,000","78,900,000","63,900,000","61,800,000","54,900,000","49,300,000","47,200,000","48,800,000","42,700,000","36,200,000","25,200,000","28,600,000","22,400,000","21,600,000","20,200,000","20,600,000","19,900,000","19,400,000","19,200,000","19,900,000","18,400,000","16,600,000","14,100,000","14,200,000","13,500,000","13,700,000","13,200,000","12,800,000","11,600,000","11,300,000","9,200,000","8,900,000","7,200,000",,,,,,,,,,,,,,
GrossProfit,"512,076,000","108,359,000","139,214,000","133,002,000","131,501,000","121,834,000","130,270,000","120,339,000","119,714,000","128,786,000","135,286,000","139,787,000","144,615,000","138,232,000","140,392,000","128,969,000","129,390,000","121,765,000","131,104,000","125,980,000","128,496,000","130,381,000","145,261,000","148,586,000","146,885,000","133,467,000","136,904,000","133,457,000","141,260,000","125,338,000","125,044,000","125,762,000","123,084,000","116,842,000","114,464,000","119,977,000","119,704,000","118,194,000","131,133,000","130,515,000","126,282,000","119,771,000","134,111,000","130,379,000","135,754,000","131,969,000","136,489,000","134,990,000","125,359,000","117,528,000","131,947,000","126,577,000","123,410,000","119,357,000","127,977,000","119,286,000","116,415,000","111,066,000","110,497,000","104,974,000","103,531,000","101,785,000","99,663,000","90,146,000","87,406,000","79,980,000","82,757,000","78,361,000","67,258,000","65,348,000","73,001,000","69,380,000","69,011,000",,"69,004,000","63,777,000","63,848,000",,"58,680,000","56,712,000","55,186,000","52,264,000",,,,,,,,,,,,,,,,,"49,000,000","27,200,000","28,100,000","27,900,000","24,800,000","20,300,000","18,200,000","16,100,000","13,500,000","14,000,000","11,700,000","9,400,000","10,400,000","6,400,000","5,700,000","5,400,000","5,200,000","5,400,000","5,500,000","5,200,000","5,800,000","5,800,000","5,700,000","4,000,000","3,100,000","3,400,000","3,400,000","3,300,000","2,700,000","2,800,000","2,600,000","2,500,000","2,800,000","2,700,000",,,,,,,,,,,,,,
OperatingExpense,"271,395,000","63,129,000","72,363,000","68,591,000","67,312,000","62,242,000","63,456,000","73,748,000","68,764,000","69,231,000","69,035,000","68,692,000","68,955,000","64,968,000","69,658,000","64,550,000","66,098,000","63,060,000","65,841,000","64,810,000","63,217,000","61,083,000","64,902,000","70,623,000","69,709,000","68,539,000","70,365,000","68,021,000","61,507,000","55,557,000","55,355,000","55,912,000","55,311,000","53,776,000","52,917,000","51,721,000","53,457,000","58,862,000","50,617,000","50,627,000","51,397,000","50,227,000","53,039,000","49,644,000","48,973,000","48,502,000","49,397,000","49,801,000","47,032,000","43,812,000","47,197,000","47,236,000","48,488,000","44,415,000","43,743,000","44,430,000","41,979,000","40,965,000","42,718,000","38,436,000","37,745,000","35,588,000","34,982,000","33,917,000","32,287,000","30,080,000","32,326,000","29,667,000","28,390,000","26,738,000","27,284,000","26,336,000","25,238,000","236,323,000","24,932,000","13,976,000","23,046,000","207,957,000","26,798,000","21,541,000","21,276,000","19,649,000","200,803,000","217,898,000","211,128,000","212,395,000","145,458,000","75,589,000","57,851,000","19,467,000","21,400,000","22,200,000","12,200,000","10,800,000","5,300,000","5,300,000","5,200,000","4,500,000","26,300,000","7,300,000","8,100,000","7,500,000","7,900,000","6,000,000","5,700,000","5,200,000","3,700,000","6,400,000","6,100,000","4,200,000","5,100,000","3,700,000","3,500,000","3,200,000","3,200,000","3,400,000","3,300,000","3,200,000","4,000,000","3,800,000","3,800,000","2,700,000","4,200,000","2,400,000","2,400,000","2,500,000","2,300,000","2,400,000","2,300,000","2,000,000","1,800,000","1,800,000",,,,,,,,,,,,,,
	SellingGeneralAndAdministration,"137,341,000","31,101,000","38,412,000","34,600,000","33,228,000","29,530,000","27,031,000","35,883,000","30,145,000","31,279,000","32,231,000","32,038,000","33,364,000","29,445,000","29,271,000","25,085,000","27,538,000","24,971,000","28,276,000","28,303,000","26,417,000","24,826,000","25,484,000","27,699,000","27,364,000","26,480,000","27,166,000","26,791,000","23,107,000","26,872,000","26,843,000","27,635,000","26,559,000","25,392,000","23,428,000","23,570,000","25,360,000","31,232,000","21,985,000","22,015,000","23,095,000","21,840,000","24,991,000","23,007,000","21,782,000","21,447,000","22,061,000","23,606,000","19,867,000","18,614,000","21,522,000","21,704,000","23,540,000","19,771,000","20,086,000","20,866,000","19,803,000","19,553,000","19,902,000","18,362,000","18,817,000","17,318,000","16,876,000","16,379,000","15,961,000","14,377,000","16,576,000","14,352,000","13,587,000","12,538,000","12,836,000","12,328,000","12,053,000","223,453,000","11,101,000","9,819,000","10,010,000","195,044,000","13,245,000","8,127,000","8,344,000","7,191,000",,,,,,,,,,,,,,,,,,"4,300,000","4,100,000","3,600,000","3,600,000","3,500,000","3,400,000","2,900,000","1,700,000","4,800,000","4,500,000","2,900,000","3,600,000","2,400,000","2,200,000","1,900,000","1,800,000","2,100,000","2,000,000","2,000,000","2,100,000","2,000,000","1,800,000","1,700,000","2,900,000","1,500,000","1,500,000","1,600,000","1,500,000","1,600,000","1,500,000","1,400,000","1,200,000","1,300,000",,,,,,,,,,,,,,
		GeneralAndAdministrativeExpense,"137,341,000","31,101,000","38,412,000","34,600,000","33,228,000","29,530,000","27,031,000","35,883,000","30,145,000","31,279,000","32,231,000","32,038,000","33,364,000","29,445,000","29,271,000","25,085,000","27,538,000","24,971,000","28,276,000","28,303,000","26,417,000","24,826,000","25,484,000","27,699,000","27,364,000","26,480,000","27,166,000","26,791,000","23,107,000","26,872,000","26,843,000","27,635,000","26,559,000","25,392,000","23,428,000","23,570,000","25,360,000","31,232,000","21,985,000",,,,,,,,,,,,,,,,,,,,,,,,,,,,,,,,,,,,,,,,,,,,,,,,,,,,,,,,,,,,,,,,,,,,,,,,,,,,,,,,,,,,,,,,,,,,,,,,,,,,,,,,,,,
			OtherGandA,"137,341,000","31,101,000","38,412,000","34,600,000","33,228,000","29,530,000","27,031,000","35,883,000","30,145,000","31,279,000","32,231,000","32,038,000","33,364,000","29,445,000","29,271,000","25,085,000","27,538,000","24,971,000","28,276,000","28,303,000","26,417,000","24,826,000","25,484,000","27,699,000","27,364,000","26,480,000","27,166,000","26,791,000","23,107,000","26,872,000","26,843,000","27,635,000","26,559,000","25,392,000","23,428,000","23,570,000","25,360,000","31,232,000","21,985,000",,,,,,,,,,,,,,,,,,,,,,,,,,,,,,,,,,,,,,,,,,,,,,,,,,,,,,,,,,,,,,,,,,,,,,,,,,,,,,,,,,,,,,,,,,,,,,,,,,,,,,,,,,,
	DepreciationAmortizationDepletionIncomeStatement,"134,054,000","32,028,000","33,951,000","33,991,000","34,084,000","32,712,000","36,425,000","37,865,000","38,619,000","37,952,000","36,804,000","36,654,000","35,591,000","35,523,000","40,387,000","39,465,000","38,560,000","38,089,000","37,565,000","36,507,000","36,800,000","36,257,000","39,418,000","42,924,000","42,345,000","42,059,000","43,199,000","41,230,000","38,400,000","28,685,000","28,512,000","28,277,000","28,752,000","28,384,000","29,489,000","28,151,000","28,097,000","27,630,000","28,632,000","28,612,000","28,302,000","28,387,000","28,048,000","26,637,000","27,191,000","27,055,000","27,336,000","26,195,000","27,165,000","25,198,000","25,675,000","25,532,000","24,948,000","24,644,000","23,657,000","23,564,000","22,176,000","21,412,000","21,242,000","20,074,000","18,928,000","18,270,000","18,106,000","17,538,000","16,326,000","15,703,000","15,750,000","15,315,000","14,803,000","14,200,000","14,448,000","14,008,000","13,185,000","12,870,000","13,831,000","13,157,000","13,036,000","12,913,000","13,553,000","13,414,000","12,932,000","12,458,000",,,,,,,,,,,,,,,,,"3,200,000","3,000,000","4,000,000","3,900,000","4,300,000","2,500,000","2,300,000","2,300,000","2,000,000","1,600,000","1,600,000","1,300,000","1,500,000","1,300,000","1,300,000","1,300,000","1,400,000","1,300,000","1,300,000","1,200,000","1,900,000","1,800,000","2,000,000","1,000,000","1,300,000","900,000","900,000","900,000","800,000","800,000","800,000","600,000","600,000","500,000",,,,,,,,,,,,,,
		DepreciationAndAmortizationInIncomeStatement,"134,054,000","32,028,000","33,951,000","33,991,000","34,084,000","32,712,000","36,425,000","37,865,000","38,619,000","37,952,000","36,804,000","36,654,000","35,591,000","35,523,000","40,387,000","39,465,000","38,560,000","38,089,000","37,565,000","36,507,000","36,800,000","36,257,000","39,418,000","42,924,000","42,345,000","42,059,000","43,199,000","41,230,000","38,400,000","28,685,000","28,512,000","28,277,000","28,752,000","28,384,000","29,489,000","28,151,000","28,097,000","27,630,000","28,632,000","28,612,000","28,302,000","28,387,000","28,048,000","26,637,000","27,191,000","27,055,000","27,336,000","26,195,000","27,165,000","25,198,000","25,675,000","25,532,000","24,948,000","24,644,000","23,657,000","23,564,000","22,176,000","21,412,000","21,242,000","20,074,000","18,928,000","18,270,000","18,106,000","17,538,000","16,326,000","15,703,000","15,750,000","15,315,000","14,803,000","14,200,000","14,448,000","14,008,000","13,185,000","12,870,000","13,831,000","13,157,000","13,036,000","12,913,000","13,553,000","13,414,000","12,932,000","12,458,000",,,,,,,,,,,,,,,,,"3,200,000","3,000,000","4,000,000","3,900,000","4,300,000","2,500,000","2,300,000","2,300,000","2,000,000","1,600,000","1,600,000","1,300,000","1,500,000","1,300,000","1,300,000","1,300,000","1,400,000","1,300,000","1,300,000","1,200,000","1,900,000","1,800,000","2,000,000","1,000,000","1,300,000","900,000","900,000","900,000","800,000","800,000","800,000","600,000","600,000","500,000",,,,,,,,,,,,,,
			DepreciationIncomeStatement,,,,,,,,,,,,,,,,,,,,,,,,,,,,,,,,,,,,,,,,,,,,,,,,,,,,,,,,,,,,,,,,,,,,,,,,,,,,,,,,,,,,,,,,,,,,,,,,,,,"3,200,000","3,000,000","4,000,000","3,900,000","4,300,000","2,500,000","2,300,000","2,300,000","2,000,000","1,600,000","1,600,000","1,300,000","1,500,000","1,300,000","1,300,000","1,300,000","1,400,000","1,300,000","1,300,000","1,200,000","1,900,000","1,800,000","2,000,000","1,000,000","1,300,000","900,000","900,000","900,000","800,000","800,000","800,000","600,000","600,000","500,000",,,,,,,,,,,,,,
	OtherOperatingExpenses,,,,,,,,,,,,,,,,,,,,,,,,,,,,,,,,,,,"510,000",,"1,763,000",,,,,,,,,,,,,,,,,,,,,,,,,,,,,,,,,,,,,,,"-9,000,000",,,,,,,,,,,,,,,,,,,,,,,,,,,,,,,,,,,,,,,,,,,,,,,,,,,,,,,,,,,,,,,,,,,,,,
OperatingIncome,"240,681,000","45,230,000","66,851,000","64,411,000","64,189,000","59,592,000","66,814,000","46,591,000","50,950,000","59,555,000","66,251,000","71,095,000","75,660,000","73,264,000","70,734,000","64,419,000","63,292,000","58,705,000","65,263,000","61,170,000","65,279,000","69,298,000","80,359,000","77,963,000","77,176,000","64,928,000","66,539,000","65,436,000","79,753,000","69,781,000","69,689,000","69,850,000","67,773,000","63,066,000","61,547,000","68,256,000","66,247,000","59,332,000","80,516,000","79,888,000","74,885,000","69,544,000","81,072,000","80,735,000","86,781,000","83,467,000","87,092,000","85,189,000","78,327,000","73,716,000","84,750,000","79,341,000","74,922,000","74,942,000","84,234,000","74,856,000","74,436,000","70,101,000","67,779,000","66,538,000","65,786,000","66,197,000","64,681,000","56,229,000","55,119,000","49,900,000","50,431,000","48,694,000","38,868,000","38,610,000","45,717,000","43,044,000","43,773,000","42,455,000","44,072,000","49,801,000","40,802,000","42,347,000","31,882,000","35,171,000","33,910,000","32,615,000","45,693,000","30,290,000","34,597,000","27,987,000","84,343,000","-30,406,000","-37,482,000","3,994,000","21,400,000","59,700,000","67,500,000","68,800,000","16,000,000","13,400,000","11,600,000","9,400,000","22,700,000","19,900,000","20,000,000","20,400,000","16,900,000","14,300,000","12,500,000","10,900,000","9,800,000","7,600,000","5,600,000","5,200,000","5,300,000","2,700,000","2,200,000","2,200,000","2,000,000","2,000,000","2,200,000","2,000,000","1,800,000","2,000,000","1,900,000","1,300,000","-1,100,000","1,000,000","1,000,000","800,000","400,000","400,000","300,000","500,000","1,000,000","900,000","8,100,000","7,100,000","-15,800,000","6,200,000","5,400,000","4,800,000","-14,100,000","4,300,000","4,100,000","4,000,000","-11,800,000","4,000,000","3,100,000","2,700,000"
NetNonOperatingInterestIncomeExpense,"-146,313,000","-22,920,000","-27,351,000","-20,653,000","-75,389,000","-18,428,000","-26,713,000","-20,193,000","-20,996,000","-22,538,000","-21,930,000","-20,975,000","-20,662,000","-21,436,000","-22,145,000","-20,534,000","-20,054,000","-19,036,000","-18,394,000","-17,029,000","-16,622,000","-16,490,000","-16,478,000","-16,937,000","-16,796,000","-17,544,000","-15,981,000","-12,465,000","-11,761,000","-10,190,000","-10,447,000","-10,376,000","-8,364,000","-10,348,000","-10,270,000","-10,378,000","-48,215,000","-12,791,000","-15,121,000","-13,722,000","-14,729,000","-16,890,000","-18,120,000","-18,058,000","-18,360,000","-18,402,000","-18,628,000","-17,925,000","-17,303,000","-17,271,000","-17,845,000","-18,339,000","-18,661,000","-17,935,000",,,,,,,,,,,,,,,,,,,,,,,,,,,,,,,,,,,,,,,,,,,,,,,,,,,,,,,,,,,,,,,,,,,,,,,,,,,,,,,,,,,,,,,,,,,,
	InterestIncomeNonOperating,,,,,,"2,500,000",,,,,,,,,,,,,,,,,,,,,,,,,,,,,,,,,,,,,,,,,"600,000","600,000","497,000","629,000","655,000","861,000","639,000","565,000",,,,,,,,,,,,,,,,,,,,,,,,,,,,,,,,,,,,,,,,,,,,,,,,,,,,,,,,,,,,,,,,,,,,,,,,,,,,,,,,,,,,,,,,,,,,
	InterestExpenseNonOperating,"90,034,000","22,920,000","23,239,000","20,653,000","23,222,000","20,928,000","19,572,000","20,193,000","20,996,000","22,538,000","21,328,000","20,975,000","20,662,000","21,436,000","22,145,000","20,534,000","19,038,000","19,036,000","18,394,000","17,029,000","16,622,000","16,490,000","16,478,000","16,937,000","16,796,000","17,544,000","15,981,000","11,764,000","11,761,000","10,190,000","10,447,000","10,376,000","8,364,000","10,348,000","10,270,000","10,378,000","11,912,000","12,566,000","13,022,000","13,722,000","14,729,000","16,890,000",,"18,058,000","18,360,000","18,402,000","19,228,000","18,525,000","17,800,000","17,900,000","18,500,000","19,200,000","19,300,000","18,500,000",,,,,,,,,,,,,,,,,,,,,,,,,,,,,,,,,,,,,,,,,,,,,,,,,,,,,,,,,,,,,,,,,,,,,,,,,,,,,,,,,,,,,,,,,,,,
	TotalOtherFinanceCost,,,"4,112,000",,"52,167,000",,"7,141,000",,,"22,538,000","21,930,000","20,975,000","20,662,000","21,436,000","0","20,534,000","1,016,000","19,036,000","18,394,000","17,029,000","16,622,000","16,490,000","16,478,000","16,937,000","16,796,000","17,544,000","0","701,000","11,761,000","10,190,000","10,447,000","10,376,000","8,364,000","10,348,000","0","10,378,000","36,303,000","225,000","103,000",,,,,"18,058,000",,,,"-17,925,000",,,,,,,,,,,,,,,,,,,,,,,,,,,,,,,,,,,,,,,,,,,,,,,,,,,,,,,,,,,,,,,,,,,,,,,,,,,,,,,,,,,,,,,,,,,,,,,,,,
OtherIncomeExpense,"29,385,000","3,303,000","-2,132,000","-5,128,000","33,342,000","-53,201,000","-65,673,000","688,000","-8,730,000","-3,000","-450,000","360,000","-4,448,000","-4,000","-6,202,000","-49,000","-1,613,000","43,000","-18,000","-290,000","60,000","-276,000","-386,000","-4,064,000","-132,000","83,000","-295,000","363,000","-36,000","-929,000","-27,783,000","143,000","-1,625,000","387,000","-5,548,000","-801,000","-2,601,000","-101,000","1,965,000","254,000","-328,000","-1,553,000","-42,000","-73,000","-118,000","-71,000","-115,000","131,000","-1,668,000","-72,000","-91,000","-49,000","-3,521,000","-26,000","-648,000","360,000","91,000","-93,000","-1,552,000","200,000","70,000","11,000","-189,000","299,000","102,000","-970,000","-23,000","-191,000","-395,000","-34,908,000","-449,000","-239,000","-285,000","-71,000","150,000","-2,409,000","-913,000","-201,000","-592,000","-609,000","329,000","3,436,000",,,,,"-572,243,000","-75,406,000",,,,,,,,,,,"10,500,000","1,600,000",,,,,,,,,,,,,,,,,,,,,,,,,,,,,,,,,,,,,,,,,,,,,,
	EarningsFromEquityInterest,,,,,,,,,,,,,,,,,,,,,,,,,,,,,,,,,,,,,,,,,,,,,,,,,,,,,,,,,,,,,,,,,,,,,,,"349,000","-150,000","-150,000","-150,000","75,000","88,000","46,000","-90,000","-90,000","-90,000","-90,000","117,000",,,,,,,,,,,,,,,,,,,,,,,,,,,,,,,,,,,,,,,,,,,,,,,,,,,,,,,,,,,,,,,,
	SpecialIncomeCharges,"28,407,000","2,261,000","-2,027,000","-5,177,000","33,350,000","-53,053,000","-60,565,000","-1,425,000","-11,717,000","-536,000","0","0","-4,706,000",,"-6,085,000","0","-1,580,000","0","0","-355,000","0","-259,000","0","-4,010,000","0","0","0","0","0","-955,000","-27,844,000","0","-2,238,000",,"-5,528,000","-985,000","-2,637,000",,,"254,000","-328,000","-1,553,000","-42,000","-73,000","-118,000","-71,000","-115,000","131,000","-1,668,000","-72,000","-91,000","-49,000","-3,521,000","-26,000","-648,000","360,000","91,000","-93,000","-1,552,000","200,000","70,000","11,000","-189,000","299,000","102,000","-970,000","-23,000","-191,000","-395,000","-34,908,000","-798,000","-89,000","-135,000","79,000","75,000","-2,497,000","-959,000","-111,000","-502,000","-519,000","419,000","3,319,000",,,,,"-572,243,000","-75,406,000",,,,,,,,,,,"10,500,000","1,600,000",,,,,,,,,,,,,,,,,,,,,,,,,,,,,,,,,,,,,,,,,,,,,,
		RestructuringAndMergernAcquisition,,,"0","0",,,"0","620,000",,,"0",,,,"6,085,000",,,,"0","0",,,"0","4,010,000",,,,,,,,,,,,,,,,,,,,,,,,,,,,,,,,,,,,,,,,,,,,,,,,,,,,,,,,,,,,,,,,,,,,,,,,,,,,,,,,,,,,,,,,,,,,,,,,,,,,,,,,,,,,,,,,,,,,,,,,,,
		ImpairmentOfCapitalAssets,"10,070,000","0","2,027,000","5,177,000","2,866,000","1,308,000","47,542,000","805,000","11,717,000","536,000","0","0","4,706,000",,"0","0","1,580,000","0","0","355,000","0","259,000","0",,"0","0","0","0","0","955,000","27,844,000","0","2,238,000",,"5,528,000","985,000","2,637,000",,,,,,,,,,,,"1,684,000",,,,,,,,,,,,,,,,,,,,,,,,,,,,,,,,,,,,,,,,,,,,,,,,,,,,,,,,,,,,,,,,,,,,,,,,,,,,,,,,,,,,,,,,,,,,,,,,,
		WriteOff,"4,706,000",,,,,,,,,"536,000","0","0","4,706,000",,"0","0","1,580,000","0","0","355,000","0","259,000","0",,"0","0","0","0","0","955,000","27,844,000","0","2,238,000",,"5,528,000","985,000","2,637,000",,,,,,,,,,,,,,,,,,,,,,,,,,,,,,,,,,,,,,,,,,,,,,,,,,,,,,,,,,,,,,,,,,,,,,,,,,,,,,,,,,,,,,,,,,,,,,,,,,,,,,,,,,,,,
		OtherSpecialCharges,,,"0",,"2,550,000","51,745,000",,,,,,,,,,,,,,,,,,,,,,,,,,,,,,,,,,,,,,,,,,,"-16,000",,,,,,,,,,,,,,,,,,,,,,,,,,,,,,,,,,,,,,,,,,,,,,,,,,,,,,,,,,,,,,,,,,,,,,,,,,,,,,,,,,,,,,,,,,,,,,,,,
		GainOnSaleOfPPE,"41,027,000","2,261,000","0","0","38,766,000",,"-17,943,000",,,,,,,,,,,,,,,,,,,,,,,,,,,,,,,,,,,,,,,,,,,,,,,,,,,,,,,,,,,,,,,,,,,,,,,,,,,,,,,,,,,,,,,,,,,,,,,,,,,,,,,,,,,,,,,,,,,,,,,,,,,,,,,,,,,,,,,,,,,
	OtherNonOperatingIncomeExpenses,"978,000","1,042,000","-105,000","49,000","-8,000","-148,000","-5,108,000","2,113,000","2,987,000","533,000","-450,000","360,000","258,000","-4,000","-117,000","-49,000","-33,000","43,000","-18,000","65,000","60,000","-17,000","-386,000","-54,000","-132,000","83,000","-295,000","363,000","-36,000","26,000","61,000","143,000","613,000","387,000","-20,000","184,000","36,000","-101,000","-31,000",,,,,,,,,,,,,,,,,,,,,,,,,,,,,,,,,,,,,,,,,,,,,,,,,,,,,,,,,,,,,,,,,,,,,,,,,,,,,,,,,,,,,,,,,,,,,,,,,,,,,,,,,,,
PretaxIncome,"123,753,000","25,613,000","37,368,000","38,630,000","22,142,000","-12,037,000","-25,600,000","27,086,000","21,224,000","37,014,000","43,871,000","50,480,000","50,550,000","51,824,000","42,387,000","43,836,000","41,625,000","39,712,000","46,851,000","43,851,000","48,717,000","52,532,000","63,495,000","56,962,000","60,248,000","47,467,000","50,263,000","53,334,000","67,956,000","58,662,000","31,459,000","59,617,000","57,784,000","53,105,000","45,729,000","57,077,000","15,431,000","46,440,000","67,360,000","66,420,000","59,828,000","51,101,000","62,910,000","62,604,000","68,303,000","64,994,000","68,349,000","67,395,000","59,356,000","56,373,000","66,814,000","60,953,000","52,740,000","56,981,000","66,853,000","60,129,000","60,593,000","56,358,000","54,863,000","53,489,000","52,201,000","52,274,000","50,212,000","41,703,000","40,669,000","33,804,000","34,725,000","33,230,000","22,929,000","-13,726,000","27,900,000","28,974,000","26,151,000","27,743,000","26,235,000","19,314,000","20,230,000","24,424,000","13,189,000","16,603,000","11,770,000","7,291,000","30,708,000","653,000","1,551,000","-6,082,000","-537,637,000","-141,235,000",,,,,,"60,600,000",,,,,"26,500,000","21,600,000","19,100,000","19,900,000","16,000,000","13,500,000","11,300,000","9,500,000","8,500,000","6,400,000","4,800,000","4,400,000","4,400,000","2,100,000","1,400,000","1,300,000","1,000,000",,,,,,,,,,,,,,,,,,,,,,,,,,,,,,,
TaxProvision,"31,078,000","6,610,000","9,331,000","8,618,000","6,519,000","113,531,000","1,203,000","369,000","-962,000","3,776,000","1,897,000","1,486,000","1,972,000","2,484,000","1,148,000","2,842,000","2,428,000","1,935,000","5,511,000","2,673,000","3,242,000","2,485,000","2,806,000","1,622,000","2,665,000","1,160,000","1,665,000","2,658,000","2,653,000","1,385,000","1,453,000","2,071,000","2,052,000","1,367,000","-1,742,000","4,571,000","-4,998,000","-134,652,000","21,952,000","24,081,000","22,494,000","19,059,000","22,388,000","23,364,000","25,885,000","24,664,000","24,644,000","25,284,000","22,738,000","21,467,000","24,323,000","15,701,000","20,126,000","21,595,000","25,362,000","22,038,000","23,066,000","21,601,000","20,775,000","20,234,000","19,599,000","19,704,000","18,060,000","15,573,000","15,041,000","12,475,000","11,071,000","12,437,000","8,066,000","-4,787,000","12,445,000","8,966,000","10,818,000","9,897,000","-52,459,000","277,000",,"-170,000","-30,021,000","-375,000","571,000","-31,733,000","-343,000","1,217,000","1,037,000","-775,000","-157,890,000","109,888,000",,,,,,"83,200,000",,,,,"9,800,000","7,900,000","7,500,000","7,900,000","6,300,000","5,000,000","4,300,000","3,800,000","3,400,000","2,300,000","1,900,000","1,700,000","1,700,000","100,000","100,000","100,000","0",,,,,,,,,,,,,,,,,,,,,,,,,,,,,,,
NetIncomeCommonStockholders,"92,675,000","19,003,000","28,037,000","30,012,000","15,623,000","-125,568,000","-26,803,000","26,717,000","22,186,000","32,057,000","41,974,000","48,994,000","48,578,000","49,340,000","41,239,000","40,994,000","39,197,000","37,777,000","41,340,000","41,178,000","45,475,000","50,047,000","60,689,000","55,340,000","57,583,000","46,307,000","48,598,000","50,676,000","65,303,000","57,277,000","30,006,000","57,546,000","55,732,000","51,738,000","47,471,000","51,843,000","20,429,000","181,092,000","45,408,000","42,339,000","37,334,000","31,680,000","40,522,000","39,240,000","42,418,000","40,330,000","43,705,000","41,964,000","36,618,000","34,906,000","42,491,000","45,252,000","32,614,000","34,597,000","40,525,000","37,891,000","37,527,000","34,998,000","34,946,000","33,255,000","32,602,000","32,570,000","32,152,000","26,130,000","25,628,000","21,329,000","23,425,000","20,793,000","14,863,000","-8,939,000","14,927,000","17,008,000","14,776,000","14,370,000","78,758,000","18,201,000","8,005,000","17,422,000","37,876,000","10,973,000","-31,395,000","-46,329,000","25,942,000","-5,678,000","-4,466,000","-10,128,000","-386,389,000","-253,708,000","-74,262,000","-29,950,000","-141,500,000","45,900,000","58,200,000","-24,800,000","-1,400,000","8,400,000","7,200,000","7,300,000","16,700,000","13,700,000","11,600,000","12,000,000","9,700,000","8,500,000","7,000,000","5,700,000","5,100,000","4,100,000","2,900,000","2,700,000","2,700,000","2,000,000","1,200,000","1,100,000","900,000","900,000","900,000","800,000","500,000","800,000","700,000","400,000",,,"100,000","-100,000","-300,000","200,000",,"300,000","500,000","600,000","400,000","100,000","400,000","100,000","-200,000","-400,000","-600,000","-600,000","-300,000","-400,000","-800,000","-700,000","-500,000","-500,000"
	NetIncome,"92,675,000","19,003,000","28,037,000","30,012,000","15,623,000","-125,568,000","-26,803,000","26,717,000","22,186,000","32,057,000","41,974,000","48,994,000","48,578,000","49,340,000","41,239,000","40,994,000","39,197,000","37,777,000","41,340,000","41,178,000","45,475,000","50,047,000","60,689,000","55,340,000","57,583,000","46,307,000","48,598,000","50,676,000","65,303,000","57,277,000","30,006,000","57,546,000","55,732,000","51,738,000","47,471,000","51,843,000","20,429,000","181,092,000","45,408,000","42,339,000","37,334,000","31,680,000","40,522,000","39,240,000","42,418,000","40,330,000","43,705,000","41,964,000","36,618,000","34,906,000","42,491,000","45,252,000","32,614,000","34,597,000","40,525,000","37,891,000","37,527,000","34,998,000","34,946,000","33,255,000","32,602,000","32,570,000","32,152,000","26,130,000","25,628,000","21,329,000","23,425,000","20,793,000","14,863,000","-8,939,000","14,927,000","17,008,000","15,424,000","15,184,000","79,614,000","19,037,000","16,095,000","22,902,000","43,261,000","16,265,000","-26,190,000","-41,252,000","31,051,000","-564,000","514,000","-5,307,000","-379,747,000","-251,123,000","-72,112,000","-27,800,000","-139,400,000","48,100,000","60,400,000","-22,600,000","800,000","10,600,000","9,400,000","8,700,000","16,700,000","13,700,000","11,600,000","12,000,000","9,700,000","8,500,000","7,000,000","5,700,000","5,100,000","4,100,000","2,900,000","2,700,000","2,700,000","2,000,000","1,300,000","1,200,000","1,000,000","1,000,000","1,000,000","900,000","600,000","800,000","700,000","400,000",,,"100,000","-100,000","-300,000","200,000",,"300,000","500,000","600,000","400,000","100,000","400,000","100,000","-200,000","-400,000","-600,000","-600,000","-300,000","-400,000","-800,000","-700,000","-500,000","-500,000"
		NetIncomeIncludingNoncontrollingInterests,"92,675,000","19,003,000","28,037,000","30,012,000","15,623,000","-125,568,000","-26,803,000","26,717,000","22,186,000","33,238,000","41,974,000","48,994,000","48,578,000","49,340,000","41,239,000","40,994,000","39,197,000","37,777,000","41,340,000","41,178,000","45,475,000","50,047,000","60,689,000","55,340,000","57,583,000","46,307,000","48,598,000","50,676,000","65,303,000","57,277,000","30,006,000","57,546,000","55,732,000","51,738,000","47,471,000","51,843,000","20,429,000","181,092,000","45,408,000","42,339,000","37,334,000","31,680,000","40,522,000","39,240,000","42,418,000","40,330,000","43,705,000","41,964,000","36,618,000","34,906,000","42,491,000","45,252,000","32,614,000","34,597,000","40,525,000","37,891,000","37,527,000","34,998,000","34,946,000","33,255,000","32,602,000","32,570,000","32,152,000","26,130,000","25,628,000","21,329,000","23,425,000","20,793,000","14,863,000","-8,939,000","14,927,000","17,008,000","15,424,000","15,184,000","79,614,000","19,037,000","16,095,000","22,902,000","43,261,000","16,265,000","-26,190,000","-41,252,000","31,051,000","-564,000","514,000","-5,307,000","-379,554,000","-251,441,000","-72,112,000","-27,800,000","-139,400,000","48,100,000","60,400,000","-22,600,000","800,000","10,600,000","9,400,000","8,700,000","16,700,000","13,700,000","11,600,000","12,000,000","9,700,000","8,500,000","7,000,000","5,700,000","5,100,000","4,100,000","2,900,000","2,700,000","2,700,000","2,000,000","1,300,000","1,200,000","1,000,000","1,000,000","1,000,000","900,000","600,000","800,000","700,000","400,000",,,"100,000","-100,000","-300,000","200,000",,"300,000","500,000","600,000","400,000","100,000","400,000","100,000","-200,000","-400,000","-600,000","-600,000","-300,000","-400,000","-800,000","-700,000","-500,000","-500,000"
			NetIncomeContinuousOperations,"92,675,000","19,003,000","28,037,000","30,012,000","15,623,000","-125,568,000","-26,803,000","26,717,000","22,186,000","33,238,000","41,974,000","48,994,000","48,578,000","49,340,000","41,239,000","40,994,000","39,197,000","37,777,000","41,340,000","41,178,000","45,475,000","50,047,000","60,689,000","55,340,000","57,583,000","46,307,000","48,598,000","50,676,000","65,303,000","57,277,000","30,006,000","57,546,000","55,732,000","51,738,000","47,471,000","52,506,000","20,429,000","181,092,000","45,408,000","42,339,000","37,334,000","32,042,000","40,522,000","39,240,000","42,418,000","40,330,000","43,705,000","42,111,000","36,618,000","34,906,000","42,491,000","45,252,000","32,614,000","35,386,000","41,491,000","38,091,000","37,527,000","34,757,000","34,088,000","33,255,000","32,602,000","32,570,000","32,152,000","26,130,000","25,628,000","21,329,000","23,654,000","20,793,000","14,863,000","-8,939,000","15,455,000","17,008,000","15,333,000","14,846,000","78,694,000","19,037,000","20,230,000","24,594,000","43,210,000","16,978,000","11,199,000","39,024,000","31,051,000","-564,000","514,000","-5,307,000","-379,747,000","-251,123,000","-72,112,000","-27,800,000","-139,400,000","48,100,000","60,400,000","-22,600,000","800,000","10,600,000","9,400,000","8,700,000","16,700,000","13,700,000","11,600,000","12,000,000","9,700,000","8,500,000","7,000,000","5,700,000","5,100,000","4,100,000","2,900,000","2,700,000","2,700,000","2,000,000","1,300,000","1,200,000","1,000,000","1,000,000","1,000,000","900,000","600,000","800,000","700,000","400,000",,,"100,000","-100,000","-300,000","200,000",,"300,000","500,000","600,000","400,000","100,000","400,000","100,000","-200,000","-400,000","-600,000","-600,000","-300,000","-400,000","-800,000","-700,000","-500,000","-500,000"
			NetIncomeDiscontinuousOperations,,,,,,,,,,,,,,,,,,,,,,,,,,,,,,,"0","0","0","0","0","-663,000","0","0","0","0","0","-362,000","0","0","0","0","0","-147,000","0","0","0","0","0","-789,000","-966,000","-200,000",,"241,000",,,,,,,,,"-229,000",,,,"-528,000",,"91,000","338,000","920,000",,,"-1,692,000","51,000","-713,000","-719,000",,,,,,,,,,,,,,,,,,,,,,,,,,,,,,,,,,,,,,,,,,,,,,,,,,,,,,,,,,,,,,,,,
			NetIncomeExtraordinary,,,,,,,,,,,,,,,,,,,,,,,,,,,,,,,,,,,,,,,,,,,,,,,,,,,,,,,,,,,,,,,,,,,,,,,,,,,,,"-4,135,000",,"0",,"-36,670,000","-80,276,000",,,,,,,,,,,,,,,,,,,,,,,,,,,,,,,,,,,,,,,,,,,,,,,,,,,,,,,,,,,,,,,,
		MinorityInterests,,,,,,"0",,,"0","-1,181,000",,,,,,,,,,,,,,,,,,,,,,,,,,,,,,,,,,,,,,,,,,,,,,,,,,,,,,,,,,,,,,,,,,,,,,,,,,,,,"-193,000","318,000",,,,,,,,,,,,,,,,,,,,,,,,,,,,,,,,,,,,,,,,,,,,,,,,,,,,,,,,,,
	PreferredStockDividends,,,,,,,,,,,,,,,,,,,,,,,,,,,,,,,,,,,,,,,,,,,,,,,,,,,,,,,,,,,,,,,,,,,,,,,"0",,"648,000","814,000","856,000","836,000","8,090,000","5,480,000","5,385,000","5,292,000","5,205,000","5,077,000","5,109,000","5,114,000","4,980,000","4,821,000","6,642,000","2,585,000","2,150,000","2,150,000","2,100,000","2,200,000","2,200,000","2,200,000","2,200,000","2,200,000","2,200,000","1,400,000",,,,,,,,,,,,,"0",,"100,000","100,000","100,000","100,000","100,000","100,000",,,,,,,,,,,,,,,,,,,,,,,,,,,,
	OtherunderPreferredStockDividend,,,,,,,,,,"-1,181,000",,,,,,,,,"-5,554,000",,,,"-16,000","-1,905,000",,,"-1,967,000",,,,"-27,727,000",,,,"-4,305,000",,"-36,644,000",,"1,358,000",,,,,,,,,,,,,,,,,,,,,,,,,,,,,,,,,,,,,,,,,,,,,,,,,,,,,,,,,,,,,,,,,,,,,,,,,,,,,,,,,,,,,,,,,,,,,,,,,,,,,,,,,,,
AverageDilutionEarnings,,,"0","0","0","0","0","0","0","1,181,000",,,,,,,,,,,,,,,,,,,,,,,,,,,,,,,,,,,,,,,,,,,,,,,,,,,,,,,,,,,,,,,,,,,,,,,,,,,,,,,,,,,,,,,,,,,,,,,,,,,,,,,,,,,,,,,,,,,,,,,,,,,,,,,,,,,,,,,,
DilutedNIAvailtoComStockholders,"92,675,000","19,003,000","28,037,000","30,012,000","15,623,000","-125,568,000","-26,803,000","26,717,000","22,186,000","33,238,000","41,974,000","48,994,000","48,578,000","49,340,000","41,239,000","40,994,000","39,197,000","37,777,000","41,340,000","41,178,000","45,475,000","50,047,000","60,689,000","55,340,000","57,583,000","46,307,000","48,598,000","50,676,000","65,303,000","57,277,000","30,006,000","57,546,000","55,732,000","51,738,000","47,471,000","51,843,000","20,429,000","181,092,000","45,408,000","42,339,000","37,334,000","31,680,000","40,522,000","39,240,000","42,418,000","40,330,000","43,705,000","41,964,000","36,618,000","34,906,000","42,491,000","45,252,000","32,614,000","34,597,000","40,525,000","37,891,000","37,527,000","34,998,000","34,946,000","33,255,000","32,602,000","32,570,000","32,152,000","26,130,000","25,628,000","21,329,000","23,425,000","20,793,000","14,863,000","-8,939,000","14,927,000","17,008,000","14,776,000","14,370,000","78,758,000","18,201,000","8,005,000","17,422,000","37,876,000","10,973,000","-31,395,000","-46,329,000","25,942,000","-5,678,000","-4,466,000","-10,128,000","-386,389,000","-253,708,000","-74,262,000","-29,950,000","-141,500,000","45,900,000","58,200,000","-24,800,000","-1,400,000","8,400,000","7,200,000","7,300,000","16,700,000","13,700,000","11,600,000","12,000,000","9,700,000","8,500,000","7,000,000","5,700,000","5,100,000","4,100,000","2,900,000","2,700,000","2,700,000","2,000,000","1,200,000","1,100,000","900,000","900,000","900,000","800,000","500,000","800,000","700,000","400,000",,,"100,000","-100,000","-300,000","200,000",,"300,000","500,000","600,000","400,000","100,000","400,000","100,000","-200,000","-400,000","-600,000","-600,000","-300,000","-400,000","-800,000","-700,000","-500,000","-500,000"
BasicEPS,,"0.16","0.23","0.25","0.13","-1.05","-0.22","0.22","0.19","0.27","0.35","0.41","0.41","0.42","0.35","0.35","0.33","0.32","0.35","0.35","0.38","0.42","0.52","0.47","0.49","0.39","0.41","0.43","0.56","0.49","0.26","0.5","0.48","0.45","0.41","0.45","0.19","1.81","0.46","0.42","0.37","0.32",,"0.38","0.4","0.37",,"0.38","0.32","0.3",,"0.39","0.28","0.29",,"0.3","0.3","0.28",,"0.27","0.27","0.27",,"0.22","0.213","0.18",,"0.177","0.127","-0.08",,"0.163","0.14","0.137",,"0.177","0.127","0.21",,"0.133","-0.38","-0.56",,"-0.077","-0.06","-0.133",,"-7.133","-2","-0.794",,"1.301","1.668","-0.767",,"1.301","1.134","1.134",,"0.16","0.14","0.14",,"0.1","0.09","0.07",,"0.06","0.04","0.05",,"0.04","0.03","0.03",,"0.03","0.03","0.03",,"0.02","0.02","0.01",,"0","0.01","-0.01",,"0.01","0","0.01",,"0.02","0.01","0.01",,"0.01","-0.01","-0.01",,"-0.02","-0.01","-0.01",,"-0.03","-0.02","-0.02"
DilutedEPS,,"0.16","0.23","0.25","0.13","-1.05","-0.22","0.22","0.18","0.27","0.35","0.41","0.41","0.41","0.35","0.34","0.33","0.32","0.35","0.35","0.38","0.42","0.52","0.47","0.49","0.39","0.41","0.43","0.55","0.49","0.25","0.49","0.48","0.44","0.41","0.44","0.19","1.78","0.45","0.42","0.37","0.32",,"0.37","0.39","0.37",,"0.38","0.32","0.3",,"0.39","0.28","0.29",,"0.3","0.3","0.28",,"0.26","0.26","0.26",,"0.21","0.21","0.173",,"0.173","0.123","-0.08",,"0.143","0.127","0.123",,"0.157","0.113","0.187",,"0.12","-0.38","-0.56",,"-0.077","-0.06","-0.133",,"-7.133","-2","-0.794",,"1.301","1.668","-0.767",,"1.301","1.101","1.101",,"0.15","0.13","0.14",,"0.1","0.08","0.07",,"0.06","0.04","0.05",,"0.04","0.03","0.03",,"0.03","0.03","0.02",,"0.02","0.02","0.01",,"0","0.01","-0.01",,"0.01","0","0.01",,"0.02","0.01","0.01",,"0.01","-0.01","-0.01",,"-0.02","-0.01","-0.01",,"-0.03","-0.02","-0.02"
BasicAverageShares,,"120,796,000","120,285,000","120,285,000","120,283,000","119,909,000","119,636,000","119,632,000","119,630,000","119,336,000","119,096,000","119,096,000","119,080,000","118,836,000","118,669,000","118,597,000","118,546,000","118,359,000","118,203,000","118,182,000","118,164,000","117,782,000","117,457,000","117,443,000","117,401,000","117,235,000","117,128,000","117,066,000","116,962,000","116,634,000","116,357,000","116,185,000","116,114,000","115,773,000","115,484,000","115,282,000","107,400,000","100,070,000","99,679,000","99,637,000","99,570,000","99,292,000",,"104,254,000","106,977,000","108,688,000",,"110,160,000","112,980,000","115,359,000",,"114,771,000","114,661,000","119,797,000",,"124,696,000","124,376,000","124,992,857",,"123,166,667","120,748,148","120,629,630",,"118,772,727","120,131,250","118,494,444",,"117,696,226","117,339,474","111,737,500",,"104,130,612","105,542,857","105,146,341",,"103,024,528","82,961,905","82,961,905",,"82,297,500","82,618,421","82,730,357",,"74,247,000","73,959,000","70,810,200",,"35,537,400","37,298,835","37,294,425",,"35,290,047","34,902,549","32,331,660",,"6,458,309","6,349,766","6,437,957",,"85,625,000","82,857,143","85,714,286",,"85,000,000","77,777,778","81,428,571",,"68,333,333","72,500,000","54,000,000",,"50,000,000","40,000,000","36,666,667",,"30,000,000","30,000,000","26,666,667",,"40,000,000","35,000,000","40,000,000",,"10,000,000","10,000,000","10,000,000",,"20,000,000","30,000,000","30,000,000",,"30,000,000","40,000,000","10,000,000",,"10,000,000","20,000,000","40,000,000",,"30,000,000","30,000,000","40,000,000",,"23,333,333","25,000,000","25,000,000"
DilutedAverageShares,,"120,796,000","121,218,000","122,049,000","122,059,000","121,366,000","121,034,000","120,980,000","120,974,000","120,725,000","119,240,000","119,189,000","119,262,000","118,918,000","118,853,000","118,849,000","118,648,000","118,509,000","118,481,000","118,528,000","118,585,000","118,259,000","117,693,000","117,694,000","118,009,000","117,769,000","117,784,000","117,774,000","117,812,000","116,634,000","117,695,000","117,389,000","117,196,000","116,960,000","117,036,000","116,872,000","108,991,000","101,835,000","101,099,000","100,842,000","100,465,000","99,292,000",,"105,020,000","107,728,000","109,543,000",,"111,063,000","113,873,000","115,359,000",,"114,771,000","115,687,000","120,557,000",,"126,547,000","126,258,000","124,992,857",,"127,903,846","125,392,308","125,269,231",,"124,428,571","122,038,095","123,051,923",,"119,959,615","120,510,811","111,737,500",,"118,660,465","116,652,632","116,513,514",,"116,176,596","93,332,143","93,332,143",,"91,441,667","98,109,375","82,730,357",,"74,247,000","73,959,000","70,810,200",,"35,537,400","37,298,835","37,294,425",,"35,290,047","34,902,549","32,331,660",,"6,458,309","6,542,183","6,633,047",,"91,333,333","89,230,769","85,714,286",,"85,000,000","87,500,000","81,428,571",,"68,333,333","72,500,000","54,000,000",,"50,000,000","40,000,000","36,666,667",,"30,000,000","30,000,000","40,000,000",,"40,000,000","35,000,000","40,000,000",,"10,000,000","10,000,000","10,000,000",,"20,000,000","30,000,000","30,000,000",,"30,000,000","40,000,000","10,000,000",,"10,000,000","20,000,000","40,000,000",,"30,000,000","30,000,000","40,000,000",,"23,333,333","25,000,000","25,000,000"
TotalOperatingIncomeAsReported,,,,,,"6,539,000","19,244,000","45,166,000","39,233,000","59,019,000","66,251,000","71,095,000","70,954,000","73,264,000","64,649,000","64,419,000","61,712,000","58,705,000","65,263,000","60,815,000","65,279,000","69,039,000","80,359,000","73,953,000","77,176,000","64,928,000","66,539,000","65,436,000","79,753,000","68,826,000","41,845,000","69,850,000","65,535,000","63,066,000","56,019,000","67,271,000","63,610,000","59,332,000","80,516,000","79,888,000","74,885,000","69,544,000","81,072,000","80,735,000","86,781,000","83,467,000","87,092,000","85,189,000","76,643,000","73,716,000","84,750,000","79,341,000","74,922,000","74,942,000","84,234,000","74,856,000","74,436,000","70,101,000","67,779,000","66,538,000","65,786,000","66,197,000","64,681,000","56,229,000","55,119,000","49,900,000","50,431,000","48,694,000","38,868,000","38,610,000","45,717,000","43,044,000","43,773,000","42,455,000","44,072,000","49,801,000","40,802,000","42,347,000","31,882,000","35,171,000","33,910,000","32,615,000","45,693,000","30,290,000","34,597,000","27,987,000","84,343,000","-30,406,000","-37,482,000","3,994,000","21,400,000","59,700,000","67,500,000","68,800,000","16,000,000","13,400,000","11,600,000","9,400,000",,,,,,,,,,,,,,,,,,,,,,,,,,,,,,,,,,,,,,,,,,,,,,,,
TotalExpenses,"1,620,205,000","407,758,000","405,282,000","406,783,000","400,382,000","395,126,000","406,663,000","421,675,000","421,691,000","431,546,000","431,558,000","437,427,000","414,634,000","410,800,000","411,459,000","398,309,000","386,637,000","382,211,000","375,313,000","381,675,000","371,114,000","376,386,000","383,775,000","396,972,000","386,155,000","382,457,000","381,296,000","394,521,000","379,542,000","356,219,000","353,788,000","338,624,000","342,921,000","341,156,000","369,556,000","353,210,000","367,734,000","366,392,000","356,345,000","364,965,000","367,981,000","365,761,000","358,621,000","354,308,000","346,022,000","344,607,000","345,108,000","341,961,000","341,055,000","341,231,000","342,348,000","346,677,000","337,771,000","329,212,000","317,525,000","337,029,000","325,180,000","318,259,000","317,453,000","313,382,000","296,984,000","284,718,000","284,906,000","283,038,000","271,101,000","266,114,000","266,766,000","255,673,000","256,959,000","247,320,000","241,928,000","249,412,000","245,606,000","236,323,000","224,788,000","213,630,000","213,340,000","207,957,000","216,475,000","210,598,000","209,394,000","208,571,000","200,803,000","217,898,000","211,128,000","212,395,000","145,458,000","75,589,000","57,851,000","19,467,000","21,400,000","22,200,000","12,200,000","10,800,000","5,300,000","5,300,000","5,200,000","4,500,000","113,600,000","107,200,000","87,000,000","71,400,000","69,700,000","60,900,000","55,000,000","52,400,000","52,500,000","49,100,000","42,300,000","29,400,000","33,700,000","26,100,000","25,100,000","23,400,000","23,800,000","23,300,000","22,700,000","22,400,000","23,900,000","22,200,000","20,400,000","16,800,000","18,400,000","15,900,000","16,100,000","15,700,000","15,100,000","14,000,000","13,600,000","11,200,000","10,700,000","9,000,000",,,,,,,,,,,,,,
NetIncomeFromContinuingAndDiscontinuedOperation,"92,675,000","19,003,000","28,037,000","30,012,000","15,623,000","-125,568,000","-26,803,000","26,717,000","22,186,000","32,057,000","41,974,000","48,994,000","48,578,000","49,340,000","41,239,000","40,994,000","39,197,000","37,777,000","41,340,000","41,178,000","45,475,000","50,047,000","60,689,000","55,340,000","57,583,000","46,307,000","48,598,000","50,676,000","65,303,000","57,277,000","30,006,000","57,546,000","55,732,000","51,738,000","47,471,000","51,843,000","20,429,000","181,092,000","45,408,000","42,339,000","37,334,000","31,680,000","40,522,000","39,240,000","42,418,000","40,330,000","43,705,000","41,964,000","36,618,000","34,906,000","42,491,000","45,252,000","32,614,000","34,597,000","40,525,000","37,891,000","37,527,000","34,998,000","34,946,000","33,255,000","32,602,000","32,570,000","32,152,000","26,130,000","25,628,000","21,329,000","23,425,000","20,793,000","14,863,000","-8,939,000","14,927,000","17,008,000","15,424,000","15,184,000","79,614,000","19,037,000","20,230,000","22,902,000","43,261,000","16,265,000","10,480,000","39,024,000","31,051,000","-564,000","514,000","-5,307,000","-379,747,000","-251,123,000","-72,112,000","-27,800,000","-139,400,000","48,100,000","60,400,000","-22,600,000","800,000","10,600,000","9,400,000","8,700,000","16,700,000","13,700,000","11,600,000","12,000,000","9,700,000","8,500,000","7,000,000","5,700,000","5,100,000","4,100,000","2,900,000","2,700,000","2,700,000","2,000,000","1,300,000","1,200,000","1,000,000","1,000,000","1,000,000","900,000","600,000","800,000","700,000","400,000",,,"100,000","-100,000","-300,000","200,000",,"300,000","500,000","600,000","400,000","100,000","400,000","100,000","-200,000","-400,000","-600,000","-600,000","-300,000","-400,000","-800,000","-700,000","-500,000","-500,000"
NormalizedIncome,"71,401,829.047","17,325,500.957","29,557,846.687","34,034,058.607","-7,908,164.755","-86,839,310","17,409,450","27,778,625","30,739,410","32,538,328","41,974,000","48,994,000","53,100,414.797","49,340,000","47,159,195.225","40,994,000","40,684,838.078","37,777,000","41,340,000","41,511,360.471","45,475,000","50,293,827","60,689,000","59,235,814.754","57,583,000","46,307,000","48,598,000","50,676,000","65,303,000","58,209,080","56,563,966.369","57,546,000","57,890,525.128","51,738,000","51,064,200","53,412,116.474","22,143,050","181,092,000","45,408,000","42,177,089.341","37,538,679.281","33,015,781.844","40,549,053.314","39,285,756.182","42,491,281.174","40,374,056.836","43,778,535.458","42,029,146.138","37,647,025.271","34,950,582.194","42,548,872.317","45,288,377.996","34,791,358.627","35,402,146.365","41,893,168.459","37,862,944.32","37,470,641.064","34,814,354.785","35,052,303.374","33,130,656.677","32,558,281.68","32,563,146.306","32,273,021.429","25,942,654.485","25,563,723.622","21,941,032.008","23,669,667.156","20,912,514.385","15,119,046.273","13,794,688.766","15,933,800","17,069,458.963","15,414,000","14,795,182.352","78,649,000","21,498,188.205","20,805,400","24,660,600","43,511,200","17,289,400","10,800,327.018","37,032,600","31,051,000","-564,000","514,000","-5,307,000","24,443,118.093","-205,879,400","-72,112,000","-27,800,000","-139,400,000","48,100,000","60,400,000","-22,600,000","800,000","10,600,000","9,400,000","8,700,000","10,083,018.868","12,685,185.185","11,600,000","12,000,000","9,700,000","8,500,000","7,000,000","5,700,000","5,100,000","4,100,000","2,900,000","2,700,000","2,700,000","2,000,000","1,300,000","1,200,000","1,000,000","1,000,000","1,000,000","900,000","600,000","800,000","700,000","400,000",,,"100,000","-100,000","-300,000","200,000",,"300,000","500,000","600,000","400,000","100,000","400,000","100,000","-200,000","-400,000","-600,000","-600,000","-300,000","-400,000","-800,000","-700,000","-500,000","-500,000"
InterestIncome,,,,,,"2,500,000",,,,,,,,,,,,,,,,,,,,,,,,,,,,,,,,,,,,,,,,,"600,000","600,000","497,000","629,000","655,000","861,000","639,000","565,000",,,,,,,,,,,,,,,,,,,,,,,,,,,,,,,,,,,,,,,,,,,,,,,,,,,,,,,,,,,,,,,,,,,,,,,,,,,,,,,,,,,,,,,,,,,,
InterestExpense,"90,034,000","22,920,000","23,239,000","20,653,000","23,222,000","20,928,000","19,572,000","20,193,000","20,996,000","22,538,000","21,328,000","20,975,000","20,662,000","21,436,000","22,145,000","20,534,000","19,038,000","19,036,000","18,394,000","17,029,000","16,622,000","16,490,000","16,478,000","16,937,000","16,796,000","17,544,000","15,981,000","11,764,000","11,761,000","10,190,000","10,447,000","10,376,000","8,364,000","10,348,000","10,270,000","10,378,000","11,912,000","12,566,000","13,022,000","13,722,000","14,729,000","16,890,000",,"18,058,000","18,360,000","18,402,000","19,228,000","18,525,000","17,800,000","17,900,000","18,500,000","19,200,000","19,300,000","18,500,000",,,,,,,,,,,,,,,,,,,,,,,,,,,,,,,,,,,,,,,,,,,,,,,,,,,,,,,,,,,,,,,,,,,,,,,,,,,,,,,,,,,,,,,,,,,,
NetInterestIncome,"-146,313,000","-22,920,000","-27,351,000","-20,653,000","-75,389,000","-18,428,000","-26,713,000","-20,193,000","-20,996,000","-22,538,000","-21,930,000","-20,975,000","-20,662,000","-21,436,000","-22,145,000","-20,534,000","-20,054,000","-19,036,000","-18,394,000","-17,029,000","-16,622,000","-16,490,000","-16,478,000","-16,937,000","-16,796,000","-17,544,000","-15,981,000","-12,465,000","-11,761,000","-10,190,000","-10,447,000","-10,376,000","-8,364,000","-10,348,000","-10,270,000","-10,378,000","-48,215,000","-12,791,000","-15,121,000","-13,722,000","-14,729,000","-16,890,000","-18,120,000","-18,058,000","-18,360,000","-18,402,000","-18,628,000","-17,925,000","-17,303,000","-17,271,000","-17,845,000","-18,339,000","-18,661,000","-17,935,000",,,,,,,,,,,,,,,,,,,,,,,,,,,,,,,,,,,,,,,,,,,,,,,,,,,,,,,,,,,,,,,,,,,,,,,,,,,,,,,,,,,,,,,,,,,,
EBIT,"213,787,000","48,533,000","60,607,000","59,283,000","45,364,000","8,891,000","-6,028,000","47,279,000","42,220,000","59,552,000","65,199,000","71,455,000","71,212,000","73,260,000","64,532,000","64,370,000","60,663,000","58,748,000","65,245,000","60,880,000","65,339,000","69,022,000","79,973,000","73,899,000","77,044,000","65,011,000","66,244,000","65,098,000","79,717,000","68,852,000","41,906,000","69,993,000","66,148,000","63,453,000","55,999,000","67,455,000","27,343,000","59,006,000","80,382,000","80,142,000","74,557,000","67,991,000","83,228,000","80,735,000","86,663,000","83,396,000","87,577,000","85,920,000","77,156,000","74,273,000","85,314,000","80,153,000","72,040,000","75,481,000","87,338,000","74,856,000","74,436,000","70,101,000","67,779,000","66,538,000","65,786,000","66,197,000","64,681,000","56,229,000","55,119,000","49,900,000","50,431,000","48,694,000","38,868,000","38,610,000","45,717,000","43,044,000","43,773,000","42,455,000","44,072,000","49,801,000","40,802,000","42,347,000","31,882,000","35,171,000","33,910,000","32,615,000","45,693,000","30,290,000","34,597,000","27,987,000","84,343,000","-30,406,000","-37,482,000","3,994,000","21,400,000","59,700,000","67,500,000","68,800,000","16,000,000","13,400,000","11,600,000","9,400,000","22,700,000","19,900,000","20,000,000","20,400,000","16,900,000","14,300,000","12,500,000","10,900,000","9,800,000","7,600,000","5,600,000","5,200,000","5,300,000","2,700,000","2,200,000","2,200,000","2,000,000","2,000,000","2,200,000","2,000,000","1,800,000","2,000,000","1,900,000","1,300,000","-1,100,000","1,000,000","1,000,000","800,000","400,000","400,000","300,000","500,000","1,000,000","900,000","8,100,000","7,100,000","-15,800,000","6,200,000","5,400,000","4,800,000","-14,100,000","4,300,000","4,100,000","4,000,000","-11,800,000","4,000,000","3,100,000","2,700,000"
EBITDA,"347,841,000"
ReconciledCostOfRevenue,"1,348,810,000","344,629,000","332,919,000","338,192,000","333,070,000","332,884,000","343,207,000","347,927,000","352,927,000","362,315,000","362,523,000","368,735,000","345,679,000","345,832,000","341,801,000","333,759,000","320,539,000","319,151,000","309,472,000","316,865,000","307,897,000","315,303,000","318,873,000","326,349,000","316,446,000","313,918,000","310,931,000","326,500,000","318,035,000","300,662,000","298,433,000","282,712,000","287,610,000","287,380,000","316,639,000","301,365,000","314,277,000","307,530,000","305,728,000","314,338,000","316,584,000","315,534,000","305,582,000","304,664,000","297,049,000","296,105,000","295,711,000","291,781,000","294,023,000","297,419,000","295,152,000","299,440,000","289,283,000","284,793,000","276,030,000","291,659,000","282,234,000","276,301,000","273,608,000","273,977,000","258,251,000","248,115,000","248,887,000","248,051,000","237,723,000","234,799,000","233,133,000","224,677,000","227,242,000","219,204,000","213,051,000","221,530,000","218,570,000",,"198,058,000","197,565,000","188,063,000",,"188,296,000","187,581,000","183,314,000","182,736,000",,,,,,,,,,,,,,,,,"93,700,000","105,900,000","86,900,000","71,700,000","70,400,000","59,900,000","53,800,000","51,800,000","52,800,000","45,900,000","39,400,000","27,800,000","31,600,000","25,100,000","24,200,000","22,800,000","23,400,000","22,500,000","22,000,000","21,600,000","23,700,000","22,000,000","20,700,000","16,100,000","16,800,000","15,300,000","15,500,000","15,000,000","14,400,000","13,200,000","12,900,000","10,400,000","10,100,000","7,200,000",,,,,,,,,,,,,,
ReconciledDepreciation,"134,054,000","32,028,000","33,951,000","33,991,000","34,084,000","32,712,000","36,425,000","37,865,000","38,619,000","37,952,000","36,804,000","36,654,000","35,591,000","35,523,000","40,387,000","39,465,000","38,560,000","38,089,000","37,565,000","36,507,000","36,800,000","36,257,000","39,418,000","42,924,000","42,345,000","42,059,000","43,199,000","41,230,000","38,400,000","28,685,000","28,512,000","28,277,000","28,752,000","28,384,000","29,489,000","28,275,000","28,097,000","27,630,000","28,632,000","28,612,000","28,302,000","28,387,000","28,048,000","26,637,000","27,191,000","27,055,000","27,336,000","26,574,000","27,165,000","25,198,000","25,674,000","25,533,000","24,948,000","24,648,000","21,409,000","24,504,000","23,143,000","22,405,000","22,369,000","21,043,000","19,916,000","19,285,000","19,143,000","18,608,000","17,417,000","16,938,000","17,057,000","16,644,000","16,130,000","15,578,000","16,041,000","15,554,000","14,983,000","14,746,000","15,629,000","15,246,000","15,267,000","15,374,000","14,934,000","14,890,000","17,736,000","18,644,000",,,,,,,,,,,,,,,,,"-3,200,000","-3,000,000","-4,000,000","-3,900,000","-4,300,000","-2,500,000","-2,200,000","-2,300,000","-2,000,000","-1,600,000","-1,600,000","-1,300,000","-1,500,000","-1,400,000","-1,300,000","-1,300,000","-1,400,000","-1,300,000","-1,300,000","-1,200,000","-1,900,000","-1,800,000","-2,100,000","-1,000,000","-1,300,000","-900,000","-900,000","-900,000","-800,000","-800,000","-800,000","-600,000","-600,000","500,000",,,,,,,,,,,,,,
NetIncomeFromContinuingOperationNetMinorityInterest,"92,675,000","19,003,000","28,037,000","30,012,000","15,623,000","-125,568,000","-26,803,000","26,717,000","22,186,000","32,057,000","41,974,000","48,994,000","48,578,000","49,340,000","41,239,000","40,994,000","39,197,000","37,777,000","41,340,000","41,178,000","45,475,000","50,047,000","60,689,000","55,340,000","57,583,000","46,307,000","48,598,000","50,676,000","65,303,000","57,277,000","30,006,000","57,546,000","55,732,000","51,738,000","47,471,000","52,506,000","20,429,000","181,092,000","45,408,000","42,339,000","37,334,000","32,042,000","40,522,000","39,240,000","42,418,000","40,330,000","43,705,000","42,111,000","36,618,000","34,906,000","42,491,000","45,252,000","32,614,000","35,386,000","41,491,000","38,091,000","37,527,000","34,757,000","34,088,000","33,255,000","32,602,000","32,570,000","32,152,000","26,130,000","25,628,000","21,329,000","23,654,000","20,793,000","14,863,000","-8,939,000","15,455,000","17,008,000","15,333,000","14,846,000","78,694,000","19,037,000","20,230,000","24,594,000","43,210,000","16,978,000","11,199,000","39,024,000","31,051,000","-564,000","514,000","-5,307,000","-379,747,000","-251,123,000","-72,112,000","-27,800,000","-139,400,000","48,100,000","60,400,000","-22,600,000","800,000","10,600,000","9,400,000","8,700,000","16,700,000","13,700,000","11,600,000","12,000,000","9,700,000","8,500,000","7,000,000","5,700,000","5,100,000","4,100,000","2,900,000","2,700,000","2,700,000","2,000,000","1,300,000","1,200,000","1,000,000","1,000,000","1,000,000","900,000","600,000","800,000","700,000","400,000",,,"100,000","-100,000","-300,000","200,000",,"300,000","500,000","600,000","400,000","100,000","400,000","100,000","-200,000","-400,000","-600,000","-600,000","-300,000","-400,000","-800,000","-700,000","-500,000","-500,000"
TotalUnusualItemsExcludingGoodwill,"28,407,000","2,261,000","-2,027,000","-5,177,000","33,350,000","-53,053,000","-60,565,000","-1,425,000","-11,717,000","-536,000","0","0","-4,706,000",,"-6,085,000","0","-1,580,000","0","0","-355,000","0","-259,000","0","-4,010,000","0","0","0","0","0","-955,000","-27,844,000","0","-2,238,000",,"-5,528,000","-985,000","-2,637,000",,,"254,000","-328,000","-1,553,000","-42,000","-73,000","-118,000","-71,000","-115,000","131,000","-1,668,000","-72,000","-91,000","-49,000","-3,521,000","-26,000","-648,000","360,000","91,000","-93,000","-1,552,000","200,000","70,000","11,000","-189,000","299,000","102,000","-970,000","-23,000","-191,000","-395,000","-34,908,000","-798,000","-89,000","-135,000","79,000","75,000","-2,497,000","-959,000","-111,000","-502,000","-519,000","419,000","3,319,000",,,,,"-572,243,000","-75,406,000",,,,,,,,,,,"10,500,000","1,600,000",,,,,,,,,,,,,,,,,,,,,,,,,,,,,,,,,,,,,,,,,,,,,,
TotalUnusualItems,"28,407,000","2,261,000","-2,027,000","-5,177,000","33,350,000","-53,053,000","-60,565,000","-1,425,000","-11,717,000","-536,000","0","0","-4,706,000",,"-6,085,000","0","-1,580,000","0","0","-355,000","0","-259,000","0","-4,010,000","0","0","0","0","0","-955,000","-27,844,000","0","-2,238,000",,"-5,528,000","-985,000","-2,637,000",,,"254,000","-328,000","-1,553,000","-42,000","-73,000","-118,000","-71,000","-115,000","131,000","-1,668,000","-72,000","-91,000","-49,000","-3,521,000","-26,000","-648,000","360,000","91,000","-93,000","-1,552,000","200,000","70,000","11,000","-189,000","299,000","102,000","-970,000","-23,000","-191,000","-395,000","-34,908,000","-798,000","-89,000","-135,000","79,000","75,000","-2,497,000","-959,000","-111,000","-502,000","-519,000","419,000","3,319,000",,,,,"-572,243,000","-75,406,000",,,,,,,,,,,"10,500,000","1,600,000",,,,,,,,,,,,,,,,,,,,,,,,,,,,,,,,,,,,,,,,,,,,,,
NormalizedEBITDA,"319,434,000","78,300,000","96,585,000","98,451,000","46,098,000","94,656,000","90,962,000","86,569,000","92,556,000","98,040,000","102,003,000","108,109,000","111,509,000","108,783,000","111,004,000","103,835,000","100,803,000","96,837,000","102,810,000","97,742,000","102,139,000","105,538,000","119,391,000","120,833,000","119,389,000","107,070,000","109,443,000","106,328,000","118,117,000","98,492,000","98,262,000","98,270,000","97,138,000","91,837,000","91,016,000","96,715,000","58,077,000","86,636,000","109,014,000","108,500,000","103,187,000","97,931,000","111,318,000","107,445,000","113,972,000","110,522,000","115,028,000","112,363,000","105,989,000","99,543,000","111,080,000","105,735,000","100,509,000","100,155,000","111,643,000","99,000,000","97,488,000","92,599,000","91,700,000","87,381,000","85,632,000","85,471,000","84,013,000","74,538,000","72,434,000","67,808,000","67,511,000","65,529,000","55,393,000","89,096,000","62,556,000","58,687,000","58,891,000","57,122,000","59,626,000","67,544,000","57,028,000","57,832,000","47,318,000","50,580,000","51,227,000","47,940,000","45,693,000","30,290,000","34,597,000","27,987,000","656,586,000","45,000,000","-37,482,000","3,994,000","21,400,000","59,700,000","67,500,000","68,800,000","16,000,000","13,400,000","11,600,000","9,400,000","15,400,000","21,300,000","24,000,000","24,300,000","21,200,000","16,800,000","14,800,000","13,200,000","11,800,000","9,200,000","7,200,000","6,500,000","6,800,000","4,000,000","3,500,000","3,500,000","3,400,000","3,300,000","3,500,000","3,200,000","3,700,000","3,800,000","3,900,000","2,300,000","200,000","1,900,000","1,900,000","1,700,000","1,200,000","1,200,000","1,100,000","1,100,000","1,600,000","1,400,000","8,100,000","7,100,000","-15,800,000","6,200,000","5,400,000","4,800,000","-14,100,000","4,300,000","4,100,000","4,000,000","-11,800,000","4,000,000","3,100,000","2,700,000"
TaxRateForCalcs,"0.251","0.258","0.25","0.223","0.294","0.27","0.27","0.255","0.27","0.102","0.043","0.029","0.039","0.048","0.027","0.065","0.058","0.049","0.118","0.061","0.067","0.047","0.044","0.028","0.044","0.024","0.033","0.05","0.039","0.024","0.046","0.035","0.036","0.026","0.35","0.08","0.35","0.35","0.326","0.363","0.376","0.373","0.356","0.373","0.379","0.379","0.361","0.375","0.383","0.381","0.364","0.258","0.382","0.379","0.379","0.367","0.381","0.383","0.379","0.378","0.375","0.377","0.36","0.373","0.37","0.369","0.319","0.374","0.352","0.349","0.4","0.309","0.4","0.357","0.4","0.014","0.4","0.4","0.4","0.4","0.049","0.4","0.4","0.4","0.4","0.127","0.294","0.4","0.4","0.4","0.4","0.4","0.4","0.4","0.4","0.4","0.4","0.4","0.37","0.366","0.393","0.397","0.394","0.37","0.381","0.4","0.4","0.359","0.396","0.386","0.386","0.048","0.071","0.077","0","0.4","0.4","0.4","0.4","0.4","0.4","0.4",,,"0.4","0.4","0.4","0.4",,"0.4","0.4","0.4","0.4","0.4","0.4","0.4","0.4","0.4","0.4","0.4","0.4","0.4","0.4","0.4","0.4","0.4"
TaxEffectOfUnusualItems,"7,133,829.047","583,500.957","-506,153.313","-1,154,941.393","9,818,835.245","-14,324,310","-16,352,550","-363,375","-3,163,590","-54,672","0","0","-183,585.203","0","-164,804.775","0","-92,161.922","0","0","-21,639.529","0","-12,173","0","-114,185.246","0","0","0","0","0","-22,920","-1,286,033.631","0","-79,474.872","0","-1,934,800","-78,883.526","-922,950","0","0","92,089.341","-123,320.719","-579,218.156","-14,946.686","-27,243.818","-44,718.826","-26,943.164","-41,464.542","49,146.138","-638,974.729","-27,417.806","-33,127.683","-12,622.004","-1,343,641.373","-9,853.635","-245,831.541","131,944.32","34,641.064","-35,645.215","-587,696.626","75,656.677","26,281.68","4,146.306","-67,978.571","111,654.485","37,723.622","-357,967.992","-7,332.844","-71,485.615","-138,953.727","-12,174,311.234","-319,200","-27,541.037","-54,000","28,182.352","30,000","-35,811.795","-383,600","-44,400","-200,800","-207,600","20,327.018","1,327,600","0","0","0","0","-168,052,881.907","-30,162,400","0","0","0","0","0","0","0","0","0","0","3,883,018.868","585,185.185","0","0","0","0","0","0","0","0","0","0","0","0","0","0","0","0","0","0","0","0","0","0",,,"0","0","0","0",,"0","0","0","0","0","0","0","0","0","0","0","0","0","0","0","0","0"