name,ttm,03/31/2022,12/31/2021,09/30/2021,06/30/2021,03/31/2021,12/31/2020,09/30/2020,06/30/2020,03/31/2020,12/31/2019,09/30/2019,06/30/2019,03/31/2019,12/31/2018,09/30/2018,06/30/2018,03/31/2018,12/31/2017,09/30/2017,06/30/2017,03/31/2017,12/31/2016,09/30/2016,06/30/2016,03/31/2016,12/31/2015,09/30/2015,06/30/2015,03/31/2015,12/31/2014,09/30/2014,06/30/2014,03/31/2014,12/31/2013,09/30/2013,06/30/2013,03/31/2013,12/31/2012,09/30/2012,06/30/2012,03/31/2012,12/31/2011,09/30/2011,06/30/2011,03/31/2011,12/31/2010,09/30/2010,06/30/2010,03/31/2010,12/31/2009,09/30/2009,06/30/2009,03/31/2009,12/31/2008,09/30/2008,06/30/2008,03/31/2008,12/31/2007,09/30/2007,06/30/2007,03/31/2007,12/31/2006,09/30/2006,06/30/2006,03/31/2006,12/31/2005,09/30/2005,06/30/2005,03/31/2005,12/31/2004,09/30/2004,06/30/2004,03/31/2004,12/31/2003,09/30/2003,06/30/2003,03/31/2003,12/31/2002,09/30/2002,06/30/2002,03/31/2002,12/31/2001,09/30/2001,06/30/2001,03/31/2001,12/31/2000,09/30/2000,06/30/2000,03/31/2000,12/31/1999,09/30/1999,06/30/1999,03/31/1999,12/31/1998,09/30/1998,06/30/1998,03/31/1998,12/31/1997,09/30/1997,06/30/1997,03/31/1997,12/31/1996,09/30/1996,06/30/1996,03/31/1996,12/31/1995,09/30/1995,06/30/1995,03/31/1995,12/31/1994,09/30/1994,06/30/1994,03/31/1994,12/31/1993,09/30/1993,06/30/1993,03/31/1993,12/31/1992,09/30/1992,06/30/1992,03/31/1992,12/31/1991,09/30/1991,06/30/1991,03/31/1991,12/31/1990,09/30/1990,06/30/1990,03/31/1990,12/31/1989,09/30/1989,06/30/1989,03/31/1989,12/31/1988,09/30/1988,06/30/1988,03/31/1988,12/31/1987,09/30/1987,06/30/1987,03/31/1987,12/31/1986,09/30/1986,06/30/1986,03/31/1986,12/31/1985,09/30/1985
TotalRevenue,"9,162,000,000","2,480,000,000","2,273,000,000","2,204,000,000","2,205,000,000","2,263,000,000","2,108,000,000","1,994,000,000","1,078,000,000","1,926,000,000","1,987,000,000","2,164,000,000","2,306,000,000","2,163,000,000","1,973,000,000","1,978,000,000","2,054,000,000","2,138,000,000","1,837,000,000","1,831,000,000","1,840,000,000","1,701,000,000","1,447,000,000","1,384,000,000","1,546,000,000","1,449,000,000","1,375,000,000","1,468,000,000","1,609,000,000","1,608,000,000","1,582,000,000","1,637,000,000","1,710,000,000","1,688,000,000","1,624,000,000","1,669,000,000","1,800,000,000","1,676,000,000","1,609,000,000","1,715,000,000","1,949,000,000","1,977,000,000","1,907,000,000","1,952,000,000","1,933,000,000","1,800,000,000","1,559,000,000","1,516,000,000","1,526,000,000","1,508,000,000","1,493,000,000","1,329,000,000","1,190,000,000","1,216,000,000","2,272,000,000","1,929,000,000","2,333,000,000","2,312,000,000","2,157,000,000","2,130,000,000","2,289,000,000","2,145,000,000","1,998,000,000","2,009,000,000","2,300,000,000","2,197,000,000","1,039,000,000","2,407,000,000","2,657,000,000","2,520,000,000","2,300,000,000","2,114,000,000","2,356,000,000","2,325,000,000","413,000,000","2,452,000,000","2,581,000,000","2,472,000,000","1,454,000,000","2,610,000,000","2,866,000,000","2,574,000,000","2,224,000,000","2,497,000,000","2,797,000,000","2,753,000,000","2,408,000,000","2,905,000,000","3,328,000,000","3,676,000,000","3,354,900,000","3,126,900,000","3,407,600,000","3,419,500,000","3,031,800,000","2,962,400,000","2,340,300,000","2,350,200,000","2,074,000,000","1,960,700,000","2,140,800,000","2,115,200,000","1,877,300,000","1,815,800,000","2,020,500,000","1,972,700,000","2,174,200,000","1,727,100,000","1,968,800,000","1,924,400,000","1,821,800,000","1,609,400,000","1,712,600,000","1,596,700,000","1,427,600,000","1,290,700,000","1,418,300,000","1,323,500,000","1,259,700,000","1,186,600,000","1,240,400,000","1,185,600,000","1,137,600,000","1,075,100,000","1,134,300,000","1,051,200,000","1,160,000,000","1,201,300,000","1,323,700,000","1,266,900,000","1,123,400,000","1,120,300,000","1,318,100,000","1,383,700,000","1,308,700,000","1,245,800,000","1,362,100,000","1,305,000,000","1,076,100,000","1,009,100,000","1,053,500,000","1,003,400,000","866,200,000","888,000,000","979,000,000","962,000,000","921,100,000","909,000,000"
	OperatingRevenue,"9,162,000,000","2,480,000,000","2,273,000,000","2,204,000,000","2,205,000,000","2,263,000,000","2,108,000,000","1,994,000,000","1,078,000,000","1,926,000,000","1,987,000,000","2,164,000,000","2,306,000,000","2,163,000,000","1,973,000,000","1,978,000,000","2,054,000,000","2,138,000,000","1,837,000,000","1,831,000,000","1,840,000,000","1,701,000,000","1,447,000,000","1,384,000,000","1,546,000,000","1,449,000,000","1,375,000,000","1,468,000,000","1,609,000,000","1,608,000,000","1,582,000,000","1,637,000,000","1,710,000,000","1,688,000,000","1,624,000,000","1,669,000,000","1,800,000,000","1,676,000,000","1,609,000,000","1,715,000,000","1,949,000,000","1,977,000,000","1,907,000,000","1,952,000,000","1,933,000,000","1,800,000,000","1,559,000,000","1,516,000,000","1,526,000,000","1,508,000,000","1,493,000,000","1,329,000,000","1,190,000,000","1,216,000,000","2,272,000,000","1,929,000,000","2,333,000,000","2,312,000,000","2,157,000,000","2,130,000,000","2,289,000,000","2,145,000,000","1,998,000,000","2,009,000,000","2,300,000,000","2,197,000,000","1,039,000,000","2,407,000,000","2,657,000,000","2,520,000,000","2,300,000,000","2,114,000,000","2,356,000,000","2,325,000,000","413,000,000","2,452,000,000","2,581,000,000","2,472,000,000","1,454,000,000","2,610,000,000","2,866,000,000","2,574,000,000","2,224,000,000","2,497,000,000","2,797,000,000","2,753,000,000","2,408,000,000","2,905,000,000","3,328,000,000","3,676,000,000","3,354,900,000","3,126,900,000","3,407,600,000","3,419,500,000","3,031,800,000","2,962,400,000","2,340,300,000","2,350,200,000","2,074,000,000","1,960,700,000","2,140,800,000","2,115,200,000","1,877,300,000","1,815,800,000","2,020,500,000","1,972,700,000","2,174,200,000","1,727,100,000","1,968,800,000","1,924,400,000","1,821,800,000","1,609,400,000","1,712,600,000","1,596,700,000","1,427,600,000","1,290,700,000","1,418,300,000","1,323,500,000","1,259,700,000","1,186,600,000","1,240,400,000","1,185,600,000","1,137,600,000","1,075,100,000","1,134,300,000","1,051,200,000","1,160,000,000","1,201,300,000","1,323,700,000","1,266,900,000","1,123,400,000","1,120,300,000","1,318,100,000","1,383,700,000","1,308,700,000","1,245,800,000","1,362,100,000","1,305,000,000","1,076,100,000","1,009,100,000","1,053,500,000","1,003,400,000","866,200,000","888,000,000","979,000,000","962,000,000","921,100,000","909,000,000"
CostOfRevenue,"8,379,000,000","2,283,000,000","2,145,000,000","1,998,000,000","1,953,000,000","2,012,000,000","1,897,000,000","1,780,000,000","1,088,000,000","1,720,000,000","1,764,000,000","1,882,000,000","1,980,000,000","1,863,000,000","1,717,000,000","1,692,000,000","1,746,000,000","1,831,000,000","1,583,000,000","1,562,000,000","1,564,000,000","1,438,000,000","1,243,000,000","1,176,000,000","1,313,000,000","1,250,000,000","1,203,000,000","1,255,000,000","1,373,000,000","1,380,000,000","1,359,000,000","1,397,000,000","1,462,000,000","1,454,000,000","1,412,000,000","1,434,000,000","1,541,000,000","1,462,000,000","1,412,000,000","1,477,000,000","1,674,000,000","1,709,000,000","1,693,000,000","1,719,000,000","1,700,000,000","1,585,000,000","1,387,000,000","1,338,000,000","1,357,000,000","1,368,000,000","1,387,000,000","1,247,000,000","1,128,000,000","1,233,000,000","2,250,000,000","1,896,000,000","2,206,000,000","2,179,000,000","2,030,000,000","2,017,000,000","2,141,000,000","2,043,000,000","1,967,000,000","1,949,000,000","2,157,000,000","2,093,000,000","1,133,000,000","2,290,000,000","2,428,000,000","2,327,000,000","2,172,000,000","1,955,000,000","2,101,000,000","2,105,000,000","621,000,000","2,165,000,000","2,276,000,000","2,183,000,000","1,466,000,000","2,277,000,000","2,447,000,000","2,236,000,000","2,262,000,000","2,149,000,000","2,414,000,000","2,443,000,000","2,482,000,000","2,466,000,000","2,763,000,000","2,888,000,000","3,179,900,000","2,435,300,000","2,664,800,000","2,684,000,000","2,955,600,000","2,294,700,000","1,876,500,000","1,897,000,000","2,072,600,000","1,630,100,000","1,735,900,000","1,741,800,000","1,815,700,000","1,463,200,000","1,633,900,000","1,612,400,000","1,877,600,000","1,400,600,000","1,595,000,000","1,576,500,000","1,619,800,000","1,319,400,000","1,381,100,000","1,303,700,000","1,152,600,000","1,046,300,000","1,154,100,000","1,087,300,000","1,113,500,000","955,600,000","1,004,000,000","970,600,000","963,100,000","890,800,000","941,500,000","853,900,000","919,400,000","946,200,000","1,049,400,000","1,012,700,000","890,100,000","902,400,000","1,072,600,000",,,,,,,,,,,,,,,
GrossProfit,"783,000,000","197,000,000","128,000,000","206,000,000","252,000,000","251,000,000","211,000,000","214,000,000","-10,000,000","206,000,000","223,000,000","282,000,000","326,000,000","300,000,000","256,000,000","286,000,000","308,000,000","307,000,000","254,000,000","269,000,000","276,000,000","263,000,000","204,000,000","208,000,000","233,000,000","199,000,000","172,000,000","213,000,000","236,000,000","228,000,000","223,000,000","240,000,000","248,000,000","234,000,000","212,000,000","235,000,000","259,000,000","214,000,000","197,000,000","238,000,000","275,000,000","268,000,000","214,000,000","233,000,000","233,000,000","215,000,000","172,000,000","178,000,000","169,000,000","140,000,000","106,000,000","82,000,000","62,000,000","-17,000,000","22,000,000","33,000,000","127,000,000","133,000,000","127,000,000","113,000,000","148,000,000","102,000,000","31,000,000","60,000,000","143,000,000","104,000,000","-94,000,000","117,000,000","229,000,000","193,000,000","128,000,000","159,000,000","255,000,000","220,000,000","-208,000,000","287,000,000","305,000,000","289,000,000","-12,000,000","333,000,000","419,000,000","338,000,000","-38,000,000","348,000,000","383,000,000","310,000,000","-74,000,000","439,000,000","565,000,000","788,000,000","175,000,000","691,600,000","742,800,000","735,500,000","76,200,000","667,700,000","463,800,000","453,200,000","1,400,000","330,600,000","404,900,000","373,400,000","61,600,000","352,600,000","386,600,000","360,300,000","296,600,000","326,500,000","373,800,000","347,900,000","202,000,000","290,000,000","331,500,000","293,000,000","275,000,000","244,400,000","264,200,000","236,200,000","146,200,000","231,000,000","236,400,000","215,000,000","174,500,000","184,300,000","192,800,000","197,300,000","240,600,000","255,100,000","274,300,000","254,200,000","233,300,000","217,900,000","245,500,000",,,,,,,,,,,,,,,
OperatingExpense,"469,000,000","134,000,000","112,000,000","102,000,000","124,000,000","120,000,000","120,000,000","112,000,000","83,000,000","105,000,000","103,000,000","129,000,000","397,000,000","135,000,000","106,000,000","121,000,000","133,000,000","132,000,000","133,000,000","127,000,000","134,000,000","121,000,000","102,000,000","99,000,000","106,000,000","100,000,000","92,000,000","101,000,000","105,000,000","104,000,000","150,000,000","107,000,000","117,000,000","117,000,000","121,000,000","115,000,000","123,000,000","122,000,000","118,000,000","119,000,000","125,000,000","139,000,000","120,000,000","208,000,000","128,000,000","116,000,000","126,000,000","114,000,000","107,000,000","104,000,000","14,000,000","101,000,000","77,000,000","121,000,000","118,000,000","105,000,000","103,000,000","128,000,000","102,000,000","79,000,000","88,000,000","69,000,000","90,000,000","90,000,000","120,000,000","102,000,000","-150,000,000","426,000,000","136,000,000","136,000,000","123,000,000","123,000,000","126,000,000","136,000,000","-60,000,000","171,000,000","208,000,000","201,000,000","103,000,000","227,000,000","245,000,000","248,000,000","210,000,000","242,000,000","271,000,000","261,000,000","269,000,000","281,000,000","277,000,000","304,000,000","-74,500,000","417,700,000","421,800,000","427,000,000","-108,300,000","456,000,000","290,600,000","287,100,000","-79,500,000","269,900,000","276,800,000","272,500,000","-40,500,000","252,300,000","256,300,000","246,700,000","4,500,000","227,800,000","232,300,000","220,600,000","-12,000,000","206,700,000","212,000,000","204,800,000","204,200,000","181,600,000","187,600,000","184,400,000","156,800,000","193,800,000","199,700,000","222,800,000","191,700,000","185,600,000","186,400,000","198,900,000","234,700,000","212,400,000","194,300,000","198,800,000","187,700,000","170,900,000","170,300,000",,,,,,,,,,,,,,,
	SellingGeneralAndAdministration,"471,000,000","130,000,000","112,000,000","103,000,000","126,000,000","119,000,000","122,000,000","111,000,000","82,000,000","106,000,000","103,000,000","130,000,000","398,000,000","136,000,000","116,000,000","119,000,000","134,000,000","130,000,000","132,000,000","125,000,000","133,000,000","121,000,000","103,000,000","99,000,000","106,000,000","98,000,000","92,000,000","98,000,000","101,000,000","100,000,000","143,000,000","97,000,000","108,000,000","105,000,000","105,000,000","97,000,000","105,000,000","103,000,000","94,000,000","103,000,000","111,000,000","113,000,000","92,000,000","111,000,000","107,000,000","99,000,000","110,000,000","99,000,000","91,000,000","102,000,000","96,000,000","73,000,000","59,000,000","75,000,000","101,000,000","87,000,000","84,000,000","116,000,000","102,000,000","79,000,000","88,000,000","96,000,000","90,000,000","90,000,000","120,000,000","119,000,000","87,000,000","136,000,000","136,000,000","136,000,000","123,000,000","123,000,000","126,000,000","136,000,000","-60,000,000","171,000,000","208,000,000","201,000,000","103,000,000","227,000,000","245,000,000","248,000,000","210,000,000","242,000,000","271,000,000","261,000,000","269,000,000","281,000,000","277,000,000","304,000,000","317,500,000","288,800,000","289,300,000","296,400,000","258,000,000","271,500,000","196,800,000","199,100,000","174,500,000","184,600,000","187,600,000","193,000,000","163,300,000","179,500,000","190,200,000","181,800,000","179,300,000","169,900,000","173,100,000","162,900,000","140,700,000","156,100,000","165,300,000","149,400,000","151,600,000","133,300,000","140,800,000","136,400,000","102,100,000","148,400,000","152,500,000","178,500,000","144,700,000","139,800,000","136,300,000","149,200,000","186,300,000","160,900,000","144,700,000","154,700,000","141,200,000","131,300,000","129,000,000",,,,,,,,,,,,,,,
		GeneralAndAdministrativeExpense,"471,000,000","130,000,000","112,000,000","103,000,000",,,"122,000,000","111,000,000","82,000,000","106,000,000","103,000,000","130,000,000","398,000,000","136,000,000","116,000,000","119,000,000","134,000,000","130,000,000","132,000,000","125,000,000","133,000,000","121,000,000","103,000,000","99,000,000","106,000,000","98,000,000","92,000,000","98,000,000","101,000,000","100,000,000","143,000,000","97,000,000","108,000,000","105,000,000","105,000,000","97,000,000","105,000,000","103,000,000","102,000,000",,,,,,,,,,,,,,,,,,,,,,,,,,,,,,,,,,,,,,,,,,,,,,,,,,,,,,,,,,,,,,,,,,,,,,,,,,,,,,,,,,,,,,,,,,,,,,,,,,,,,,,,,,,,,
			SalariesAndWages,,,,,,,,,,,"-1,000,000","2,000,000","258,000,000",,,,,,,,,,,,,,"0",,,,"42,000,000",,,,,,,,,,,,,,,,,,,,,,,,,,,,,,,,,,,,,,,,,,,,,,,,,,,,,,,,,,,,,,,,,,,,,,,,,,,,,,,,,,,,,,,,,,,,,,,,,,,,,,,,,,,,,,,,,,,,,
			OtherGandA,"471,000,000","130,000,000","112,000,000","103,000,000",,,"122,000,000","111,000,000","82,000,000","106,000,000","104,000,000","128,000,000","140,000,000","136,000,000","116,000,000","119,000,000","134,000,000","130,000,000","132,000,000","125,000,000","133,000,000","121,000,000","103,000,000","99,000,000","106,000,000","98,000,000","92,000,000","98,000,000","101,000,000","100,000,000","101,000,000","97,000,000","108,000,000","105,000,000","105,000,000","97,000,000","105,000,000","103,000,000","102,000,000",,,,,,,,,,,,,,,,,,,,,,,,,,,,,,,,,,,,,,,,,,,,,,,,,,,,,,,,,,,,,,,,,,,,,,,,,,,,,,,,,,,,,,,,,,,,,,,,,,,,,,,,,,,,,
	DepreciationAmortizationDepletionIncomeStatement,"14,000,000","4,000,000","3,000,000","4,000,000","3,000,000","4,000,000","3,000,000","4,000,000","3,000,000","3,000,000","4,000,000","2,000,000","4,000,000","2,000,000","2,000,000","2,000,000","2,000,000","2,000,000","2,000,000","4,000,000","3,000,000","2,000,000","2,000,000","2,000,000","2,000,000","2,000,000","1,000,000","4,000,000","4,000,000","5,000,000","9,000,000","10,000,000","10,000,000","13,000,000","19,000,000","18,000,000","18,000,000","19,000,000","18,000,000","18,000,000","19,000,000","19,000,000","19,000,000","20,000,000","21,000,000","17,000,000","15,000,000","15,000,000","16,000,000","15,000,000","18,000,000","18,000,000","18,000,000","17,000,000","17,000,000","18,000,000","19,000,000","12,000,000",,,,,,,,,,"290,000,000",,,,,,,,,,,,,,,,,,,,,,,,"128,900,000","132,500,000","130,600,000",,"184,500,000","93,800,000","88,000,000",,"85,300,000","89,200,000","79,500,000",,"72,800,000","66,100,000","64,900,000",,"57,900,000","59,200,000","57,700,000",,"50,600,000","46,700,000","55,400,000","52,600,000","48,300,000","46,800,000","48,000,000","54,700,000","45,400,000","47,200,000","44,300,000","47,000,000","45,800,000","50,100,000","49,700,000","48,400,000","51,500,000","49,600,000","44,100,000","46,500,000","39,600,000","41,300,000",,,,,,,,,,,,,,,
		DepreciationAndAmortizationInIncomeStatement,"14,000,000","4,000,000","3,000,000","4,000,000","3,000,000","4,000,000","3,000,000","4,000,000","3,000,000","3,000,000","4,000,000","2,000,000","4,000,000","2,000,000","2,000,000","2,000,000","2,000,000","2,000,000","2,000,000","4,000,000","3,000,000","2,000,000","2,000,000","2,000,000","2,000,000","2,000,000","1,000,000","4,000,000","4,000,000","5,000,000","9,000,000","10,000,000","10,000,000","13,000,000","19,000,000","18,000,000","18,000,000","19,000,000","18,000,000","18,000,000","19,000,000","19,000,000","19,000,000","20,000,000","21,000,000","17,000,000","15,000,000","15,000,000","16,000,000","15,000,000","18,000,000","18,000,000","18,000,000","17,000,000","17,000,000","18,000,000","19,000,000","12,000,000",,,,,,,,,,"0",,,,,,,,,,,,,,,,,,,,,,,,"128,900,000","132,500,000","130,600,000",,"184,500,000","93,800,000","88,000,000",,"85,300,000","89,200,000","79,500,000",,"72,800,000","66,100,000","64,900,000",,"57,900,000","59,200,000","57,700,000",,"50,600,000","46,700,000","55,400,000","52,600,000","48,300,000","46,800,000","48,000,000","54,700,000","45,400,000","47,200,000","44,300,000","47,000,000","45,800,000","50,100,000","49,700,000","48,400,000","51,500,000","49,600,000","44,100,000","46,500,000","39,600,000","41,300,000",,,,,,,,,,,,,,,
			DepreciationIncomeStatement,,,,,,,,,,,,,,,,,,,,,,,,,,,,,,,,,,,,,,,,,,,,,,,,,,,,,,,,,,,,,,,,,,,,,,,,,,,,,,,,,,,,,,,,,,,,"128,900,000","132,500,000","130,600,000",,"184,500,000","93,800,000","88,000,000",,"85,300,000","89,200,000","79,500,000",,"72,800,000","66,100,000","64,900,000",,"57,900,000","59,200,000","57,700,000",,"50,600,000","46,700,000","55,400,000","52,600,000","48,300,000","46,800,000","48,000,000","54,700,000","45,400,000","47,200,000","44,300,000","47,000,000","45,800,000","50,100,000","49,700,000","48,400,000","51,500,000","49,600,000","44,100,000","46,500,000","39,600,000","41,300,000",,,,,,,,,,,,,,,
			Amortization,"14,000,000","4,000,000","3,000,000","4,000,000","3,000,000","4,000,000","3,000,000","4,000,000","3,000,000","3,000,000","4,000,000","2,000,000","4,000,000","2,000,000","2,000,000","2,000,000","2,000,000","2,000,000","2,000,000","4,000,000","3,000,000","2,000,000","2,000,000","2,000,000","2,000,000","2,000,000","1,000,000","4,000,000","4,000,000","5,000,000","9,000,000","10,000,000","10,000,000","13,000,000","19,000,000","18,000,000","18,000,000","19,000,000","18,000,000","18,000,000","19,000,000","19,000,000","19,000,000","20,000,000","21,000,000","17,000,000","15,000,000","15,000,000","16,000,000","15,000,000","18,000,000","18,000,000","18,000,000","17,000,000","17,000,000","18,000,000","19,000,000","12,000,000",,,,,,,,,,,,,,,,,,,,,,,,,,,,,,,,,,,,,,,,,,,,,,,,,,,,,,,,,,,,,,,,,,,,,,,,,,,,,,,,,,,,,,,,,,
				AmortizationOfIntangiblesIncomeStatement,"14,000,000","4,000,000","3,000,000","4,000,000","3,000,000","4,000,000","3,000,000","4,000,000","3,000,000","3,000,000","4,000,000","2,000,000","4,000,000","2,000,000","2,000,000","2,000,000","2,000,000","2,000,000","2,000,000","4,000,000","3,000,000","2,000,000","2,000,000","2,000,000","2,000,000","2,000,000","1,000,000","4,000,000","4,000,000","5,000,000","9,000,000","10,000,000","10,000,000","13,000,000","19,000,000","18,000,000","18,000,000","19,000,000","18,000,000","18,000,000","19,000,000","19,000,000","19,000,000","20,000,000","21,000,000","17,000,000","15,000,000","15,000,000","16,000,000","15,000,000","18,000,000","18,000,000","18,000,000","17,000,000","17,000,000","18,000,000","19,000,000","12,000,000",,,,,,,,,,,,,,,,,,,,,,,,,,,,,,,,,,,,,,,,,,,,,,,,,,,,,,,,,,,,,,,,,,,,,,,,,,,,,,,,,,,,,,,,,,
		DepletionIncomeStatement,,,,,,,,,,,,,,,,,,,,,,,,,,,,,,,,,,,,,,,,,,,,,,,,,,,,,,,,,,,,,,,,,,,,"290,000,000",,,,,,,,,,,,,,,,,,,,,,,,,,,,,,,,,,,,,,,,,,,,,,,,,,,,,,,,,,,,,,,,,,,,,,,,,,,,,,,,
	OtherOperatingExpenses,,,"-3,000,000","-5,000,000","-5,000,000","-3,000,000","-5,000,000","-3,000,000","-2,000,000","-4,000,000","-4,000,000","-3,000,000","-5,000,000","-3,000,000",,,"-3,000,000",,"-1,000,000","-2,000,000","-2,000,000","-2,000,000","-3,000,000","-2,000,000","-2,000,000",,"-1,000,000","-1,000,000",,"-1,000,000","-2,000,000",,"-1,000,000","-1,000,000",,,,,"6,000,000","-2,000,000","-5,000,000","7,000,000","9,000,000","77,000,000",,,,,,"-13,000,000",,"10,000,000",,"29,000,000",,,,,,,,"-27,000,000",,,,"-17,000,000",,,,,,,,,,,,,,,,,,,,,,,,,,,,,,,,,,,,,,,,,,,,,,,,,,,,,,,,,,,,,,,,,,,,,,,,,,,,,,,,,,
OperatingIncome,"314,000,000","63,000,000","16,000,000","104,000,000","128,000,000","131,000,000","91,000,000","102,000,000","-93,000,000","101,000,000","120,000,000","153,000,000","-71,000,000","165,000,000","150,000,000","165,000,000","175,000,000","175,000,000","121,000,000","142,000,000","142,000,000","142,000,000","102,000,000","109,000,000","127,000,000","99,000,000","80,000,000","112,000,000","131,000,000","124,000,000","73,000,000","133,000,000","131,000,000","117,000,000","91,000,000","120,000,000","136,000,000","92,000,000","79,000,000","119,000,000","150,000,000","129,000,000","94,000,000","25,000,000","105,000,000","99,000,000","46,000,000","64,000,000","62,000,000","36,000,000","92,000,000","-19,000,000","-15,000,000","-138,000,000","-96,000,000","-72,000,000","24,000,000","5,000,000","25,000,000","34,000,000","60,000,000","33,000,000","-59,000,000","-30,000,000","23,000,000","2,000,000","56,000,000","-309,000,000","93,000,000","57,000,000","5,000,000","36,000,000","129,000,000","84,000,000","-148,000,000","116,000,000","97,000,000","88,000,000","-115,000,000","106,000,000","174,000,000","90,000,000","-248,000,000","106,000,000","112,000,000","49,000,000","-343,000,000","158,000,000","288,000,000","484,000,000","249,500,000","273,900,000","321,000,000","308,500,000","184,500,000","211,700,000","173,200,000","166,100,000","80,900,000","60,700,000","128,100,000","100,900,000","102,100,000","100,300,000","130,300,000","113,600,000","292,100,000","98,700,000","141,500,000","127,300,000","214,000,000","83,300,000","119,500,000","88,200,000","70,800,000","62,800,000","76,600,000","51,800,000","-10,600,000","37,200,000","36,700,000","-7,800,000","-17,200,000","-1,300,000","6,400,000","-1,600,000","5,900,000","42,700,000","80,000,000","55,400,000","45,600,000","47,000,000","75,200,000","1,383,700,000","-3,402,000,000","1,245,800,000","1,362,100,000","1,305,000,000","-2,729,800,000","1,009,100,000","1,053,500,000","1,003,400,000","-2,536,200,000","888,000,000","979,000,000","962,000,000","-2,459,500,000","909,000,000"
NetNonOperatingInterestIncomeExpense,"-119,000,000","-29,000,000","-29,000,000","-29,000,000","-32,000,000","-32,000,000","-37,000,000","-35,000,000","-30,000,000","-27,000,000","-28,000,000","-28,000,000","-31,000,000","-25,000,000","-22,000,000","-21,000,000","-21,000,000","-21,000,000","-20,000,000","-22,000,000","-25,000,000","-24,000,000","-24,000,000","-24,000,000","-28,000,000","-24,000,000","-25,000,000","-27,000,000","-23,000,000","-25,000,000","-25,000,000","-25,000,000","-26,000,000","-27,000,000","-25,000,000","-19,000,000","-16,000,000","-14,000,000","-14,000,000","-16,000,000","-15,000,000","-15,000,000","-20,000,000","-20,000,000","-14,000,000","-12,000,000","-42,000,000","-14,000,000","-13,000,000","-26,000,000","-31,000,000","-36,000,000","-31,000,000","-35,000,000",,,,,,,,,,,,,,,,,,,,,,,,,,,,,,,,,,,,,,,,,,,,,,,,,,,,,,,,,,,,,,,,,,,,,,,,,,,,,,,,,,,,,,,,,,,,,,
	InterestIncomeNonOperating,"9,000,000","2,000,000","3,000,000","2,000,000","2,000,000","2,000,000","2,000,000","3,000,000","2,000,000","2,000,000","2,000,000","3,000,000","3,000,000","2,000,000","3,000,000","3,000,000","2,000,000","3,000,000","3,000,000","3,000,000","2,000,000","3,000,000","5,000,000","3,000,000","2,000,000","3,000,000","2,000,000","4,000,000","4,000,000","3,000,000","4,000,000","5,000,000","3,000,000","3,000,000","5,000,000","8,000,000","5,000,000","7,000,000","7,000,000","6,000,000","5,000,000","6,000,000",,,"6,000,000","7,000,000",,"8,000,000","7,000,000",,,,"6,000,000",,,,,,,,,,,,,,,,,,,,,,,,,,,,,,,,,,,,,,,,,,,,,,,,,,,,,,,,,,,,,,,,,,,,,,,,,,,,,,,,,,,,,,,,,,,,,,,
	InterestExpenseNonOperating,"128,000,000","31,000,000","32,000,000","31,000,000","34,000,000","34,000,000","39,000,000","38,000,000","32,000,000","29,000,000","30,000,000","31,000,000","34,000,000","27,000,000","25,000,000","24,000,000","23,000,000","24,000,000","23,000,000","25,000,000","27,000,000","27,000,000","29,000,000","27,000,000","30,000,000","27,000,000","27,000,000","31,000,000","27,000,000","28,000,000","29,000,000","30,000,000","29,000,000","30,000,000","30,000,000","27,000,000","21,000,000","21,000,000","21,000,000","22,000,000","20,000,000","21,000,000","20,000,000","20,000,000","20,000,000","19,000,000","21,000,000","22,000,000","20,000,000","26,000,000","31,000,000","36,000,000","37,000,000","35,000,000",,,,,,,,,,,,,,,,,,,,,,,,,,,,,,,,,,,,,,,,,,,,,,,,,,,,,,,,,,,,,,,,,,,,,,,,,,,,,,,,,,,,,,,,,,,,,,
OtherIncomeExpense,"10,000,000","3,000,000","59,000,000","-10,000,000","-39,000,000","-23,000,000","6,000,000","-13,000,000","-24,000,000","-54,000,000","-19,000,000","-16,000,000","-24,000,000","-25,000,000","-30,000,000","-18,000,000","-37,000,000","-1,000,000","-29,000,000","-16,000,000","-18,000,000","-13,000,000","-87,000,000","-13,000,000","-19,000,000","-3,000,000","-9,000,000","-40,000,000","-11,000,000","5,000,000","-99,000,000","13,000,000","14,000,000","-19,000,000","-1,000,000","2,000,000","9,000,000","-7,000,000","-16,000,000","-8,000,000","-21,000,000","-8,000,000","-27,000,000","-24,000,000","3,000,000","-85,000,000","-1,000,000","-8,000,000","-26,000,000","-19,000,000","-81,000,000","-14,000,000","-87,000,000","-51,000,000","1,052,000,000","-136,000,000","-112,000,000","945,000,000","-179,000,000","-70,000,000","-130,000,000","-2,000,000","-135,000,000","-196,000,000","10,000,000","-28,000,000",,,,,,,,,,,,,"41,000,000","-35,000,000","-56,000,000","-39,000,000","-269,000,000","-12,000,000","-4,000,000","-22,000,000","161,000,000","-69,000,000","-15,000,000","-19,000,000","-229,800,000","41,900,000","42,600,000","8,400,000","-125,600,000","29,300,000","75,600,000","73,800,000",,"186,700,000","82,300,000","142,000,000",,"52,300,000","54,600,000","65,600,000",,"45,800,000","52,600,000","32,900,000",,"43,600,000","28,900,000","30,800,000","29,200,000","29,200,000","27,200,000","34,100,000","39,700,000","36,900,000","39,700,000","53,900,000","55,000,000","56,300,000","49,300,000","53,600,000","82,500,000","70,600,000","54,300,000","61,400,000","66,900,000","63,500,000","73,900,000",,,,,,,,,,,,,,,
	GainOnSaleOfSecurity,"-8,000,000","3,000,000","0","-5,000,000","-6,000,000","-16,000,000","36,000,000","-2,000,000","2,000,000","5,000,000","1,000,000","-1,000,000","1,000,000","-11,000,000",,,"-2,000,000",,"0",,"-1,000,000","-2,000,000","1,000,000","5,000,000",,"-2,000,000","-10,000,000","-4,000,000","-6,000,000","1,000,000","3,000,000","6,000,000","14,000,000","-12,000,000","7,000,000","1,000,000","4,000,000","-8,000,000",,,,,,,"1,000,000",,,,,,,,"-5,000,000",,,,,,,,,,,,,,,,,,,,,,,,,,,,,,,,,,,,,,,,,,,,,,,,,,,,,,,,,,,,,,,,,,,,,,,,,,,,,,,,,,,,,,,,,,,,,,,
	EarningsFromEquityInterest,,,,,,,,,,,,,,,,,,,,,,,,,,,,,,,,,,,,,,,,,,,,,,,,,,,,,,,"1,000,000","-13,000,000","2,000,000","3,000,000","4,000,000","4,000,000","10,000,000","8,000,000","14,000,000","-4,000,000","6,000,000","10,000,000",,,,,,,,,,,,,,,,,,,,,,,,,,,,,,,,,,,,,,,,,,,,,,,,,,,,,,,,,,,,,,,,,,,,,,,,,,,,,,,,,,
	SpecialIncomeCharges,"25,000,000","-3,000,000","61,000,000","-4,000,000","-29,000,000","-11,000,000","-26,000,000","-6,000,000","-21,000,000","-60,000,000","-18,000,000","-13,000,000","-20,000,000","-16,000,000","-26,000,000","-9,000,000","-32,000,000","-1,000,000","-32,000,000","-18,000,000","-19,000,000","-13,000,000","-91,000,000","-20,000,000","-23,000,000","-3,000,000","-2,000,000","-38,000,000","-9,000,000","2,000,000","-106,000,000","-2,000,000","-3,000,000","-10,000,000","-6,000,000","-3,000,000","-8,000,000","-4,000,000","-15,000,000","-8,000,000","-21,000,000","-8,000,000","-27,000,000","-24,000,000","2,000,000","-85,000,000","-1,000,000","-8,000,000","-26,000,000","-19,000,000","-81,000,000","-14,000,000","-82,000,000","-51,000,000","1,051,000,000","-123,000,000","-114,000,000","942,000,000","-183,000,000","-74,000,000","-140,000,000","-10,000,000","-149,000,000","-192,000,000","4,000,000","-38,000,000",,,,,,,,,"103,000,000","0","0","0","41,000,000","-35,000,000","-56,000,000","-39,000,000","-269,000,000","-12,000,000","-4,000,000","-22,000,000","161,000,000","-69,000,000","-15,000,000","-19,000,000","-229,800,000","41,900,000","42,600,000","8,400,000","-125,600,000","29,300,000","75,600,000","73,800,000",,"186,700,000","82,300,000","142,000,000",,"52,300,000","54,600,000","65,600,000",,"45,800,000","52,600,000","32,900,000",,"43,600,000","28,900,000","30,800,000","29,200,000","29,200,000","27,200,000","34,100,000","39,700,000","36,900,000","39,700,000","53,900,000","55,000,000","56,300,000","49,300,000","53,600,000","82,500,000","70,600,000","54,300,000","61,400,000","66,900,000","63,500,000","73,900,000",,,,,,,,,,,,,,,
		RestructuringAndMergernAcquisition,"12,000,000","3,000,000","0","4,000,000","5,000,000","4,000,000","18,000,000","6,000,000","21,000,000","9,000,000","15,000,000","13,000,000","20,000,000","22,000,000","26,000,000","9,000,000","15,000,000","1,000,000","5,000,000","5,000,000","16,000,000","13,000,000","20,000,000","20,000,000","6,000,000","3,000,000","3,000,000","2,000,000","12,000,000","2,000,000","7,000,000","4,000,000","3,000,000","10,000,000","10,000,000","8,000,000","6,000,000","4,000,000","27,000,000","6,000,000","20,000,000","6,000,000","22,000,000","24,000,000","11,000,000","30,000,000","13,000,000","10,000,000","31,000,000","19,000,000","29,000,000","14,000,000","29,000,000","50,000,000","-80,000,000","17,000,000","12,000,000","107,000,000",,,,,,,,,,,,,,,,,"0","0","0","0","64,000,000","35,000,000","56,000,000","39,000,000","352,000,000","12,000,000","4,000,000","22,000,000","70,000,000","69,000,000","15,000,000","19,000,000",,,,,,,,,,,,,,,,,,,,,,,,,,,,,,,,,,,,,,,,,,,,,,,,,,,,,,,,,,
		ImpairmentOfCapitalAssets,,,,,,,"0",,,"51,000,000","6,000,000",,,,"0",,"20,000,000",,,,,,"0","0",,,"0","36,000,000",,,,,,,"0","0","0","0","0",,,"2,000,000",,,,,"0","0","0",,"150,000,000","0","6,000,000",,,,,,,,,,,,,,,,,,,,,,,,,,,,,,,,,,,,,,,,,,,,,,,,,,,,,,,,,,,,,,,,,,,,,,,,,,,,,,,,,,,,,,,,,,,,,,,
		WriteOff,,,,,,,,,"5,000,000",,,,,,,,,,,,,,,,,,,,,,"0","0","0",,"2,000,000","0","2,000,000",,,,,,,,,,,,,,,,,,,,,,,,,,,,,,,,,,,,,,,,,,,,,,,,,,,,,,,,,,,,,,,,,,,,,,,,,,,,,,,,,,,,,,,,,,,,,,,,,,,,,,,,,,,,,,,
		OtherSpecialCharges,,,"-61,000,000",,"24,000,000",,"3,000,000",,,,"9,000,000",,,"-6,000,000",,,,,"0","13,000,000","3,000,000",,"-9,000,000",,"17,000,000",,"-1,000,000",,"-3,000,000","1,000,000","19,000,000","-2,000,000",,,"-4,000,000","-5,000,000","2,000,000",,,"2,000,000","1,000,000",,,,"-13,000,000","55,000,000",,"-2,000,000","-5,000,000",,,,"47,000,000","1,000,000","-1,154,000,000","106,000,000","102,000,000","-1,049,000,000",,,,,,,,,,,,,,,,,,,,,,,,,,,,,,,,,,,,,,,,,,,,,,,,,,,,,,,,,,,,,,,,,,,,,,,,,,,,,,,,,,,,,,,,,,
		GainOnSaleOfBusiness,,,,,,,,,,,,,,,,,,,"0",,,,"-80,000,000","0","0","0","0","0","0","5,000,000",,,,,,,,,,,,,,,,,,,,,,,,,,,,,,,,,,,,,,,,,,,,,,,,,,,,,,,,,,,,,,,,,,,,,,,,,,,,,,,,,,,,,,,,,,,,,,,,,,,,,,,,,,,,,,,,,,,,,,
		GainOnSaleOfPPE,,,"0",,,"-7,000,000",,,,,,,,,"0",,"3,000,000",,"-27,000,000",,,,,,,,"0",,,,"-80,000,000",,,,,,,,,,,,,,,,,,,,,,,,,,,,,,,,,,,,,,,,,,,,,,,,,,,,,,,,,,,,,,,,,,,,,,,,,,,,,,,,,,,,,,,,,,,,,,,,,,,,,,,,,,,,,,,,,,,,,
	OtherNonOperatingIncomeExpenses,"-7,000,000","3,000,000","-2,000,000","-1,000,000","-4,000,000","4,000,000","-4,000,000","-5,000,000","-5,000,000","1,000,000","-2,000,000","-2,000,000","-5,000,000","2,000,000","8,000,000","-9,000,000","-3,000,000",,"3,000,000","2,000,000","2,000,000","2,000,000","3,000,000","2,000,000","4,000,000","2,000,000","3,000,000","2,000,000","4,000,000","2,000,000","4,000,000","9,000,000","3,000,000","3,000,000","-2,000,000","4,000,000","13,000,000","5,000,000","10,000,000",,,,,,,,,,,,,,,,,,,,,,,,,,,,,,,,,,,,,,,,,,,,,,,,,,,,,,,,,,,,,,,,,,,,,,,,,,,,,,,,,,,,,,,,,,,,,,,,,,,,,,,,,,,,,
PretaxIncome,"205,000,000","37,000,000","46,000,000","65,000,000","57,000,000","76,000,000","60,000,000","54,000,000","-147,000,000","20,000,000","73,000,000","109,000,000","-126,000,000","115,000,000","98,000,000","126,000,000","117,000,000","153,000,000","72,000,000","104,000,000","99,000,000","105,000,000","-9,000,000","72,000,000","80,000,000","72,000,000","46,000,000","45,000,000","97,000,000","104,000,000","-51,000,000","121,000,000","119,000,000","71,000,000","65,000,000","103,000,000","129,000,000","71,000,000","49,000,000","95,000,000","114,000,000","106,000,000","65,000,000","135,000,000","94,000,000","2,000,000","5,000,000","42,000,000","23,000,000","-35,000,000","-216,000,000","-49,000,000","-23,000,000","-166,000,000","710,000,000","-232,000,000","-125,000,000","912,000,000","-185,000,000","-67,000,000","-108,000,000","-27,000,000","-234,000,000","-246,000,000","1,000,000","-92,000,000","43,000,000","-351,000,000","53,000,000","14,000,000","-218,000,000","-33,000,000","78,000,000","33,000,000","-50,000,000","61,000,000","41,000,000","29,000,000","-50,000,000","6,000,000","52,000,000","-17,000,000","-472,000,000","18,000,000","29,000,000","-58,000,000","-124,000,000","7,000,000","195,000,000","386,000,000","-43,200,000","243,500,000","291,900,000","244,800,000","174,000,000","166,300,000","186,600,000","179,000,000","117,500,000","192,900,000","154,500,000","189,200,000","116,500,000","101,600,000","140,900,000","132,700,000","149,500,000","98,900,000","147,100,000","117,700,000","98,800,000","90,600,000","114,400,000","87,800,000","60,200,000","52,600,000","58,400,000","47,000,000","-16,500,000","30,900,000","28,900,000","-2,300,000","-16,500,000","5,800,000","9,900,000","-2,900,000","15,200,000","41,800,000","63,100,000","43,300,000","37,000,000","41,500,000","80,900,000",,,,,,,,,,,,,,,
TaxProvision,"68,000,000","18,000,000","16,000,000","20,000,000","14,000,000","22,000,000","24,000,000","16,000,000","34,000,000","-16,000,000","-5,000,000","5,000,000","-52,000,000","20,000,000","3,000,000","31,000,000","-4,000,000","48,000,000","189,000,000","33,000,000","31,000,000","30,000,000","-490,000,000","13,000,000","29,000,000","24,000,000","92,000,000","-77,000,000","36,000,000","31,000,000","-166,000,000","29,000,000","33,000,000","34,000,000","23,000,000","34,000,000","35,000,000","27,000,000","-46,000,000","33,000,000","27,000,000","-37,000,000","-6,000,000","29,000,000","31,000,000","31,000,000","21,000,000","-4,000,000","17,000,000","-3,000,000","12,000,000","-9,000,000","-21,000,000","-9,000,000","250,000,000","24,000,000","12,000,000","219,000,000","47,000,000","-3,000,000","3,000,000","15,000,000","-12,000,000","20,000,000","36,000,000","22,000,000","-1,000,000","929,000,000","10,000,000","0","-118,000,000","-81,000,000","6,000,000","-3,000,000","-46,000,000","3,000,000","-2,000,000","-2,000,000","-6,000,000","5,000,000","12,000,000","4,000,000","-155,000,000","13,000,000","16,000,000","-24,000,000","-36,000,000","-10,000,000","68,000,000","148,000,000","-16,000,000","82,000,000","101,700,000","83,300,000","68,500,000","68,000,000","70,600,000","71,400,000","41,700,000","94,600,000","60,700,000","96,600,000","26,500,000","36,400,000","49,400,000","54,000,000","26,700,000","38,000,000","58,000,000","58,500,000","33,200,000","37,700,000","46,400,000","40,100,000","25,000,000","19,300,000","21,800,000","23,500,000","-20,000,000","12,500,000","9,200,000","-3,800,000","-18,300,000","800,000","5,300,000","-5,000,000","11,100,000","25,000,000","31,500,000","20,200,000","16,300,000","11,900,000","38,000,000",,,,,,,,,,,,,,,
EarningsFromEquityInterestNetOfTax,"15,000,000","1,000,000","-1,000,000","5,000,000","10,000,000","14,000,000","3,000,000","7,000,000","8,000,000","2,000,000","8,000,000","8,000,000","8,000,000","6,000,000","11,000,000","1,000,000","6,000,000","6,000,000","7,000,000","2,000,000","5,000,000","5,000,000","8,000,000","2,000,000","4,000,000","0","-37,000,000","0","2,000,000","1,000,000","4,000,000","2,000,000","6,000,000","1,000,000","2,000,000","3,000,000","3,000,000","4,000,000","-2,000,000","-2,000,000","2,000,000","4,000,000","4,000,000","6,000,000","7,000,000","4,000,000","3,000,000","1,000,000","4,000,000","2,000,000","-7,000,000","2,000,000","-1,000,000","-3,000,000",,,,,,,,,,,,,,,,,,,,,,,,,,,,,,,,,,,,,,,,,,,,,,,,,,,,,,,,,,,,,,,,,,,,,,,,,,,,,,,,,,,,,,,,,,,,,,
NetIncomeCommonStockholders,"143,000,000","17,000,000","25,000,000","48,000,000","53,000,000","71,000,000","40,000,000","45,000,000","-174,000,000","38,000,000","85,000,000","111,000,000","-68,000,000","98,000,000","100,000,000","95,000,000","124,000,000","108,000,000","-104,000,000","69,000,000","71,000,000","75,000,000","485,000,000","57,000,000","53,000,000","45,000,000","-82,000,000","119,000,000","59,000,000","63,000,000","109,000,000","88,000,000","84,000,000","31,000,000","38,000,000","-170,000,000","85,000,000","34,000,000","80,000,000","48,000,000","79,000,000","62,000,000","63,000,000","102,000,000","61,000,000","-38,000,000","-22,000,000","38,000,000","1,000,000","-39,000,000","-244,000,000","-46,000,000","-8,000,000","-165,000,000","445,000,000","-279,000,000","-140,000,000","685,000,000","-257,000,000","-69,000,000","-133,000,000","-92,000,000","-229,000,000","-356,000,000","-28,000,000","-126,000,000","-379,000,000","-1,272,000,000","51,000,000","18,000,000","-133,000,000","40,000,000","108,000,000","63,000,000","68,000,000","61,000,000","52,000,000","41,000,000","-9,000,000","4,000,000","52,000,000","-229,000,000","-298,000,000","13,000,000","14,000,000","-27,000,000","-84,000,000","29,000,000","145,000,000","245,000,000","-200,000","161,500,000","190,200,000","161,500,000","135,000,000","98,300,000","116,000,000","107,600,000","84,400,000","98,300,000","93,800,000","92,600,000","70,600,000","65,200,000","91,500,000","78,700,000","78,900,000","60,900,000","89,100,000","59,200,000","59,600,000","52,900,000","68,000,000","47,700,000","-13,700,000","33,300,000","36,600,000","23,500,000","-434,500,000","18,400,000","19,700,000","14,400,000","1,800,000","5,000,000","4,600,000","2,100,000","4,100,000","16,800,000","31,600,000","23,100,000","20,700,000","29,600,000","42,900,000","38,900,000","43,700,000","40,700,000","42,700,000","35,100,000","29,000,000","38,100,000","42,500,000","31,000,000","100,000","12,200,000","39,300,000","34,300,000","29,600,000","41,100,000"
	NetIncome,"143,000,000","17,000,000","25,000,000","48,000,000","53,000,000","71,000,000","40,000,000","45,000,000","-174,000,000","38,000,000","85,000,000","111,000,000","-68,000,000","98,000,000","100,000,000","95,000,000","124,000,000","108,000,000","-104,000,000","69,000,000","71,000,000","75,000,000","485,000,000","57,000,000","53,000,000","45,000,000","-82,000,000","119,000,000","59,000,000","63,000,000","109,000,000","90,000,000","86,000,000","34,000,000","42,000,000","68,000,000","92,000,000","42,000,000","88,000,000","56,000,000","86,000,000","70,000,000","71,000,000","110,000,000","68,000,000","-30,000,000","-14,000,000","46,000,000","9,000,000","-31,000,000","-236,000,000","-38,000,000","0","-157,000,000","453,000,000","-271,000,000","-140,000,000","685,000,000","-257,000,000","-69,000,000","-133,000,000","-92,000,000","-229,000,000","-356,000,000","-28,000,000","-126,000,000","-379,000,000","-1,272,000,000","51,000,000","18,000,000","-133,000,000","40,000,000","108,000,000","63,000,000","68,000,000","61,000,000","52,000,000","41,000,000","-9,000,000","4,000,000","52,000,000","-229,000,000","-298,000,000","13,000,000","14,000,000","-27,000,000","-84,000,000","29,000,000","145,000,000","245,000,000","-200,000","161,500,000","190,200,000","161,500,000","135,000,000","98,300,000","116,000,000","107,600,000","84,400,000","98,300,000","93,800,000","92,600,000","70,600,000","65,200,000","91,500,000","78,700,000","78,900,000","60,900,000","89,100,000","59,200,000","59,600,000","52,900,000","68,000,000","47,700,000","-13,700,000","33,300,000","36,600,000","23,500,000","-434,500,000","18,400,000","19,700,000","14,400,000","1,800,000","5,000,000","4,600,000","2,100,000","4,100,000","16,800,000","31,600,000","23,100,000","20,700,000","29,600,000","42,900,000","38,900,000","43,700,000","40,700,000","42,700,000","35,100,000","29,000,000","38,100,000","42,500,000","31,000,000","100,000","12,200,000","39,300,000","34,300,000","29,600,000","41,100,000"
		NetIncomeIncludingNoncontrollingInterests,"152,000,000","20,000,000","29,000,000","50,000,000","53,000,000","68,000,000","39,000,000","45,000,000","-173,000,000","38,000,000","86,000,000","112,000,000","-66,000,000","101,000,000","106,000,000","96,000,000","127,000,000","111,000,000","-110,000,000","73,000,000","73,000,000","80,000,000","489,000,000","61,000,000","55,000,000","48,000,000","-79,000,000","122,000,000","63,000,000","74,000,000","108,000,000","93,000,000","90,000,000","37,000,000","43,000,000","71,000,000","96,000,000","50,000,000","93,000,000","60,000,000","89,000,000","73,000,000","75,000,000","112,000,000","70,000,000","-25,000,000","-13,000,000","47,000,000","10,000,000","-30,000,000","-235,000,000","-38,000,000","-3,000,000","-160,000,000","455,000,000","-270,000,000","-137,000,000","689,000,000","-257,000,000","-65,000,000","-129,000,000","-90,000,000","-227,000,000","-354,000,000","-26,000,000","-125,000,000","-378,000,000","-1,273,000,000","54,000,000","21,000,000","-134,000,000","43,000,000","111,000,000","66,000,000","69,000,000","63,000,000","54,000,000","43,000,000","-7,000,000","8,000,000","55,000,000","-223,000,000","-296,000,000","14,000,000","18,000,000","-25,000,000","-83,000,000","33,000,000","149,000,000","249,000,000","22,500,000","158,300,000","185,800,000","159,400,000","153,500,000","95,700,000","110,000,000","104,300,000","127,900,000","90,100,000","87,600,000","87,000,000","128,500,000","55,100,000","84,500,000","70,700,000","146,900,000","53,700,000","78,100,000","49,800,000","108,300,000","44,900,000","60,700,000","44,500,000","-22,500,000","25,200,000","29,700,000","21,100,000","-441,300,000","14,000,000","15,900,000","12,900,000","-2,000,000","4,600,000","5,900,000","1,000,000","-200,000","14,700,000","26,000,000","16,600,000","12,600,000","26,200,000","36,700,000","38,900,000","43,700,000","40,700,000","42,700,000","35,100,000","29,000,000","38,100,000","42,500,000","31,000,000","100,000","12,200,000","39,300,000","34,300,000","29,600,000","41,100,000"
			NetIncomeContinuousOperations,"152,000,000","20,000,000","29,000,000","50,000,000","53,000,000","68,000,000","39,000,000","45,000,000","-173,000,000","38,000,000","86,000,000","112,000,000","-66,000,000","101,000,000","106,000,000","96,000,000","127,000,000","111,000,000","-110,000,000","73,000,000","73,000,000","80,000,000","489,000,000","61,000,000","55,000,000","48,000,000","-83,000,000","122,000,000","63,000,000","74,000,000","119,000,000","94,000,000","92,000,000","38,000,000","44,000,000","72,000,000","97,000,000","48,000,000","93,000,000","60,000,000","89,000,000","73,000,000","75,000,000","112,000,000","70,000,000","-25,000,000","-13,000,000","47,000,000","10,000,000","-30,000,000","-235,000,000","-38,000,000","-3,000,000","-160,000,000","459,000,000","-270,000,000","-138,000,000","692,000,000","-228,000,000","-64,000,000","-105,000,000","-36,000,000","-210,000,000","-272,000,000","-31,000,000","-105,000,000","57,000,000","-1,274,000,000","51,000,000","18,000,000","-83,000,000","51,000,000","73,000,000","50,000,000","13,000,000","61,000,000","55,000,000","46,000,000","11,000,000","4,000,000","52,000,000","-3,000,000","-296,000,000","14,000,000","18,000,000","-25,000,000","-83,000,000","33,000,000","149,000,000","249,000,000","12,800,000","161,500,000","190,200,000","161,500,000","142,900,000","98,300,000","116,000,000","107,600,000","107,900,000","98,300,000","93,800,000","92,600,000","103,400,000","65,200,000","91,500,000","78,700,000","78,900,000","60,900,000","89,100,000","59,200,000","59,600,000","52,900,000","68,000,000","47,700,000","35,200,000","33,300,000","36,600,000","23,500,000","3,500,000","18,400,000","19,700,000","1,500,000","1,800,000","5,000,000","4,600,000","2,100,000","4,100,000","16,800,000","31,600,000","23,100,000","20,700,000","29,600,000","42,900,000","38,900,000","43,700,000","40,700,000","42,700,000","35,100,000","29,000,000","38,100,000","42,500,000","31,000,000","100,000","12,200,000","39,300,000","34,300,000","29,600,000","41,100,000"
			NetIncomeDiscontinuousOperations,,,,,,,,,,,,,,,,,,,,,,,"0",,,,"4,000,000","0","0","0","-11,000,000","-1,000,000","-2,000,000","-1,000,000","-1,000,000","-1,000,000","-1,000,000","2,000,000","0","0",,,,,,,,,,,"0","0","0","0","-6,000,000","-1,000,000","-2,000,000","-7,000,000","-29,000,000","-5,000,000","-28,000,000","-56,000,000","-19,000,000","-84,000,000","3,000,000","-21,000,000","-434,000,000","0","0","0","-50,000,000","-11,000,000","35,000,000","13,000,000","55,000,000","0","-3,000,000","-5,000,000",,,,,,,,,,,,,,,,,,,,,,,,,,,,,,,,,,,,,,,,,,,,,,,,,,,,,,,,,,,,,,,,,,,,,,
			NetIncomeExtraordinary,,,,,,,,,,,,,,,,,,,,,,,,,,,,,,,,,,,,,,,,,,,,,,,,,,,,,,,,,,,,,,,,,,,"-2,000,000","2,000,000",,,,,,,"0","0","0","0","0","0","0","-220,000,000",,,,,,,,,,,,,,,,,,,,,,,,,,,,,,,,,,,,,"-438,000,000",,,"12,900,000",,,,,,,,,,,,,,,,,,,,,,,,,,
		MinorityInterests,"-9,000,000","-3,000,000","-4,000,000","-2,000,000","0","3,000,000","1,000,000","0","-1,000,000","0","-1,000,000","-1,000,000","-2,000,000","-3,000,000","-6,000,000","-1,000,000","-3,000,000","-3,000,000","6,000,000","-4,000,000","-2,000,000","-5,000,000","-4,000,000","-4,000,000","-2,000,000","-3,000,000","-3,000,000","-3,000,000","-4,000,000","-11,000,000","1,000,000","-3,000,000","-4,000,000","-3,000,000","-1,000,000","-3,000,000","-4,000,000","-8,000,000","-5,000,000","-4,000,000","-3,000,000","-3,000,000","-4,000,000","-2,000,000","-2,000,000","-5,000,000","-1,000,000","-1,000,000","-1,000,000","-1,000,000","-1,000,000","0","3,000,000","3,000,000","-2,000,000","-1,000,000","-3,000,000","-4,000,000","0","-4,000,000","-4,000,000","-2,000,000","-2,000,000","-2,000,000","-2,000,000","-1,000,000","-1,000,000","1,000,000","-3,000,000","-3,000,000","1,000,000","-3,000,000","-3,000,000","-3,000,000","-1,000,000","-2,000,000","-2,000,000","-2,000,000","-2,000,000","-4,000,000","-3,000,000","-6,000,000","-2,000,000","-1,000,000","-4,000,000","-2,000,000","-1,000,000","-4,000,000","-4,000,000","-4,000,000","-22,700,000","3,200,000","4,400,000","2,100,000","-18,500,000","2,600,000","6,000,000","3,300,000","-43,500,000","8,200,000","6,200,000","5,600,000","-57,900,000","10,100,000","7,000,000","8,000,000","-68,000,000","7,200,000","11,000,000","9,400,000","-48,700,000","8,000,000","7,300,000","3,200,000","8,800,000","8,100,000","6,900,000","2,400,000","6,800,000","4,400,000","3,800,000","1,500,000","3,800,000","400,000","-1,300,000","1,100,000","4,300,000","2,100,000","5,600,000","6,500,000","8,100,000","3,400,000","6,200,000",,,,,,,,,,,,,,,
	PreferredStockDividends,,,,,,,,,,,,,,,,,,,,,,,,,,,,,,,"0","2,000,000","2,000,000","3,000,000","4,000,000","238,000,000","7,000,000","8,000,000","8,000,000","8,000,000","7,000,000","8,000,000","8,000,000","8,000,000","7,000,000","8,000,000","8,000,000","8,000,000","8,000,000","8,000,000","8,000,000","8,000,000","8,000,000","8,000,000","8,000,000","8,000,000",,,,,,,,,,,,,,,,,,,,,,,,,,,,,,,,,,,,,,,,,,,,,,,,,,,,,,,,,,,,,,,,,,,,,,,,,,,,,,,,,,,,,,,,,,,,
DilutedNIAvailtoComStockholders,"143,000,000","17,000,000","25,000,000","48,000,000","53,000,000","71,000,000","40,000,000","45,000,000","-174,000,000","38,000,000","85,000,000","111,000,000","-68,000,000","98,000,000","100,000,000","95,000,000","124,000,000","108,000,000","-104,000,000","69,000,000","71,000,000","75,000,000","485,000,000","57,000,000","53,000,000","45,000,000","-82,000,000","119,000,000","59,000,000","63,000,000","109,000,000","88,000,000","84,000,000","31,000,000","38,000,000","-170,000,000","85,000,000","34,000,000","80,000,000","48,000,000","79,000,000","62,000,000","63,000,000","102,000,000","61,000,000","-38,000,000","-22,000,000","38,000,000","1,000,000","-39,000,000","-244,000,000","-46,000,000","-8,000,000","-165,000,000","445,000,000","-279,000,000","-140,000,000","685,000,000","-257,000,000","-69,000,000","-133,000,000","-92,000,000","-229,000,000","-356,000,000","-28,000,000","-126,000,000","-379,000,000","-1,272,000,000","51,000,000","18,000,000","-133,000,000","40,000,000","108,000,000","63,000,000","68,000,000","61,000,000","52,000,000","41,000,000","-9,000,000","4,000,000","52,000,000","-229,000,000","-298,000,000","13,000,000","14,000,000","-27,000,000","-84,000,000","29,000,000","145,000,000","245,000,000","-200,000","161,500,000","190,200,000","161,500,000","135,000,000","98,300,000","116,000,000","107,600,000","84,400,000","98,300,000","93,800,000","92,600,000","70,600,000","65,200,000","91,500,000","78,700,000","78,900,000","60,900,000","89,100,000","59,200,000","59,600,000","52,900,000","68,000,000","47,700,000","-13,700,000","33,300,000","36,600,000","23,500,000","-434,500,000","18,400,000","19,700,000","14,400,000","1,800,000","5,000,000","4,600,000","2,100,000","4,100,000","16,800,000","31,600,000","23,100,000","20,700,000","29,600,000","42,900,000","38,900,000","43,700,000","40,700,000","42,700,000","35,100,000","29,000,000","38,100,000","42,500,000","31,000,000","100,000","12,200,000","39,300,000","34,300,000","29,600,000","41,100,000"
BasicEPS,,"0.12","0.18","0.33","0.37","0.49","0.28","0.31","-1.2","0.26","0.59","0.77","-0.47","0.68","0.69","0.66","0.85","0.74","-0.74","0.47","0.48","0.52","3.37","0.4","0.36","0.3","-0.54","0.75","0.36","0.38","0.65","0.56","0.54","0.21","0.26","-1.16","0.58","0.23","0.54","0.32","0.53","0.42",,"0.69","0.41","-0.26",,"0.27","0","-0.28",,"-0.45","-0.08","-1.64",,"-2.79","-1.47","4.44",,"-0.46","-0.89","-0.61",,"-2.38","-0.19","-0.84",,"-8.5","0.34","0.12",,"0.27","0.72","0.43",,"0.41","0.35","0.28",,"0.02","0.35","-1.54",,"0.08","0.1","-0.18",,"0.19","0.95","1.55",,"0.98","1.15","0.97",,"0.59","1.1","1.02",,"0.93","0.9","0.9",,"0.64","0.9","0.78",,"0.6","0.88","0.59",,"0.54","0.69","0.49",,"0.36","0.4","0.26",,"0.2","0.23","0.18",,"0.06","0.06","0.03",,"0.21","0.39","0.28",,"0.36","0.53","0.48",,"0.5","0.53","0.43",,"0.43","0.48","0.35",,"0.12","0.38","0.33",,"0.37"
DilutedEPS,,"0.12","0.18","0.33","0.36","0.48","0.27","0.31","-1.2","0.26","0.58","0.77","-0.47","0.68","0.69","0.65","0.85","0.73","-0.74","0.46","0.47","0.51","3.34","0.39","0.36","0.3","-0.54","0.75","0.36","0.38","0.64","0.52","0.49","0.19","0.23","-1.16","0.44","0.19","0.41","0.26","0.4","0.33",,"0.51","0.32","-0.26",,"0.22","0","-0.28",,"-0.45","-0.08","-1.64",,"-2.79","-1.47","4.42",,"-0.46","-0.89","-0.61",,"-2.38","-0.19","-0.84",,"-8.5","0.34","0.12",,"0.27","0.72","0.42",,"0.41","0.35","0.28",,"0.02","0.35","-1.54",,"0.08","0.1","-0.18",,"0.19","0.95","1.54",,"0.97","1.14","0.97",,"0.59","1.08","1",,"0.92","0.89","0.89",,"0.64","0.9","0.78",,"0.6","0.88","0.59",,"0.54","0.69","0.49",,"0.36","0.4","0.26",,"0.2","0.23","0.18",,"0.06","0.06","0.03",,"0.21","0.37","0.28",,"0.35","0.5","0.46",,"0.47","0.5","0.43",,"0.43","0.48","0.35",,"0.12","0.38","0.33",,"0.37"
BasicAverageShares,,"144,200,000","144,300,000","144,800,000","145,200,000","144,900,000","144,600,000","144,500,000","144,500,000","144,200,000","144,000,000","144,000,000","144,000,000","143,900,000","144,800,000","144,700,000","145,100,000","145,600,000","145,400,000","145,000,000","144,800,000","144,600,000","144,100,000","144,000,000","146,600,000","149,400,000","151,200,000","158,000,000","162,100,000","164,700,000","168,100,000","156,500,000","156,700,000","150,700,000","146,000,000","145,800,000","145,900,000","148,000,000","148,500,000","148,100,000","147,900,000","147,500,000",,"147,000,000","147,000,000","145,000,000",,"141,000,000","140,000,000","140,000,000",,"101,000,000","100,000,000","100,000,000",,"100,000,000","100,000,000","100,000,000",,"150,000,000","150,000,000","150,000,000",,"150,000,000","150,000,000","150,000,000",,"150,000,000","150,000,000","149,000,000",,"149,000,000","149,000,000","148,000,000",,"148,000,000","148,000,000","148,000,000",,"148,000,000","148,000,000","149,000,000",,"148,000,000","148,000,000","148,000,000",,"149,000,000","152,000,000","158,000,000",,"164,795,918","165,391,304","166,494,845",,"166,610,169","105,454,545","105,490,196",,"105,698,925","104,222,222","102,888,889",,"101,875,000","101,666,667","100,897,436",,"101,500,000","101,250,000","100,338,983",,"97,962,963","98,550,725","97,346,939",,"92,500,000","91,500,000","90,384,615",,"92,000,000","85,652,174","80,000,000",,"83,333,333","76,666,667","70,000,000",,"80,000,000","81,025,641","82,500,000",,"82,222,222","80,943,396","81,041,667",,"81,400,000","80,566,038","81,627,907",,"88,604,651","88,541,667","88,571,429",,"101,666,667","103,421,053","103,939,394",,"111,081,081"
DilutedAverageShares,,"145,300,000","145,800,000","146,200,000","146,700,000","146,400,000","145,700,000","145,200,000","144,500,000","144,800,000","145,300,000","144,800,000","144,000,000","144,800,000","145,800,000","145,900,000","146,500,000","147,500,000","145,400,000","146,900,000","146,200,000","145,900,000","145,300,000","144,600,000","147,000,000","149,900,000","151,200,000","158,900,000","163,200,000","166,000,000","169,300,000","172,900,000","175,100,000","177,000,000","181,200,000","145,800,000","211,900,000","214,400,000","214,800,000","214,500,000","214,600,000","214,700,000",,"215,000,000","215,000,000","145,000,000",,"212,000,000","146,000,000","140,000,000",,"101,000,000","100,000,000","100,000,000",,"100,000,000","160,000,000","160,000,000",,"150,000,000","150,000,000","150,000,000",,"150,000,000","150,000,000","150,000,000",,"151,000,000","151,000,000","151,000,000",,"151,000,000","151,000,000","150,000,000",,"149,000,000","149,000,000","149,000,000",,"149,000,000","149,000,000","149,000,000",,"149,000,000","149,000,000","149,000,000",,"150,000,000","153,000,000","159,000,000",,"166,494,845","166,842,105","166,494,845",,"166,610,169","107,407,407","107,600,000",,"106,847,826","105,393,258","104,044,944",,"101,875,000","101,666,667","100,897,436",,"101,500,000","101,250,000","100,338,983",,"97,962,963","98,550,725","97,346,939",,"92,500,000","91,500,000","90,384,615",,"92,000,000","85,652,174","80,000,000",,"83,333,333","76,666,667","70,000,000",,"80,000,000","85,405,405","82,500,000",,"84,571,429","85,800,000","84,565,217",,"86,595,745","85,400,000","81,627,907",,"88,604,651","88,541,667","88,571,429",,"101,666,667","103,421,053","103,939,394",,"111,081,081"
TotalExpenses,"8,848,000,000","2,417,000,000","2,257,000,000","2,100,000,000","2,077,000,000","2,132,000,000","2,017,000,000","1,892,000,000","1,171,000,000","1,825,000,000","1,867,000,000","2,011,000,000","2,377,000,000","1,998,000,000","1,823,000,000","1,813,000,000","1,879,000,000","1,963,000,000","1,716,000,000","1,689,000,000","1,698,000,000","1,559,000,000","1,345,000,000","1,275,000,000","1,419,000,000","1,350,000,000","1,295,000,000","1,356,000,000","1,478,000,000","1,484,000,000","1,509,000,000","1,504,000,000","1,579,000,000","1,571,000,000","1,533,000,000","1,549,000,000","1,664,000,000","1,584,000,000","1,530,000,000","1,596,000,000","1,799,000,000","1,848,000,000","1,813,000,000","1,927,000,000","1,828,000,000","1,701,000,000","1,513,000,000","1,452,000,000","1,464,000,000","1,472,000,000","1,401,000,000","1,348,000,000","1,205,000,000","1,354,000,000","2,368,000,000","2,001,000,000","2,309,000,000","2,307,000,000","2,132,000,000","2,096,000,000","2,229,000,000","2,112,000,000","2,057,000,000","2,039,000,000","2,277,000,000","2,195,000,000","983,000,000","2,716,000,000","2,564,000,000","2,463,000,000","2,295,000,000","2,078,000,000","2,227,000,000","2,241,000,000","561,000,000","2,336,000,000","2,484,000,000","2,384,000,000","1,569,000,000","2,504,000,000","2,692,000,000","2,484,000,000","2,472,000,000","2,391,000,000","2,685,000,000","2,704,000,000","2,751,000,000","2,747,000,000","3,040,000,000","3,192,000,000","3,105,400,000","2,853,000,000","3,086,600,000","3,111,000,000","2,847,300,000","2,750,700,000","2,167,100,000","2,184,100,000","1,993,100,000","1,900,000,000","2,012,700,000","2,014,300,000","1,775,200,000","1,715,500,000","1,890,200,000","1,859,100,000","1,882,100,000","1,628,400,000","1,827,300,000","1,797,100,000","1,607,800,000","1,526,100,000","1,593,100,000","1,508,500,000","1,356,800,000","1,227,900,000","1,341,700,000","1,271,700,000","1,270,300,000","1,149,400,000","1,203,700,000","1,193,400,000","1,154,800,000","1,076,400,000","1,127,900,000","1,052,800,000","1,154,100,000","1,158,600,000","1,243,700,000","1,211,500,000","1,077,800,000","1,073,300,000","1,242,900,000",,,,,,,,,,,,,,,
NetIncomeFromContinuingAndDiscontinuedOperation,"143,000,000","17,000,000","25,000,000","48,000,000","53,000,000","71,000,000","40,000,000","45,000,000","-174,000,000","38,000,000","85,000,000","111,000,000","-68,000,000","98,000,000","100,000,000","95,000,000","124,000,000","108,000,000","-104,000,000","69,000,000","71,000,000","75,000,000","485,000,000","57,000,000","53,000,000","45,000,000","-82,000,000","119,000,000","59,000,000","63,000,000","109,000,000","90,000,000","86,000,000","34,000,000","42,000,000","68,000,000","92,000,000","42,000,000","88,000,000","56,000,000","86,000,000","70,000,000","71,000,000","110,000,000","68,000,000","-30,000,000","-14,000,000","46,000,000","9,000,000","-31,000,000","-236,000,000","-38,000,000","0","-157,000,000","453,000,000","-271,000,000","-140,000,000","685,000,000","-257,000,000","-69,000,000","-133,000,000","-92,000,000","-229,000,000","-356,000,000","-28,000,000","-126,000,000","-377,000,000","-1,274,000,000","51,000,000","18,000,000","-133,000,000","40,000,000","108,000,000","63,000,000","68,000,000","61,000,000","52,000,000","41,000,000","-9,000,000","4,000,000","52,000,000","-9,000,000","-298,000,000","13,000,000","14,000,000","-27,000,000","-84,000,000","29,000,000","145,000,000","245,000,000","-200,000","161,500,000","190,200,000","161,500,000","135,000,000","98,300,000","116,000,000","107,600,000","84,400,000","98,300,000","93,800,000","92,600,000","70,600,000","65,200,000","91,500,000","78,700,000","78,900,000","60,900,000","89,100,000","59,200,000","59,600,000","52,900,000","68,000,000","47,700,000","35,200,000","33,300,000","36,600,000","23,500,000","3,500,000","18,400,000","19,700,000","1,500,000","1,800,000","5,000,000","4,600,000","2,100,000","4,100,000","16,800,000","31,600,000","23,100,000","20,700,000","29,600,000","42,900,000","38,900,000","43,700,000","40,700,000","42,700,000","35,100,000","29,000,000","38,100,000","42,500,000","31,000,000","100,000","12,200,000","39,300,000","34,300,000","29,600,000","41,100,000"
NormalizedIncome,"131,639,024.39","17,000,000","-14,782,608.696","54,210,000","79,250,000","90,170,000","34,000,000","50,600,000","-160,130,000","78,150,000","97,410,000","121,500,000","-54,130,000","120,410,000","136,836,734.694","101,750,000","148,820,000","108,690,000","-84,800,000","81,240,000","84,800,000","85,650,000","539,000,000","69,300,000","67,720,000","48,350,000","-78,800,000","144,200,000","68,450,000","60,900,000","186,950,000","87,958,677.686","80,050,420.168","49,300,000","42,353,846.154","70,339,805.825","95,914,728.682","47,436,619.718","107,500,000","61,221,052.632","102,026,315.789","75,200,000","88,550,000","128,844,444.444","65,989,361.702","25,250,000","-13,350,000","51,200,000","25,900,000","-13,628,571.429","-183,350,000","-26,571,428.571","56,550,000","-108,765,060.241","-221,929,577.465","-190,050,000","-63,900,000","-23,796,052.632","-109,050,000","6,686,567.164","-14,000,000","-29,500,000","-68,641,025.641","-156,800,000","-33,400,000","-82,200,000","57,000,000","-1,274,000,000","51,000,000","18,000,000","-83,000,000","51,000,000","73,000,000","50,000,000","-48,800,000","61,000,000","55,000,000","46,000,000","-25,080,000","25,000,000","95,076,923.077","14,400,000","-117,336,864.407","20,200,000","16,400,000","-13,800,000","-198,258,064.516","70,400,000","154,769,230.769","256,715,025.907","144,488,888.889","133,710,061.602","162,442,137.718","155,958,333.333","211,154,022.989","80,720,000","69,003,215.434","63,237,541.899","84,400,000","-13,720,000","43,834,045.307","7,400,000","70,600,000","31,637,401.575","56,042,938.254","39,340,000","78,900,000","32,697,573.306","57,239,632.903","39,460,000","59,600,000","26,740,000","50,660,000","29,220,000","17,680,000","14,814,068.441","19,553,424.658","3,040,000","-20,320,000","-3,740,000","-7,361,937.716","-30,840,000","-31,200,000","-43,534,482.759","-24,980,000","-30,060,000","-45,400,000","-25,560,000","-980,000","-13,740,000","-19,440,000","-15,691,566.265","-1,440,000","38,900,000","43,700,000","40,700,000","42,700,000","35,100,000","29,000,000","38,100,000","42,500,000","31,000,000","100,000","12,200,000","39,300,000","34,300,000","29,600,000","41,100,000"
InterestIncome,"9,000,000","2,000,000","3,000,000","2,000,000","2,000,000","2,000,000","2,000,000","3,000,000","2,000,000","2,000,000","2,000,000","3,000,000","3,000,000","2,000,000","3,000,000","3,000,000","2,000,000","3,000,000","3,000,000","3,000,000","2,000,000","3,000,000","5,000,000","3,000,000","2,000,000","3,000,000","2,000,000","4,000,000","4,000,000","3,000,000","4,000,000","5,000,000","3,000,000","3,000,000","5,000,000","8,000,000","5,000,000","7,000,000","7,000,000","6,000,000","5,000,000","6,000,000",,,"6,000,000","7,000,000",,"8,000,000","7,000,000",,,,"6,000,000",,,,,,,,,,,,,,,,,,,,,,,,,,,,,,,,,,,,,,,,,,,,,,,,,,,,,,,,,,,,,,,,,,,,,,,,,,,,,,,,,,,,,,,,,,,,,,,
InterestExpense,"128,000,000","31,000,000","32,000,000","31,000,000","34,000,000","34,000,000","39,000,000","38,000,000","32,000,000","29,000,000","30,000,000","31,000,000","34,000,000","27,000,000","25,000,000","24,000,000","23,000,000","24,000,000","23,000,000","25,000,000","27,000,000","27,000,000","29,000,000","27,000,000","30,000,000","27,000,000","27,000,000","31,000,000","27,000,000","28,000,000","29,000,000","30,000,000","29,000,000","30,000,000","30,000,000","27,000,000","21,000,000","21,000,000","21,000,000","22,000,000","20,000,000","21,000,000","20,000,000","20,000,000","20,000,000","19,000,000","21,000,000","22,000,000","20,000,000","26,000,000","31,000,000","36,000,000","37,000,000","35,000,000",,,,,,,,,,,,,,,,,,,,,,,,,,,,,,,,,,,,,,,,,,,,,,,,,,,,,,,,,,,,,,,,,,,,,,,,,,,,,,,,,,,,,,,,,,,,,,
NetInterestIncome,"-119,000,000","-29,000,000","-29,000,000","-29,000,000","-32,000,000","-32,000,000","-37,000,000","-35,000,000","-30,000,000","-27,000,000","-28,000,000","-28,000,000","-31,000,000","-25,000,000","-22,000,000","-21,000,000","-21,000,000","-21,000,000","-20,000,000","-22,000,000","-25,000,000","-24,000,000","-24,000,000","-24,000,000","-28,000,000","-24,000,000","-25,000,000","-27,000,000","-23,000,000","-25,000,000","-25,000,000","-25,000,000","-26,000,000","-27,000,000","-25,000,000","-19,000,000","-16,000,000","-14,000,000","-14,000,000","-16,000,000","-15,000,000","-15,000,000","-20,000,000","-20,000,000","-14,000,000","-12,000,000","-42,000,000","-14,000,000","-13,000,000","-26,000,000","-31,000,000","-36,000,000","-31,000,000","-35,000,000",,,,,,,,,,,,,,,,,,,,,,,,,,,,,,,,,,,,,,,,,,,,,,,,,,,,,,,,,,,,,,,,,,,,,,,,,,,,,,,,,,,,,,,,,,,,,,
EBIT,"333,000,000","68,000,000","78,000,000","96,000,000","91,000,000","110,000,000","99,000,000","92,000,000","-115,000,000","49,000,000","103,000,000","140,000,000","-92,000,000","142,000,000","123,000,000","150,000,000","140,000,000","177,000,000","95,000,000","129,000,000","126,000,000","132,000,000","20,000,000","99,000,000","110,000,000","99,000,000","73,000,000","76,000,000","124,000,000","132,000,000","-22,000,000","151,000,000","148,000,000","101,000,000","95,000,000","130,000,000","150,000,000","92,000,000","70,000,000","117,000,000","134,000,000","127,000,000","85,000,000","155,000,000","114,000,000","21,000,000","26,000,000","64,000,000","43,000,000","-9,000,000","-185,000,000","-13,000,000","14,000,000","-131,000,000","542,000,000","-72,000,000","24,000,000","5,000,000","25,000,000","34,000,000","60,000,000","33,000,000","-59,000,000","-30,000,000","23,000,000","2,000,000","56,000,000","-309,000,000","93,000,000","57,000,000","5,000,000","36,000,000","129,000,000","84,000,000","-148,000,000","116,000,000","97,000,000","88,000,000","-115,000,000","106,000,000","174,000,000","90,000,000","-248,000,000","106,000,000","112,000,000","49,000,000","-343,000,000","158,000,000","288,000,000","484,000,000","249,500,000","273,900,000","321,000,000","308,500,000","184,500,000","211,700,000","173,200,000","166,100,000","80,900,000","60,700,000","128,100,000","100,900,000","102,100,000","100,300,000","130,300,000","113,600,000","292,100,000","98,700,000","141,500,000","127,300,000","214,000,000","83,300,000","119,500,000","88,200,000","70,800,000","62,800,000","76,600,000","51,800,000","-10,600,000","37,200,000","36,700,000","-7,800,000","-17,200,000","-1,300,000","6,400,000","-1,600,000","5,900,000","42,700,000","80,000,000","55,400,000","45,600,000","47,000,000","75,200,000","1,383,700,000","-3,402,000,000","1,245,800,000","1,362,100,000","1,305,000,000","-2,729,800,000","1,009,100,000","1,053,500,000","1,003,400,000","-2,536,200,000","888,000,000","979,000,000","962,000,000","-2,459,500,000","909,000,000"
EBITDA,"724,000,000"
ReconciledCostOfRevenue,"8,002,000,000","2,190,000,000","2,049,000,000","1,904,000,000","1,859,000,000","1,921,000,000","1,807,000,000","1,690,000,000","1,002,000,000","1,634,000,000","1,676,000,000","1,798,000,000","1,900,000,000","1,788,000,000","1,644,000,000","1,628,000,000","1,686,000,000","1,766,000,000","1,524,000,000","1,504,000,000","1,509,000,000","1,388,000,000","1,199,000,000","1,130,000,000","1,270,000,000","1,209,000,000","1,161,000,000","1,216,000,000","1,334,000,000","1,340,000,000","1,315,000,000","1,355,000,000","1,419,000,000","1,412,000,000","1,357,000,000","1,389,000,000","1,498,000,000","1,417,000,000","1,361,000,000","1,427,000,000","1,624,000,000","1,657,000,000","1,636,000,000","1,663,000,000","1,642,000,000","1,526,000,000","1,325,000,000","1,277,000,000","1,293,000,000","1,302,000,000","1,303,000,000","1,164,000,000","1,046,000,000","1,156,000,000","2,134,000,000","1,843,000,000","2,146,000,000","2,086,000,000","2,030,000,000","2,017,000,000","2,141,000,000","2,043,000,000","1,967,000,000","1,949,000,000","2,157,000,000","2,093,000,000","1,133,000,000","2,503,000,000","2,428,000,000","2,327,000,000","2,172,000,000","1,955,000,000","2,101,000,000","2,105,000,000","621,000,000","2,165,000,000","2,276,000,000","2,183,000,000","1,466,000,000","2,277,000,000","2,447,000,000","2,236,000,000","2,262,000,000","2,149,000,000","2,414,000,000","2,443,000,000","2,482,000,000","2,466,000,000","2,763,000,000","2,888,000,000","3,179,900,000","2,693,100,000","2,929,800,000","2,945,200,000","2,955,600,000","2,663,700,000","2,064,100,000","2,073,000,000","2,072,600,000","1,800,700,000","1,914,300,000","1,900,800,000","1,815,700,000","1,608,800,000","1,766,100,000","1,742,200,000","1,877,600,000","1,518,400,000","1,711,400,000","1,691,900,000","1,619,800,000","1,420,600,000","1,474,500,000","1,414,500,000","1,257,800,000","1,142,900,000","1,247,700,000","1,183,300,000","1,222,900,000","1,046,400,000","1,098,400,000","1,059,200,000","1,057,100,000","982,400,000","1,041,700,000","953,300,000","1,016,200,000","1,049,200,000","1,148,600,000","1,100,900,000","983,100,000","981,600,000","1,072,600,000",,,,,,,,,,,,,,,
ReconciledDepreciation,"391,000,000","97,000,000","99,000,000","98,000,000","97,000,000","95,000,000","93,000,000","94,000,000","89,000,000","89,000,000","92,000,000","86,000,000","84,000,000","77,000,000","75,000,000","66,000,000","62,000,000","67,000,000","61,000,000","62,000,000","58,000,000","52,000,000","46,000,000","48,000,000","45,000,000","43,000,000","43,000,000","43,000,000","43,000,000","45,000,000","53,000,000","52,000,000","53,000,000","55,000,000","74,000,000","63,000,000","61,000,000","64,000,000","69,000,000","68,000,000","69,000,000","71,000,000","76,000,000","76,000,000","79,000,000","76,000,000","77,000,000","76,000,000","80,000,000","81,000,000","102,000,000","101,000,000","100,000,000","94,000,000","133,000,000","71,000,000","79,000,000","105,000,000","70,000,000","70,000,000","69,000,000","70,000,000",,"71,000,000","68,000,000","67,000,000","70,000,000","77,000,000","80,000,000","83,000,000","88,000,000","90,000,000","90,000,000","93,000,000","100,000,000","92,000,000","99,000,000","103,000,000","118,000,000","118,000,000","121,000,000","121,000,000","140,000,000","137,000,000","135,000,000","136,000,000","133,000,000","130,000,000","128,000,000","132,000,000","911,000,000","-128,900,000","-132,500,000","-130,600,000","854,000,000","-184,500,000","-93,800,000","-88,000,000","588,500,000","-85,300,000","-89,200,000","-79,500,000","482,200,000","-72,800,000","-66,100,000","-64,900,000","420,600,000","-59,900,000","-57,200,000","-57,700,000","363,300,000","-50,600,000","-46,700,000","-55,400,000","-52,600,000","-48,300,000","-46,800,000","-48,000,000","-54,700,000","-45,400,000","-47,200,000","-44,300,000","-47,000,000","-45,800,000","-50,100,000","-49,700,000","-48,400,000","-51,500,000","-49,600,000","-44,100,000","-46,500,000","-39,600,000","41,300,000",,,,,,,,,,,,,,,
NetIncomeFromContinuingOperationNetMinorityInterest,"143,000,000","17,000,000","25,000,000","48,000,000","53,000,000","71,000,000","40,000,000","45,000,000","-174,000,000","38,000,000","85,000,000","111,000,000","-68,000,000","98,000,000","100,000,000","95,000,000","124,000,000","108,000,000","-104,000,000","69,000,000","71,000,000","75,000,000","485,000,000","57,000,000","53,000,000","45,000,000","-86,000,000","119,000,000","59,000,000","63,000,000","120,000,000","91,000,000","88,000,000","35,000,000","43,000,000","69,000,000","93,000,000","40,000,000","88,000,000","56,000,000","86,000,000","70,000,000","71,000,000","110,000,000","68,000,000","-30,000,000","-14,000,000","46,000,000","9,000,000","-31,000,000","-236,000,000","-38,000,000","0","-157,000,000","459,000,000","-270,000,000","-138,000,000","692,000,000","-228,000,000","-64,000,000","-105,000,000","-36,000,000","-210,000,000","-272,000,000","-31,000,000","-105,000,000","57,000,000","-1,274,000,000","51,000,000","18,000,000","-83,000,000","51,000,000","73,000,000","50,000,000","13,000,000","61,000,000","55,000,000","46,000,000","11,000,000","4,000,000","52,000,000","-9,000,000","-298,000,000","13,000,000","14,000,000","-27,000,000","-84,000,000","29,000,000","145,000,000","245,000,000","-200,000","161,500,000","190,200,000","161,500,000","135,000,000","98,300,000","116,000,000","107,600,000","84,400,000","98,300,000","93,800,000","92,600,000","70,600,000","65,200,000","91,500,000","78,700,000","78,900,000","60,900,000","89,100,000","59,200,000","59,600,000","52,900,000","68,000,000","47,700,000","35,200,000","33,300,000","36,600,000","23,500,000","3,500,000","18,400,000","19,700,000","1,500,000","1,800,000","5,000,000","4,600,000","2,100,000","4,100,000","16,800,000","31,600,000","23,100,000","20,700,000","29,600,000","42,900,000","38,900,000","43,700,000","40,700,000","42,700,000","35,100,000","29,000,000","38,100,000","42,500,000","31,000,000","100,000","12,200,000","39,300,000","34,300,000","29,600,000","41,100,000"
TotalUnusualItemsExcludingGoodwill,"17,000,000","0","61,000,000","-9,000,000","-35,000,000","-27,000,000","10,000,000","-8,000,000","-19,000,000","-55,000,000","-17,000,000","-14,000,000","-19,000,000","-27,000,000","-38,000,000","-9,000,000","-34,000,000","-1,000,000","-32,000,000","-18,000,000","-20,000,000","-15,000,000","-90,000,000","-15,000,000","-23,000,000","-5,000,000","-12,000,000","-42,000,000","-15,000,000","3,000,000","-103,000,000","4,000,000","11,000,000","-22,000,000","1,000,000","-2,000,000","-4,000,000","-12,000,000","-30,000,000","-8,000,000","-21,000,000","-8,000,000","-27,000,000","-24,000,000","3,000,000","-85,000,000","-1,000,000","-8,000,000","-26,000,000","-19,000,000","-81,000,000","-14,000,000","-87,000,000","-51,000,000","1,051,000,000","-123,000,000","-114,000,000","942,000,000","-183,000,000","-74,000,000","-140,000,000","-10,000,000","-149,000,000","-192,000,000","4,000,000","-38,000,000",,,,,,,,,"103,000,000","0","0","0","41,000,000","-35,000,000","-56,000,000","-39,000,000","-269,000,000","-12,000,000","-4,000,000","-22,000,000","161,000,000","-69,000,000","-15,000,000","-19,000,000","-229,800,000","41,900,000","42,600,000","8,400,000","-125,600,000","29,300,000","75,600,000","73,800,000",,"186,700,000","82,300,000","142,000,000",,"52,300,000","54,600,000","65,600,000",,"45,800,000","52,600,000","32,900,000",,"43,600,000","28,900,000","30,800,000","29,200,000","29,200,000","27,200,000","34,100,000","39,700,000","36,900,000","39,700,000","53,900,000","55,000,000","56,300,000","49,300,000","53,600,000","82,500,000","70,600,000","54,300,000","61,400,000","66,900,000","63,500,000","73,900,000",,,,,,,,,,,,,,,
TotalUnusualItems,"17,000,000","0","61,000,000","-9,000,000","-35,000,000","-27,000,000","10,000,000","-8,000,000","-19,000,000","-55,000,000","-17,000,000","-14,000,000","-19,000,000","-27,000,000","-38,000,000","-9,000,000","-34,000,000","-1,000,000","-32,000,000","-18,000,000","-20,000,000","-15,000,000","-90,000,000","-15,000,000","-23,000,000","-5,000,000","-12,000,000","-42,000,000","-15,000,000","3,000,000","-103,000,000","4,000,000","11,000,000","-22,000,000","1,000,000","-2,000,000","-4,000,000","-12,000,000","-30,000,000","-8,000,000","-21,000,000","-8,000,000","-27,000,000","-24,000,000","3,000,000","-85,000,000","-1,000,000","-8,000,000","-26,000,000","-19,000,000","-81,000,000","-14,000,000","-87,000,000","-51,000,000","1,051,000,000","-123,000,000","-114,000,000","942,000,000","-183,000,000","-74,000,000","-140,000,000","-10,000,000","-149,000,000","-192,000,000","4,000,000","-38,000,000",,,,,,,,,"103,000,000","0","0","0","41,000,000","-35,000,000","-56,000,000","-39,000,000","-269,000,000","-12,000,000","-4,000,000","-22,000,000","161,000,000","-69,000,000","-15,000,000","-19,000,000","-229,800,000","41,900,000","42,600,000","8,400,000","-125,600,000","29,300,000","75,600,000","73,800,000",,"186,700,000","82,300,000","142,000,000",,"52,300,000","54,600,000","65,600,000",,"45,800,000","52,600,000","32,900,000",,"43,600,000","28,900,000","30,800,000","29,200,000","29,200,000","27,200,000","34,100,000","39,700,000","36,900,000","39,700,000","53,900,000","55,000,000","56,300,000","49,300,000","53,600,000","82,500,000","70,600,000","54,300,000","61,400,000","66,900,000","63,500,000","73,900,000",,,,,,,,,,,,,,,
NormalizedEBITDA,"707,000,000","165,000,000","116,000,000","203,000,000","223,000,000","232,000,000","182,000,000","194,000,000","-7,000,000","193,000,000","212,000,000","240,000,000","11,000,000","246,000,000","236,000,000","225,000,000","236,000,000","245,000,000","188,000,000","209,000,000","204,000,000","199,000,000","156,000,000","162,000,000","178,000,000","147,000,000","128,000,000","161,000,000","182,000,000","174,000,000","134,000,000","199,000,000","190,000,000","178,000,000","168,000,000","195,000,000","215,000,000","168,000,000","169,000,000","193,000,000","224,000,000","206,000,000","188,000,000","255,000,000","190,000,000","182,000,000","104,000,000","148,000,000","149,000,000","91,000,000","-2,000,000","102,000,000","201,000,000","14,000,000","-376,000,000","122,000,000","217,000,000","-832,000,000","278,000,000","178,000,000","269,000,000","113,000,000","90,000,000","233,000,000","87,000,000","107,000,000","126,000,000","-19,000,000","173,000,000","140,000,000","93,000,000","126,000,000","219,000,000","177,000,000","-151,000,000","208,000,000","196,000,000","191,000,000","-38,000,000","259,000,000","351,000,000","250,000,000","161,000,000","255,000,000","251,000,000","207,000,000","-371,000,000","357,000,000","431,000,000","635,000,000","1,390,300,000","360,900,000","410,900,000","430,700,000","1,164,100,000","366,900,000","191,400,000","180,300,000","669,400,000","-40,700,000","135,000,000","38,400,000","584,300,000","120,800,000","141,800,000","112,900,000","712,700,000","110,800,000","148,100,000","152,100,000","577,300,000","90,300,000","137,300,000","112,800,000","94,200,000","81,900,000","96,200,000","65,700,000","4,400,000","45,700,000","44,200,000","-17,400,000","-25,200,000","-11,800,000","7,200,000","-5,500,000","-28,200,000","23,600,000","75,300,000","38,100,000","25,200,000","23,100,000","42,600,000","1,383,700,000","-3,402,000,000","1,245,800,000","1,362,100,000","1,305,000,000","-2,729,800,000","1,009,100,000","1,053,500,000","1,003,400,000","-2,536,200,000","888,000,000","979,000,000","962,000,000","-2,459,500,000","909,000,000"
TaxRateForCalcs,"0.332","0.4","0.348","0.31","0.25","0.29","0.4","0.3","0.27","0.27","0.27","0.25","0.27","0.17","0.031","0.25","0.27","0.31","0.4","0.32","0.31","0.29","0.4","0.18","0.36","0.33","0.4","0.4","0.37","0.3","0.35","0.24","0.277","0.35","0.354","0.33","0.271","0.38","0.35","0.347","0.237","0.35","0.35","0.215","0.33","0.35","0.35","0.35","0.35","0.086","0.35","0.184","0.35","0.054","0.352","0.35","0.35","0.24","0.35","0.045","0.35","0.35","0.051","0.4","0.4","0.4","0.4","0.4","0.189","0","0.4","0.4","0.077","0.4","0.4","0.049","0.4","0.4","0.12","0.4","0.231","0.4","0.328","0.4","0.4","0.4","0.29","0.4","0.349","0.383","0.37","0.337","0.348","0.34","0.394","0.4","0.378","0.399","0.355","0.4","0.393","0.4","0.227","0.358","0.351","0.4","0.179","0.384","0.394","0.4","0.336","0.4","0.4","0.4","0.4","0.367","0.373","0.4","0.4","0.4","0.318","0.4","0.4","0.138","0.4","0.4","0.4","0.4","0.4","0.4","0.4","0.287","0.4","0.4","0.4","0.4","0.4","0.4","0.4","0.4","0.4","0.4","0.4","0.4","0.4","0.4","0.4","0.4"
TaxEffectOfUnusualItems,"5,639,024.39","0","21,217,391.304","-2,790,000","-8,750,000","-7,830,000","4,000,000","-2,400,000","-5,130,000","-14,850,000","-4,590,000","-3,500,000","-5,130,000","-4,590,000","-1,163,265.306","-2,250,000","-9,180,000","-310,000","-12,800,000","-5,760,000","-6,200,000","-4,350,000","-36,000,000","-2,700,000","-8,280,000","-1,650,000","-4,800,000","-16,800,000","-5,550,000","900,000","-36,050,000","958,677.686","3,050,420.168","-7,700,000","353,846.154","-660,194.175","-1,085,271.318","-4,563,380.282","-10,500,000","-2,778,947.368","-4,973,684.211","-2,800,000","-9,450,000","-5,155,555.556","989,361.702","-29,750,000","-350,000","-2,800,000","-9,100,000","-1,628,571.429","-28,350,000","-2,571,428.571","-30,450,000","-2,765,060.241","370,070,422.535","-43,050,000","-39,900,000","226,203,947.368","-64,050,000","-3,313,432.836","-49,000,000","-3,500,000","-7,641,025.641","-76,800,000","1,600,000","-15,200,000","0","0","0","0","0","0","0","0","41,200,000","0","0","0","4,920,000","-14,000,000","-12,923,076.923","-15,600,000","-88,336,864.407","-4,800,000","-1,600,000","-8,800,000","46,741,935.484","-27,600,000","-5,230,769.231","-7,284,974.093","-85,111,111.111","14,110,061.602","14,842,137.718","2,858,333.333","-49,445,977.011","11,720,000","28,603,215.434","29,437,541.899","0","74,680,000","32,334,045.307","56,800,000","0","18,737,401.575","19,142,938.254","26,240,000","0","17,597,573.306","20,739,632.903","13,160,000","0","17,440,000","11,560,000","12,320,000","11,680,000","10,714,068.441","10,153,424.658","13,640,000","15,880,000","14,760,000","12,638,062.284","21,560,000","22,000,000","7,765,517.241","19,720,000","21,440,000","33,000,000","28,240,000","21,720,000","24,560,000","26,760,000","18,208,433.735","29,560,000","0","0","0","0","0","0","0","0","0","0","0","0","0","0","0"