name,ttm,03/31/2022,12/31/2021,09/30/2021,06/30/2021,03/31/2021,12/31/2020,09/30/2020,06/30/2020,03/31/2020,12/31/2019,09/30/2019,06/30/2019,03/31/2019,12/31/2018,09/30/2018,06/30/2018,03/31/2018,12/31/2017,09/30/2017,06/30/2017,03/31/2017,12/31/2016,09/30/2016,06/30/2016,03/31/2016,12/31/2015,09/30/2015,06/30/2015,03/31/2015,12/31/2014,09/30/2014,06/30/2014,03/31/2014,12/31/2013,09/30/2013,06/30/2013,03/31/2013,12/31/2012,09/30/2012,06/30/2012,03/31/2012,12/31/2011,09/30/2011,06/30/2011,03/31/2011,12/31/2010,09/30/2010,06/30/2010,03/31/2010,12/31/2009,09/30/2009,06/30/2009,03/31/2009,12/31/2008,09/30/2008,06/30/2008,03/31/2008,12/31/2007,09/30/2007,06/30/2007,03/31/2007,12/31/2006,09/30/2006,06/30/2006,03/31/2006,12/31/2005,09/30/2005,06/30/2005,03/31/2005,12/31/2004,09/30/2004,06/30/2004,03/31/2004,12/31/2003,09/30/2003,06/30/2003,03/31/2003,12/31/2002,09/30/2002,06/30/2002,03/31/2002,12/31/2001,09/30/2001,06/30/2001,03/31/2001,12/31/2000,09/30/2000,06/30/2000,03/31/2000,12/31/1999,09/30/1999,06/30/1999,03/31/1999,12/31/1998,09/30/1998,06/30/1998,03/31/1998,12/31/1997,09/30/1997,06/30/1997,03/31/1997,12/31/1996,09/30/1996,06/30/1996,03/31/1996,12/31/1995,09/30/1995,06/30/1995,03/31/1995,12/31/1994,09/30/1994,06/30/1994,03/31/1994,12/31/1993,09/30/1993,06/30/1993,03/31/1993,12/31/1992,09/30/1992,06/30/1992,03/31/1992,12/31/1991,09/30/1991,06/30/1991,03/31/1991,12/31/1990,09/30/1990,06/30/1990,03/31/1990,12/31/1989,09/30/1989,06/30/1989,03/31/1989,12/31/1988,09/30/1988,06/30/1988,03/31/1988
TotalRevenue,"602,524,000","133,001,000","150,870,000","156,096,000","162,557,000","146,116,000","175,328,000","135,147,000","112,060,000","134,705,000","164,570,000","155,272,000","157,272,000","151,980,000","180,712,000","164,511,000","176,568,000","165,888,000","177,264,000","152,907,000","159,467,000","156,431,000","165,937,000","156,362,000","158,111,000","152,555,000","183,363,000","151,574,000","170,504,000","160,722,000","187,438,000","166,944,000","151,512,000","147,758,000","154,817,000","135,717,000","120,787,000","102,079,000","101,571,000","90,532,000","83,610,000","77,920,000","69,860,000","57,538,000","55,128,000","47,896,000","51,595,000","41,503,000","35,144,000","31,627,000","36,432,000","27,667,000","24,705,000","24,031,000","34,920,000","35,577,000","36,656,000","31,787,000","44,930,000","38,228,000","36,426,000","36,932,000","42,576,000","31,470,000","27,984,000","33,527,000","44,145,000","32,324,000","32,769,000","30,432,000","38,320,000","29,651,000","27,893,000","29,515,000","35,193,000","24,935,000","26,871,000","23,017,000","31,594,000","28,389,000","28,782,000","27,195,000","36,735,000","31,544,000","25,042,000","27,903,000","31,699,000","29,548,000","25,416,000","23,012,000","28,300,000","23,900,000","22,000,000","22,700,000","27,200,000","23,300,000","24,700,000","22,800,000","24,700,000","22,300,000","21,800,000","21,400,000","22,100,000","19,800,000","18,600,000","19,200,000","18,700,000","15,600,000","14,700,000","13,600,000","12,200,000","11,200,000","10,400,000","9,500,000","8,600,000","8,100,000","7,200,000","7,200,000","6,100,000","6,900,000","5,600,000","7,300,000","4,700,000","4,300,000","5,900,000","4,600,000","3,500,000","7,200,000","7,100,000","7,200,000","6,700,000","5,500,000","3,700,000","1,600,000","1,900,000","1,100,000","1,100,000","500,000"
	OperatingRevenue,"602,524,000","133,001,000","150,870,000","156,096,000","162,557,000","146,116,000","175,328,000","135,147,000","112,060,000","134,705,000","164,570,000","155,272,000","157,272,000","151,980,000","180,712,000","164,511,000","176,568,000","165,888,000","177,264,000","152,907,000","159,467,000","156,431,000","165,937,000","156,362,000","158,111,000","152,555,000","183,363,000","151,574,000","170,504,000","160,722,000","187,438,000","166,944,000","151,512,000","147,758,000","154,817,000","135,717,000","120,787,000","102,079,000","101,571,000","90,532,000","83,610,000","77,920,000","69,860,000","57,538,000","55,128,000","47,896,000","51,595,000","41,503,000","35,144,000","31,627,000","36,432,000","27,667,000","24,705,000","24,031,000","34,920,000","35,577,000","36,656,000","31,787,000","44,930,000","38,228,000","36,426,000","36,932,000","42,576,000","31,470,000","27,984,000","33,527,000","44,145,000","32,324,000","32,769,000","30,432,000","38,320,000","29,651,000","27,893,000","29,515,000","35,193,000","24,935,000","26,871,000","23,017,000","31,594,000","28,389,000","28,782,000","27,195,000","36,735,000","31,544,000","25,042,000","27,903,000","31,699,000","29,548,000","25,416,000","23,012,000","28,300,000","23,900,000","22,000,000","22,700,000","27,200,000","23,300,000","24,700,000","22,800,000","24,700,000","22,300,000","21,800,000","21,400,000","22,100,000","19,800,000","18,600,000","19,200,000","18,700,000","15,600,000","14,700,000","13,600,000","12,200,000","11,200,000","10,400,000","9,500,000","8,600,000","8,100,000","7,200,000","7,200,000","6,100,000","6,900,000","5,600,000","7,300,000","4,700,000","4,300,000","5,900,000","4,600,000","3,500,000","7,200,000","7,100,000","7,200,000","6,700,000","5,500,000","3,700,000","1,600,000","1,900,000","1,100,000","1,100,000","500,000"
CostOfRevenue,"349,191,000","79,206,000","84,652,000","91,781,000","93,552,000","81,876,000","102,879,000","76,520,000","76,893,000","77,573,000","92,814,000","87,991,000","83,973,000","86,275,000","98,159,000","86,701,000","90,406,000","88,006,000","91,806,000","94,385,000","78,794,000","76,245,000","83,047,000","87,425,000","77,700,000","75,042,000","123,203,000","80,536,000","88,877,000","81,738,000","97,672,000","87,146,000","79,114,000","72,286,000","74,720,000","64,280,000","58,204,000","48,602,000","49,075,000","43,653,000","40,642,000","39,067,000","36,996,000","29,775,000","29,925,000","24,699,000","26,724,000","22,675,000","19,188,000","17,306,000","20,330,000","15,348,000","13,875,000","13,552,000","19,486,000","21,789,000","23,336,000","18,361,000","26,790,000","22,290,000","22,947,000","21,029,000","26,500,000","20,730,000","19,913,000","19,512,000","23,218,000","17,471,000","18,424,000","17,427,000","20,623,000","15,594,000","15,590,000","17,481,000","20,148,000","15,112,000","16,090,000","15,522,000","18,132,000","16,242,000","17,908,000","17,058,000","20,994,000","18,025,000","14,131,000","14,699,000","15,094,000","13,403,000","11,613,000","10,457,000","17,600,000","12,200,000","12,200,000","12,200,000","13,100,000","12,100,000","12,400,000","12,100,000","15,800,000","12,600,000","12,000,000","11,700,000","11,200,000","9,400,000","8,700,000","9,000,000","8,300,000","7,300,000","6,800,000","5,900,000","5,900,000","4,900,000","5,300,000","4,500,000","3,500,000","3,900,000","3,600,000","3,600,000","2,900,000","3,300,000","2,700,000","3,500,000","2,800,000","2,800,000","2,700,000","2,300,000","1,800,000","2,800,000","2,600,000","2,700,000",,,,,,,,
GrossProfit,"253,333,000","53,795,000","66,218,000","64,315,000","69,005,000","64,240,000","72,449,000","58,627,000","35,167,000","57,132,000","71,756,000","67,281,000","73,299,000","65,705,000","82,553,000","77,810,000","86,162,000","77,882,000","85,458,000","58,522,000","80,673,000","80,186,000","82,890,000","68,937,000","80,411,000","77,513,000","60,160,000","71,038,000","81,627,000","78,984,000","89,766,000","79,798,000","72,398,000","75,472,000","80,097,000","71,437,000","62,583,000","53,477,000","52,496,000","46,879,000","42,968,000","38,853,000","32,864,000","27,763,000","25,203,000","23,197,000","24,871,000","18,828,000","15,956,000","14,321,000","16,102,000","12,319,000","10,830,000","10,479,000","15,434,000","13,788,000","13,320,000","13,426,000","18,140,000","15,938,000","13,479,000","15,903,000","16,076,000","10,740,000","8,071,000","14,015,000","20,927,000","14,853,000","14,345,000","13,005,000","17,697,000","14,057,000","12,303,000","12,034,000","15,045,000","9,823,000","10,781,000","7,495,000","13,462,000","12,147,000","10,874,000","10,137,000","15,741,000","13,519,000","10,911,000","13,204,000","16,605,000","16,145,000","13,803,000","12,555,000","10,700,000","11,700,000","9,800,000","10,500,000","14,100,000","11,200,000","12,300,000","10,700,000","8,900,000","9,700,000","9,800,000","9,700,000","10,900,000","10,400,000","9,900,000","10,200,000","10,400,000","8,300,000","7,900,000","7,700,000","6,300,000","6,300,000","5,100,000","5,000,000","5,100,000","4,200,000","3,600,000","3,600,000","3,200,000","3,600,000","2,900,000","3,800,000","1,900,000","1,500,000","3,200,000","2,300,000","1,700,000","4,400,000","4,500,000","4,500,000",,,,,,,,
OperatingExpense,"307,675,000","77,027,000","70,060,000","81,523,000","79,065,000","66,199,000","71,718,000","77,931,000","69,039,000","75,350,000","76,455,000","79,215,000","92,465,000","87,010,000","89,572,000","88,794,000","93,884,000","95,380,000","91,161,000","90,857,000","87,537,000","89,257,000","78,817,000","90,954,000","84,128,000","94,272,000","88,902,000","105,675,000","105,469,000","96,508,000","85,538,000","71,590,000","68,036,000","65,955,000","62,121,000","42,867,000","45,787,000","35,958,000","34,330,000","28,443,000","28,969,000","28,883,000","22,165,000","18,972,000","17,202,000","15,786,000","15,183,000","13,668,000","12,542,000","11,663,000","11,671,000","11,227,000","11,673,000","12,086,000","13,934,000","14,330,000","16,133,000","16,661,000","16,704,000","15,506,000","18,400,000","17,169,000","20,427,000","17,677,000","15,979,000","13,020,000","15,240,000","13,346,000","12,601,000","11,371,000","13,248,000","11,364,000","12,156,000","13,258,000","19,027,000","13,109,000","12,283,000","13,256,000","16,190,000","14,918,000","16,678,000","14,828,000","18,846,000","12,792,000","11,730,000","11,103,000","12,940,000","11,898,000","10,971,000","10,961,000","8,300,000","13,200,000","14,800,000","13,900,000","13,100,000","10,700,000","11,600,000","10,200,000","12,600,000","13,300,000","10,500,000","9,400,000","9,100,000","9,200,000","8,900,000","8,700,000","9,600,000","6,900,000","6,400,000","6,400,000","5,600,000","5,600,000","4,600,000","4,100,000","3,700,000","3,900,000","4,100,000","4,200,000","4,700,000","4,100,000","3,800,000","3,500,000","4,500,000","4,800,000","4,500,000","4,500,000","4,600,000","4,300,000","4,300,000","4,100,000",,,,,,,,
	SellingGeneralAndAdministration,"233,512,000","55,415,000","50,897,000","65,737,000","61,463,000","49,600,000","52,682,000","59,065,000","52,042,000","56,106,000","59,319,000","58,275,000","71,654,000","65,107,000","66,062,000","65,600,000","71,172,000","69,497,000","68,195,000","66,497,000","63,088,000","66,405,000","57,767,000","64,814,000","63,228,000","73,967,000","66,542,000","83,212,000","79,738,000","74,292,000","63,026,000","53,656,000","50,322,000","48,720,000","45,547,000","32,054,000","36,189,000","29,454,000","26,524,000","22,900,000","24,048,000","23,950,000","17,571,000","15,100,000","14,159,000","12,964,000","12,437,000","10,960,000","9,776,000","9,158,000","9,160,000","8,362,000","8,818,000","9,188,000","9,826,000","10,414,000","12,555,000","13,064,000","12,512,000","11,883,000","14,872,000","14,892,000","16,416,000","13,821,000","10,695,000","9,763,000","11,869,000","9,917,000","9,900,000","8,696,000","10,528,000","8,751,000","9,512,000","10,761,000","17,176,000","11,092,000","9,719,000","10,656,000","13,259,000","11,129,000","14,591,000","10,970,000","15,760,000","10,001,000","9,081,000","8,919,000","9,709,000","8,430,000","7,239,000","7,333,000","4,500,000","9,600,000","11,000,000","10,200,000","8,700,000","7,600,000","7,500,000","6,600,000","8,800,000","7,300,000","7,200,000","6,400,000","6,200,000","6,100,000","6,200,000","6,200,000","6,800,000","4,800,000","4,400,000","4,300,000","4,000,000","3,800,000","3,500,000","3,200,000","3,200,000","3,500,000","3,700,000","3,900,000","4,200,000","3,600,000","3,500,000","3,200,000","4,100,000","4,700,000","4,000,000","4,300,000","4,300,000","4,000,000","4,200,000","3,900,000",,,,,,,,
	ResearchAndDevelopment,"74,163,000","21,612,000","19,163,000","15,786,000","17,602,000","16,599,000","19,036,000","18,866,000","16,997,000","19,244,000","17,136,000","20,940,000","20,811,000","21,903,000","23,510,000","23,194,000","22,712,000","25,883,000","22,966,000","24,360,000","24,449,000","22,852,000","21,050,000","26,140,000","20,900,000","20,305,000","22,360,000","22,463,000","25,731,000","22,216,000","22,512,000","17,934,000","17,714,000","17,235,000","16,574,000","10,813,000","9,598,000","6,504,000","7,806,000","5,543,000","4,921,000","4,933,000","4,594,000","3,872,000","3,043,000","2,822,000","2,746,000","2,708,000","2,766,000","2,505,000","2,511,000","2,865,000","2,855,000","2,898,000","4,108,000","3,916,000","3,578,000","3,597,000","4,192,000","3,623,000","3,528,000","3,087,000","4,011,000","3,856,000","2,974,000","3,257,000","3,371,000","3,429,000","2,701,000","2,675,000","2,720,000","2,613,000","2,644,000","2,497,000","1,851,000","2,017,000","2,564,000","2,600,000","2,931,000","3,789,000","4,787,000","3,858,000","3,086,000","2,791,000","2,649,000","2,184,000","1,924,000","1,911,000","2,108,000","1,871,000","2,000,000","2,000,000","2,400,000","2,400,000","2,600,000","1,900,000","2,600,000","2,300,000","2,400,000","4,700,000","2,000,000","1,900,000","1,800,000","2,200,000","1,800,000","1,800,000","1,800,000","1,400,000","1,400,000","1,500,000","900,000","900,000","800,000","600,000",,,,,,,,,,,,,,,,,,,,,,,,
	DepreciationAmortizationDepletionIncomeStatement,,,,,,,,,,,,,,,,,,,,,,,,,,,,,,,,,,,,,,,,,,,,,,,,,,,,,,,,,,,,,,,,,,,,,,,,,,,,,,,,,,,,,,,"1,307,000","1,557,000","1,624,000","1,757,000","1,800,000","1,600,000","1,400,000","1,300,000","1,800,000","1,200,000","1,500,000","1,300,000","1,400,000","1,300,000","1,300,000","1,100,000","1,100,000","900,000","900,000","700,000","1,000,000","700,000","600,000","600,000","700,000","900,000","300,000","300,000","500,000","400,000","400,000","300,000","500,000","500,000","300,000","300,000","400,000","100,000","500,000","200,000","300,000","300,000","100,000","200,000",,,,,,,,
		DepreciationAndAmortizationInIncomeStatement,,,,,,,,,,,,,,,,,,,,,,,,,,,,,,,,,,,,,,,,,,,,,,,,,,,,,,,,,,,,,,,,,,,,,,,,,,,,,,,,,,,,,,,"1,307,000","1,557,000","1,624,000","1,757,000","1,800,000","1,600,000","1,400,000","1,300,000","1,800,000","1,200,000","1,500,000","1,300,000","1,400,000","1,300,000","1,300,000","1,100,000","1,100,000","900,000","900,000","700,000","1,000,000","700,000","600,000","600,000","700,000","900,000","300,000","300,000","500,000","400,000","400,000","300,000","500,000","500,000","300,000","300,000","400,000","100,000","500,000","200,000","300,000","300,000","100,000","200,000",,,,,,,,
	OtherOperatingExpenses,,,,,,,,,,,,,,,,,,,,,,,,,,,,,,,,,,,,,,,,,,,,,,,,,,,,,,,,,,,,,,"-810,000",,,"2,310,000",,,,,,,,,,,,,,,,"-2,700,000",,,,,,,,,,,,,,,,,,,,,,,,,,,,,,,,,,,,,,,,,,,,,,,,,,,,,,,,,
OperatingIncome,"-54,342,000","-23,232,000","-3,842,000","-17,208,000","-10,060,000","-1,959,000","731,000","-19,304,000","-33,872,000","-18,218,000","-4,699,000","-11,934,000","-19,166,000","-21,305,000","-7,019,000","-10,984,000","-7,722,000","-17,498,000","-5,703,000","-32,335,000","-6,864,000","-9,071,000","4,073,000","-22,017,000","-3,717,000","-16,759,000","-28,742,000","-34,637,000","-23,842,000","-17,524,000","4,228,000","8,208,000","4,362,000","9,517,000","17,976,000","28,570,000","16,796,000","17,519,000","18,166,000","18,436,000","13,999,000","9,970,000","10,699,000","8,791,000","8,001,000","7,411,000","9,688,000","5,160,000","3,414,000","2,658,000","4,431,000","1,092,000","-843,000","-1,607,000","1,500,000","-542,000","-2,813,000","-3,235,000","1,436,000","432,000","-4,921,000","-1,266,000","-4,351,000","-6,937,000","-7,908,000","995,000","5,687,000","1,507,000","1,744,000","1,634,000","4,449,000","2,693,000","147,000","-1,224,000","-3,982,000","-3,286,000","-1,502,000","-5,761,000","-2,728,000","-2,771,000","-5,804,000","-4,691,000","-3,105,000","727,000","-819,000","2,101,000","3,665,000","4,247,000","2,832,000","1,594,000","2,400,000","-1,500,000","-5,000,000","-3,400,000","1,000,000","500,000","700,000","500,000","-3,700,000","-3,600,000","-700,000","300,000","1,800,000","1,200,000","1,000,000","1,500,000","800,000","1,400,000","1,500,000","1,300,000","700,000","700,000","500,000","900,000","1,400,000","300,000","-500,000","-600,000","-1,500,000","-500,000","-900,000","300,000","-2,600,000","-3,300,000","-1,300,000","-2,200,000","-2,900,000","100,000","200,000","400,000","-13,200,000","5,500,000","3,700,000","1,600,000","-8,500,000","1,100,000","1,100,000","500,000"
NetNonOperatingInterestIncomeExpense,"-699,000","165,000","-672,000","19,000","-211,000","-1,038,000","-292,000","-611,000","-2,050,000","-1,038,000","-840,000","-953,000","-864,000","-576,000","-364,000","-40,000","11,000","-6,000","9,000","-10,000","-71,000","-63,000","-22,000","-119,000","-130,000","-204,000","-365,000","-434,000","-537,000","-2,567,000","-2,449,000","-3,955,000","-1,476,000","-1,048,000","-1,475,000","-2,651,000","-2,662,000","-10,067,000","-8,703,000","-2,167,000","-3,100,000","-2,700,000","-2,056,000","-100,000","-100,000","-200,000","-1,081,000","-100,000","-100,000","-100,000","-698,000","-151,000","-260,000","-227,000",,,,,,,,,,,,,,,,,,,,,,,,,,,,,,,,,,,,,,,,,,,,,,,,,,,,,,,,,,,,,,,,,,,,,,,,,,,,,,,,,,,,
	InterestIncomeNonOperating,,"165,000",,,,,,,,,,,,,,"180,000","231,000","222,000","229,000","227,000","161,000","167,000","207,000","153,000","231,000","216,000","159,000","120,000","155,000",,,,,,,,,,,,,,,,,,,,,,,"0",,,,,,,,,,,,,,,,,,,,,,,,,,,,,,,,,,,,,,,,,,,,,,,,,,,,,,,,,,,,,,,,,,,,,,,,,,,,,,,,,,,,,,
	InterestExpenseNonOperating,,,"672,000","-19,000","211,000","1,038,000","292,000","611,000","2,050,000","1,038,000","840,000","953,000","864,000","576,000","-269,000","220,000","220,000","228,000","220,000","237,000","232,000","230,000","229,000","272,000","361,000","420,000","524,000","554,000","692,000","2,567,000","2,449,000","3,955,000","1,476,000","1,048,000","1,475,000","2,651,000","2,662,000","10,067,000","8,703,000",,"3,100,000","2,700,000","2,056,000","100,000","100,000","200,000","1,081,000","100,000","100,000","100,000","689,000","151,000","260,000","227,000",,,,,,,,,,,,,,,,,,,,,,,,,,,,,,,,,,,,,,,,,,,,,,,,,,,,,,,,,,,,,,,,,,,,,,,,,,,,,,,,,,,,
	TotalOtherFinanceCost,,,"1,787,000",,,,"16,849,000",,,,"840,000","953,000","864,000",,"1,172,000",,,,"3,425,000",,,,"102,000",,,,,,,"2,567,000","2,449,000","3,955,000","1,476,000","1,048,000","1,475,000","2,651,000","2,662,000","10,067,000","8,703,000","2,167,000",,,,,,,,,,,,,,,,,,,,,,,,,,,,,,,,,,,,,,,,,,,,,,,,,,,,,,,,,,,,,,,,,,,,,,,,,,,,,,,,,,,,,,,,,,,,,,,,,,
OtherIncomeExpense,"312,172,000","-2,448,000","-1,115,000","315,840,000","-105,000","39,891,000","-16,557,000","-50,108,000","-565,000","-1,526,000","-382,000","-1,865,000","-1,891,000","-625,000","-808,000","1,067,000","1,650,000","-1,519,000","-3,434,000","-1,247,000","1,004,000","264,000","-80,000","-1,505,000","338,000","330,000","-545,814,000","-939,000","448,000",,,,,,,,,,,,"-640,000","5,328,000",,"-554,000","207,000","496,000",,"592,000","-330,000","-304,000",,"92,000",,,,,,,,,,,"-983,000","-1,745,000","-2,310,000","-1,638,000","-1,178,000","-42,000","-7,000",,"-84,000","-380,000",,,"32,000","-223,000","-251,000",,"-4,000","-2,734,000",,"18,464,000",,,,,,,,,,,,"200,000","600,000","100,000","100,000","200,000","200,000","300,000","300,000","400,000","200,000","400,000","400,000","500,000","600,000","500,000","100,000","100,000","100,000",,,,,,,,,,,,"0","100,000",,"100,000","200,000","100,000","100,000","200,000",,,,,,,,
	GainOnSaleOfSecurity,"-2,666,000","-2,218,000","-598,000","222,000","-72,000","2,129,000","-3,178,000","-601,000","-871,000","-112,000","-83,000","-1,095,000","-70,000","-1,039,000","123,000","1,035,000","1,776,000","61,000","-1,620,000","-822,000","1,205,000","329,000","-246,000","-1,123,000","-55,000","1,518,000","-1,622,000","126,000","428,000",,,,,,,,,,,,,,,,,,,,,,,,,,,,,,,,,,,,,,,,,,,,,,,,,,,,,,,,,,,,,,,,,,,,,,,,,,,,,,,,,,,,,,,,,,,,,,,,,,,,,,,,,,,,,
	SpecialIncomeCharges,,,"0","0",,,"0","-48,300,000",,,,,,,,,,,,,,,"0",,,,,,,,,,,,,,,,,,"-640,000","5,328,000",,"-554,000","207,000","496,000",,"592,000","-330,000","-304,000",,"92,000",,,,,,,,,,,"-983,000","-1,745,000","-2,310,000","-1,638,000","-1,178,000","-42,000","-7,000",,"-84,000","-380,000",,,"32,000","-223,000","-251,000",,"-4,000","-2,734,000",,"18,464,000",,,,,,,,,,,,"200,000","600,000","100,000","100,000","200,000","200,000","300,000","300,000","400,000","200,000","400,000","400,000","500,000","600,000","500,000","100,000","100,000","100,000",,,,,,,,,,,,"0","100,000",,"100,000","200,000","100,000","100,000","200,000",,,,,,,,
		RestructuringAndMergernAcquisition,,,,,,,,,,,,,,,,,,,,,,,,,,,,,,,,,,,,,,,,,,,,,,,,,,,,,,,,,,,,,,,"983,000","1,745,000",,"1,638,000","1,178,000","42,000","7,000",,"84,000","380,000",,,"-32,000","223,000","251,000",,"4,000","2,734,000",,,,,,,,,,,,,,,,,,,,,,,,,,,,,,,,,,,,,,,,,,,,,,,,,,,,,,,,,,
		ImpairmentOfCapitalAssets,,,"0","0",,,"0","48,300,000",,,,,,,,,,,,,,,"0",,,,,,,,,,,,,,,,,,,,,,,,,,,,,,,,,,,,,,,,,,,,,,,,,,,,,,,,,,,,,,,,,,,,,,,,,,,,,,,,,,,,,,,,,,,,,,,,,,,,,,,,,,,,,,,,,,,
		OtherSpecialCharges,,,,,,,,,,,,,,,,,,,,,,,,,,,,,,,,,,,,,,,,,,,,,,,,,,,,,,,,,,,,,,,,,,,,,,,,,,,,,,,"0",,,,,,,,,,,,,,,,,,,,,,,,,,,,,,,,,,,,,,,,,,,,,,,,,,,,,,,,,,,
	OtherNonOperatingIncomeExpenses,"314,838,000","-230,000","-517,000","315,618,000","-33,000","37,762,000","-13,379,000","-1,207,000","306,000","-1,414,000","-299,000","-770,000","-1,821,000","414,000","-931,000","32,000","-126,000","-1,580,000","-1,814,000","-425,000","-201,000","-65,000","166,000","-382,000","393,000","-1,188,000","-7,013,000","-1,065,000","20,000",,,,,,,,,,,,,,,,,,,,,,,,,,,,,,,,,,,,,,,,,,,,,,,,,,,,,,,,,,,,,,,,,,,,,,,,,,,,,,,,,,,,,,,,,,,,,,,,,,,,,,,,,,,,,
PretaxIncome,"257,131,000","-25,515,000","-5,629,000","298,651,000","-10,376,000","36,894,000","-16,118,000","-70,023,000","-36,487,000","-20,782,000","-5,921,000","-14,752,000","-21,921,000","-22,506,000","-8,191,000","-9,957,000","-6,061,000","-19,023,000","-9,128,000","-33,592,000","-5,931,000","-8,870,000","3,971,000","-23,641,000","-3,509,000","-16,633,000","-574,921,000","-36,010,000","-23,931,000","-20,091,000","1,779,000","4,253,000","2,886,000","8,469,000","16,501,000","25,919,000","14,134,000","7,452,000","9,463,000","16,269,000","10,259,000","7,288,000","8,708,000","8,137,000","7,894,000","7,707,000","8,849,000","5,652,000","2,984,000","2,254,000","3,817,000","1,033,000","-1,103,000","-1,834,000","1,087,000","-629,000","-3,013,000","-3,305,000","1,415,000","578,000","-5,480,000","-2,762,000","-6,083,000","-9,018,000","-8,015,000","-757,000","4,481,000","1,261,000","1,552,000","1,289,000","3,785,000","1,895,000","-367,000","-1,691,000","-4,571,000","-3,903,000","-2,746,000","-6,655,000","-3,726,000","-6,134,000","-9,172,000","13,073,000","-4,116,000","367,000","-546,000","2,167,000","3,728,000","4,198,000","2,891,000","1,636,000","2,400,000","-1,400,000","-5,100,000","-3,400,000","1,100,000","700,000","800,000","600,000","-3,700,000","-3,300,000","-500,000","700,000","2,100,000","1,500,000","1,300,000","1,900,000","1,200,000","2,000,000","1,500,000","1,400,000","900,000","800,000","600,000","900,000","1,400,000",,,"-600,000",,,,"0",,,,,,,"200,000","400,000",,,,,,,,
TaxProvision,"7,106,000","1,284,000","571,000","5,995,000","-744,000","-8,334,000","3,712,000","2,866,000","1,464,000","-1,858,000","-1,261,000","2,010,000","1,938,000","1,844,000","-4,051,000","1,593,000","2,539,000","1,954,000","971,000","3,723,000","2,067,000","1,041,000","-1,212,000","-2,214,000","1,700,000","1,179,000","29,535,000","-3,524,000","-10,096,000","-6,943,000","75,000","1,113,000","694,000","3,559,000","5,248,000","8,279,000","4,791,000","1,569,000","-1,449,000","2,752,000","1,935,000","1,100,000","703,000","917,000","-5,479,000","885,000","-594,000","284,000","247,000","236,000","208,000","106,000","210,000","250,000","-762,000","360,000","310,000","386,000","62,000","248,000","-177,000","358,000","-124,000","2,241,000","-74,000","76,000","-1,947,000","100,000","253,000","94,000","309,000","-231,000","501,000","482,000","-2,000","78,000","815,000","216,000","11,888,000","-4,345,000","-3,210,000","4,575,000","-1,523,000","136,000","-202,000","802,000","1,343,000","1,427,000","983,000","556,000","700,000","-400,000","-1,400,000","-1,100,000","400,000","200,000","300,000","200,000","-1,100,000","-1,200,000","-200,000","300,000","400,000","500,000","500,000","800,000","-100,000","-2,900,000","100,000","100,000","-1,500,000","100,000","100,000","100,000","0",,,"100,000",,,,"-100,000",,,,,,,"100,000","200,000",,,,,,,,
NetIncomeCommonStockholders,"250,025,000","-26,799,000","-6,200,000","292,656,000","-9,632,000","45,228,000","-19,830,000","-72,889,000","-37,951,000","-18,924,000","-4,713,000","-16,843,000","-23,929,000","-24,394,000","-4,136,000","-11,550,000","-8,862,000","-20,961,000","-10,134,000","-37,670,000","-8,416,000","-9,971,000","5,230,000","-21,213,000","-4,648,000","-17,788,000","-596,366,000","-32,249,000","-13,696,000","-13,181,000","1,551,000","3,084,000","2,125,000","4,877,000","11,224,000","17,657,000","9,343,000","5,883,000","10,912,000","13,517,000","8,324,000","6,188,000","8,005,000","7,220,000","13,373,000","6,822,000","9,443,000","5,368,000","2,737,000","2,018,000","3,565,000","902,000","-1,317,000","-2,084,000","1,849,000","-989,000","-3,323,000","-3,691,000","1,353,000","330,000","-5,303,000","-3,120,000","-5,959,000","-11,259,000","-8,944,000","-1,244,000","6,017,000","749,000","855,000","783,000","3,065,000","1,713,000","-1,249,000","-2,502,000","-11,958,000","-4,301,000","-3,561,000","-6,871,000","-15,614,000","-1,789,000","-5,962,000","8,498,000","-2,593,000","231,000","-344,000","1,365,000","2,385,000","2,771,000","1,908,000","1,080,000","1,700,000","-1,000,000","-3,700,000","-2,300,000","700,000","500,000","500,000","400,000","-2,600,000","-2,100,000","-300,000","400,000","1,700,000","1,000,000","800,000","1,100,000","1,300,000","4,900,000","1,400,000","1,300,000","2,400,000","700,000","500,000","800,000","1,400,000","300,000","-500,000","-700,000","-1,500,000","-500,000","-900,000","200,000","-2,300,000","-3,400,000","-1,400,000","-2,300,000","-2,600,000",,"100,000","200,000",,,,,,,,
	NetIncome,"250,025,000","-26,799,000","-6,200,000","292,656,000","-9,632,000","45,228,000","-19,830,000","-72,889,000","-37,951,000","-18,924,000","-4,713,000","-16,843,000","-23,929,000","-24,394,000","-4,136,000","-11,550,000","-8,862,000","-20,961,000","-10,134,000","-37,670,000","-8,416,000","-9,971,000","5,230,000","-21,213,000","-4,648,000","-17,788,000","-596,366,000","-32,249,000","-13,696,000","-13,181,000","1,551,000","3,084,000","2,125,000","4,877,000","11,224,000","17,657,000","9,343,000","5,883,000","10,912,000","13,517,000","8,324,000","6,188,000","8,005,000","7,220,000","13,373,000","6,822,000","9,443,000","5,368,000","2,737,000","2,018,000","3,565,000","902,000","-1,317,000","-2,084,000","1,849,000","-989,000","-3,323,000","-3,691,000","1,353,000","330,000","-5,303,000","-3,120,000","-5,959,000","-11,259,000","-7,941,000","-833,000","6,428,000","1,161,000","1,299,000","1,195,000","3,476,000","2,126,000","-868,000","-2,173,000","-11,609,000","-3,981,000","-3,561,000","-6,871,000","-15,614,000","-1,789,000","-5,962,000","8,498,000","-2,593,000","231,000","-344,000","1,365,000","2,385,000","2,771,000","1,908,000","1,080,000","1,700,000","-1,000,000","-3,700,000","-2,300,000","700,000","500,000","500,000","400,000","-2,600,000","-2,100,000","-300,000","400,000","1,700,000","1,000,000","800,000","1,100,000","1,300,000","4,900,000","1,400,000","1,300,000","2,400,000","700,000","500,000","800,000","1,400,000","300,000","-500,000","-700,000","-1,500,000","-500,000","-900,000","200,000","-2,300,000","-3,400,000","-1,400,000","-2,300,000","-2,600,000",,"100,000","200,000",,,,,,,,
		NetIncomeIncludingNoncontrollingInterests,"250,025,000","-26,799,000","-6,200,000","292,656,000","-9,632,000","45,228,000","-19,830,000","-72,889,000","-37,951,000","-18,924,000","-4,660,000","-16,762,000","-23,859,000","-24,350,000","-4,140,000","-11,550,000","-8,600,000","-20,977,000","-10,099,000","-37,315,000","-7,998,000","-9,911,000","5,183,000","-21,427,000","-5,209,000","-17,812,000","-604,456,000","-32,486,000","-13,835,000","-13,148,000","1,704,000","3,140,000","2,192,000","4,910,000","11,253,000","17,640,000","9,343,000","5,883,000","10,912,000","13,517,000","8,324,000","6,188,000","8,005,000","7,220,000","13,373,000","6,822,000","9,443,000","5,368,000","2,737,000","2,018,000","3,609,000","927,000","-1,313,000","-2,084,000","1,849,000","-989,000","-3,323,000","-3,691,000","1,353,000","330,000","-5,303,000","-3,120,000","-5,959,000","-11,259,000","-7,941,000","-833,000","6,428,000","1,161,000","1,299,000","1,195,000","3,476,000","2,126,000","-868,000","-2,173,000","-11,609,000","-3,981,000","-3,561,000","-6,871,000","-15,614,000","-1,789,000","-5,962,000","8,498,000","-2,593,000","231,000","-344,000","1,365,000","2,385,000","2,771,000","1,908,000","1,080,000","1,700,000","-1,000,000","-3,700,000","-2,300,000","700,000","500,000","500,000","400,000","-2,600,000","-2,100,000","-300,000","400,000","1,700,000","1,000,000","800,000","1,100,000","1,300,000","4,900,000","1,400,000","1,300,000","2,400,000","700,000","500,000","800,000","1,400,000","300,000","-500,000","-700,000","-1,500,000","-500,000","-900,000","200,000","-2,300,000","-3,400,000","-1,400,000","-2,300,000","-2,600,000",,"100,000","200,000","500,000","300,000","-1,000,000","-1,800,000","100,000","-1,100,000","-1,300,000","-800,000"
			NetIncomeContinuousOperations,"250,025,000","-26,799,000","-6,200,000","292,656,000","-9,632,000","45,228,000","-19,830,000","-72,889,000","-37,951,000","-18,924,000","-4,660,000","-16,762,000","-23,859,000","-24,350,000","-4,140,000","-11,550,000","-8,600,000","-20,977,000","-10,099,000","-37,315,000","-7,998,000","-9,911,000","5,183,000","-21,427,000","-5,209,000","-17,812,000","-604,456,000","-32,486,000","-13,835,000","-13,148,000","1,704,000","3,140,000","2,192,000","4,910,000","11,253,000","17,640,000","9,343,000","5,883,000","10,912,000","13,517,000","8,324,000","6,188,000","8,005,000","7,220,000","13,373,000","6,822,000","9,443,000","5,368,000","2,737,000","2,018,000","3,609,000","927,000","-1,313,000","-2,084,000","1,849,000","-989,000","-3,323,000","-3,691,000","1,353,000","330,000","-5,303,000","-3,120,000","-5,959,000","-11,259,000","-7,941,000","-833,000","6,428,000","1,161,000","1,299,000","1,195,000","3,476,000","2,126,000","-868,000","-2,173,000","-4,569,000","-3,981,000","-3,561,000","-6,871,000","-15,614,000","-1,789,000","-5,962,000","8,498,000","-2,593,000","231,000","-344,000","1,365,000","2,385,000","2,771,000","1,908,000","1,080,000","1,700,000","-1,000,000","-3,700,000","-2,300,000","700,000","500,000","500,000","400,000","-2,600,000","-2,100,000","-300,000","400,000","1,700,000","1,000,000","800,000","1,100,000","1,300,000","4,900,000","1,400,000","1,300,000","2,400,000","700,000","500,000","800,000","1,400,000","300,000","-500,000","-700,000","-1,500,000","-500,000","-900,000","100,000","-2,300,000","-3,400,000","-1,400,000","-2,300,000","-2,600,000",,"100,000","200,000","500,000","300,000","-1,000,000","-1,800,000","100,000","-1,100,000","-1,300,000","-800,000"
			NetIncomeFromTaxLossCarryforward,,,,,,,,,,,,,,,,,,,,,,,,,,,,,,,,,,,,,,,,,,,,,,,,,,,,,,,,,,,,,,,,,,,,,,,,,,,,,,,,,,,,,,,,,,,,,,,,,,,,,,,,,,,,,,,,,,,,,,,,,,"100,000",,,,,,,,,,,,,,,,
		MinorityInterests,,,"0",,,,"0","0","0","0","-53,000","-81,000","-70,000","-44,000","4,000","0","-262,000","16,000","-35,000","-355,000","-418,000","-60,000","47,000","214,000","561,000","24,000","8,090,000","237,000","139,000","-33,000","-153,000","-56,000","-67,000","-33,000","-29,000","17,000",,,,,,,,,,,"0","0","0",,"-44,000","-25,000","-4,000",,,,,,,,,,,,,,,,,,,,,,,,,,,,,,,,,,,,,,,,,,,,,,,,,,,,,,,,,,,,,,,,,,,,,,,,,,,,,,,,,,,,,
	PreferredStockDividends,,,,,,,,,,,,,,,,,,,,,,,,,,,,,,,,,,,,,,,,,,,,,,,,,,,,,,,,,,,,,,,"0",,"1,003,000","411,000","411,000","412,000","444,000","412,000","411,000","413,000","381,000","329,000","349,000","320,000",,,,,,,,,,,,,,,,,,,,,,,,,,,,,,,,,,,,,,,,,,,,,,,,,,,,,,,,,,,,,,
	OtherunderPreferredStockDividend,,,,,,,,,,,,,,,,,,,,,,,,,,,,,,,,,,"0",,,"0","0",,,,,,,,,,,,,,,,,,,,,,,,,,,,,,,,,,,,,,,,,,,,,,,,,,,,,,,,,,,,,,,,,,,,,,,,,,,,,,,,,,,,,,,,,,,,,,,,,,,,
DilutedNIAvailtoComStockholders,"250,025,000","-26,799,000","-6,200,000","292,656,000","-9,632,000","45,228,000","-19,830,000","-72,889,000","-37,951,000","-18,924,000","-4,713,000","-16,843,000","-23,929,000","-24,394,000","-4,136,000","-11,550,000","-8,862,000","-20,961,000","-10,134,000","-37,670,000","-8,416,000","-9,971,000","5,230,000","-21,213,000","-4,648,000","-17,788,000","-596,366,000","-32,249,000","-13,696,000","-13,181,000","1,551,000","3,084,000","2,125,000","4,877,000","11,224,000","17,657,000","9,343,000","5,883,000","10,912,000","13,517,000","8,324,000","6,188,000","8,005,000","7,220,000","13,373,000","6,822,000","9,443,000","5,368,000","2,737,000","2,018,000","3,565,000","902,000","-1,317,000","-2,084,000","1,849,000","-989,000","-3,323,000","-3,691,000","1,353,000","330,000","-5,303,000","-3,120,000","-5,959,000","-11,259,000","-8,944,000","-1,244,000","6,017,000","749,000","855,000","783,000","3,065,000","1,713,000","-1,249,000","-2,502,000","-11,958,000","-4,301,000","-3,561,000","-6,871,000","-15,614,000","-1,789,000","-5,962,000","8,498,000","-2,593,000","231,000","-344,000","1,365,000","2,385,000","2,771,000","1,908,000","1,080,000","1,700,000","-1,000,000","-3,700,000","-2,300,000","700,000","500,000","500,000","400,000","-2,600,000","-2,100,000","-300,000","400,000","1,700,000","1,000,000","800,000","1,100,000","1,300,000","4,900,000","1,400,000","1,300,000","2,400,000","700,000","500,000","800,000","1,400,000","300,000","-500,000","-700,000","-1,500,000","-500,000","-900,000","200,000","-2,300,000","-3,400,000","-1,400,000","-2,300,000","-2,600,000",,"100,000","200,000",,,,,,,,
BasicEPS,,"-0.21","-0.05","2.39","-0.08","0.37","-0.16","-0.61","-0.33","-0.17","-0.04","-0.15","-0.21","-0.22","-0.04","-0.1","-0.08","-0.19","-0.08","-0.34","-0.08","-0.09","0.05","-0.19","-0.04","-0.16",,"-0.29","-0.12","-0.12",,"0.03","0.02","0.05",,"0.17","0.1","0.06","0.127","0.16","0.107","0.08",,"0.093","0.18","0.097",,"0.077","0.04","0.03",,"0.013","-0.02","-0.03",,"-0.013","-0.05","-0.057",,"0.007","-0.09","-0.053",,"-0.203","-0.187","-0.027",,"0.017","0.02","0.017",,"0.043","-0.033","-0.063",,"-0.113","-0.1","-0.18",,"-0.047","-0.153","0.217",,"0.007","-0.01","0.037",,"0.077","0.053","0.03",,"-0.03","-0.107","-0.067",,"0.013","0.017","0.01",,"-0.063","-0.007","0.01",,"0.03","0.023","0.033",,"0.137","0.047","0.05",,"0.03","0.02","0.03",,"0.01","-0.02","-0.03",,"-0.02","-0.05","0.01",,"-0.19","-0.07","-0.16",,,"0.01","0.02",,"0.03","-0.1","-0.18",,"-0.11","-0.14","-0.09"
DilutedEPS,,"-0.21","-0.05","2.39","-0.08","0.36","-0.16","-0.61","-0.33","-0.17","-0.04","-0.15","-0.21","-0.22","-0.04","-0.1","-0.08","-0.19","-0.08","-0.34","-0.08","-0.09","0.05","-0.19","-0.04","-0.16",,"-0.29","-0.12","-0.12",,"0.03","0.02","0.05",,"0.17","0.1","0.06","0.127","0.16","0.107","0.08",,"0.093","0.173","0.093",,"0.077","0.04","0.03",,"0.013","-0.02","-0.03",,"-0.013","-0.05","-0.057",,"0.003","-0.09","-0.053",,"-0.203","-0.187","-0.027",,"0.017","0.017","0.017",,"0.04","-0.033","-0.063",,"-0.113","-0.1","-0.18",,"-0.047","-0.153","0.193",,"0.007","-0.01","0.037",,"0.07","0.05","0.03",,"-0.03","-0.107","-0.067",,"0.013","0.013","0.01",,"-0.063","-0.007","0.01",,"0.03","0.023","0.033",,"0.137","0.047","0.05",,"0.03","0.02","0.03",,"0.01","-0.02","-0.03",,"-0.02","-0.05","0.01",,"-0.19","-0.07","-0.16",,,"0.01","0.02",,"0.03","-0.1","-0.18",,"-0.11","-0.14","-0.09"
BasicAverageShares,,"126,728,000","124,874,000","122,663,000","122,147,000","121,705,000","121,638,000","118,527,000","115,503,000","114,590,000","114,476,000","114,053,000","113,433,000","113,267,000","113,016,000","112,534,000","111,920,000","111,819,000","111,817,000","111,697,000","111,398,000","111,289,000","111,174,000","111,008,000","111,166,000","112,197,000",,"112,010,000","112,017,000","111,731,000",,"110,737,000","106,407,000","103,546,000",,"102,437,000","96,248,000","91,822,000","86,125,500","83,902,500","77,668,500","76,317,000",,"75,675,000","75,447,000","71,379,000",,"69,441,000","69,105,000","68,532,000",,"67,881,000","67,545,000","67,107,000",,"67,098,000","67,053,000","65,135,294",,"65,514,000","58,083,000","57,348,000",,"55,372,131","47,914,286","46,650,000",,"44,940,000","42,750,000","46,980,000",,"39,530,769","39,426,000","38,865,000",,"38,334,000","38,202,000","38,172,000",,"38,025,000","38,535,000","39,396,000",,"37,497,000","37,179,000","36,882,000",,"36,027,000","35,130,000","34,653,000",,"33,333,333","34,687,500","34,500,000",,"37,500,000","30,000,000","40,000,000",,"33,157,895","40,000,000","40,000,000",,"33,333,333","34,285,714","33,000,000",,"35,853,659","30,000,000","26,000,000",,"23,333,333","25,000,000","26,666,667",,"30,000,000","25,000,000","23,333,333",,"17,500,000","18,000,000","20,000,000",,"17,894,737","20,000,000","14,375,000",,"15,000,000","10,000,000","10,000,000",,"13,086,000","13,086,000","13,086,000",,"9,762,000","9,762,000","9,762,000"
DilutedAverageShares,,"126,728,000","127,884,000","125,289,000","122,147,000","125,070,000","121,638,000","118,527,000","115,503,000","114,590,000","114,476,000","114,053,000","113,433,000","113,267,000","113,016,000","112,534,000","111,920,000","111,819,000","111,817,000","111,697,000","111,398,000","111,289,000","111,174,000","111,008,000","111,166,000","112,197,000",,"112,010,000","112,017,000","111,731,000",,"110,737,000","106,407,000","103,546,000",,"102,437,000","96,248,000","91,822,000","86,179,500","84,846,000","78,930,000","77,589,000",,"77,103,000","77,020,500","72,963,000",,"70,323,000","70,008,000","69,366,000",,"68,082,000","67,545,000","67,107,000",,"67,098,000","67,053,000","65,135,294",,"67,497,000","58,083,000","57,348,000",,"55,372,131","47,914,286","46,650,000",,"44,940,000","51,300,000","46,980,000",,"42,825,000","39,426,000","38,865,000",,"38,334,000","38,202,000","38,172,000",,"38,025,000","38,535,000","43,953,000",,"39,828,000","37,179,000","38,820,000",,"40,008,000","38,052,000","37,020,000",,"33,333,333","34,687,500","34,500,000",,"37,500,000","37,500,000","40,000,000",,"33,157,895","40,000,000","40,000,000",,"33,333,333","34,285,714","33,000,000",,"35,853,659","30,000,000","26,000,000",,"23,333,333","25,000,000","26,666,667",,"30,000,000","25,000,000","23,333,333",,"17,500,000","18,000,000","20,000,000",,"17,894,737","20,000,000","14,375,000",,"15,000,000","10,000,000","10,000,000",,"13,086,000","13,086,000","13,086,000",,"9,762,000","9,762,000","9,762,000"
TotalOperatingIncomeAsReported,"-54,342,000","-23,232,000","-3,842,000","-17,208,000","-10,060,000","-1,959,000","731,000","-67,604,000","-33,872,000","-18,218,000","-4,699,000","-11,934,000","-19,166,000","-21,305,000","-7,019,000","-10,984,000","-7,722,000","-17,498,000","-5,703,000","-32,335,000","-6,864,000","-9,071,000","4,073,000","-22,017,000","-3,717,000","-16,759,000","-565,921,000","-34,637,000","-23,842,000","-17,524,000","4,228,000","8,208,000","4,362,000","9,517,000","17,976,000","28,570,000","16,796,000","17,519,000","18,166,000","18,436,000","13,999,000","9,970,000","10,699,000","8,791,000","8,001,000","7,411,000","9,688,000","5,160,000","3,414,000","2,658,000","4,431,000","1,092,000","-843,000","-1,607,000","1,500,000","-542,000","-2,813,000","-3,235,000","1,436,000","432,000","-4,921,000","-2,076,000","-5,334,000","-8,682,000","-7,908,000","-643,000","4,509,000","1,465,000","1,737,000","1,634,000","4,365,000","2,313,000","147,000","-1,224,000","-3,950,000","-3,509,000","-1,753,000","-5,761,000","-2,732,000","-5,505,000","-5,804,000","-4,691,000","-3,105,000","727,000","-819,000","2,101,000","3,665,000","4,247,000","2,832,000","1,594,000","2,400,000","-1,500,000","-5,000,000","-3,400,000","1,000,000","500,000","700,000","500,000","-3,700,000","-3,600,000","-700,000","300,000","1,800,000","1,200,000","1,000,000","1,500,000","800,000","1,400,000","1,500,000","1,300,000","700,000","700,000","500,000","900,000","1,400,000","300,000","-500,000","-600,000","-1,500,000","-500,000","-900,000","300,000","-2,600,000","-3,300,000","-1,300,000","-2,200,000","-2,900,000","100,000","200,000","400,000",,,,,,,,
TotalExpenses,"656,866,000","156,233,000","154,712,000","173,304,000","172,617,000","148,075,000","174,597,000","154,451,000","145,932,000","152,923,000","169,269,000","167,206,000","176,438,000","173,285,000","187,731,000","175,495,000","184,290,000","183,386,000","182,967,000","185,242,000","166,331,000","165,502,000","161,864,000","178,379,000","161,828,000","169,314,000","212,105,000","186,211,000","194,346,000","178,246,000","183,210,000","158,736,000","147,150,000","138,241,000","136,841,000","107,147,000","103,991,000","84,560,000","83,405,000","72,096,000","69,611,000","67,950,000","59,161,000","48,747,000","47,127,000","40,485,000","41,907,000","36,343,000","31,730,000","28,969,000","32,001,000","26,575,000","25,548,000","25,638,000","33,420,000","36,119,000","39,469,000","35,022,000","43,494,000","37,796,000","41,347,000","38,198,000","46,927,000","38,407,000","35,892,000","32,532,000","38,458,000","30,817,000","31,025,000","28,798,000","33,871,000","26,958,000","27,746,000","30,739,000","39,175,000","28,221,000","28,373,000","28,778,000","34,322,000","31,160,000","34,586,000","31,886,000","39,840,000","30,817,000","25,861,000","25,802,000","28,034,000","25,301,000","22,584,000","21,418,000","25,900,000","25,400,000","27,000,000","26,100,000","26,200,000","22,800,000","24,000,000","22,300,000","28,400,000","25,900,000","22,500,000","21,100,000","20,300,000","18,600,000","17,600,000","17,700,000","17,900,000","14,200,000","13,200,000","12,300,000","11,500,000","10,500,000","9,900,000","8,600,000","7,200,000","7,800,000","7,700,000","7,800,000","7,600,000","7,400,000","6,500,000","7,000,000","7,300,000","7,600,000","7,200,000","6,800,000","6,400,000","7,100,000","6,900,000","6,800,000",,,,,,,,
NetIncomeFromContinuingAndDiscontinuedOperation,"250,025,000","-26,799,000","-6,200,000","292,656,000","-9,632,000","45,228,000","-19,830,000","-72,889,000","-37,951,000","-18,924,000","-4,713,000","-16,843,000","-23,929,000","-24,394,000","-4,136,000","-11,550,000","-8,862,000","-20,961,000","-10,134,000","-37,670,000","-8,416,000","-9,971,000","5,230,000","-21,213,000","-4,648,000","-17,788,000","-596,366,000","-32,249,000","-13,696,000","-13,181,000","1,551,000","3,084,000","2,125,000","4,877,000","11,224,000","17,657,000","9,343,000","5,883,000","10,912,000","13,517,000","8,324,000","6,188,000","8,005,000","7,220,000","13,373,000","6,822,000","9,443,000","5,368,000","2,737,000","2,018,000","3,565,000","902,000","-1,317,000","-2,084,000","1,849,000","-989,000","-3,323,000","-3,691,000","1,353,000","330,000","-5,303,000","-3,120,000","-5,959,000","-11,259,000","-7,941,000","-833,000","6,428,000","1,161,000","1,299,000","1,195,000","3,476,000","2,126,000","-868,000","-2,173,000","-4,569,000","-3,981,000","-3,561,000","-6,871,000","-15,614,000","-1,789,000","-5,962,000","8,498,000","-2,593,000","231,000","-344,000","1,365,000","2,385,000","2,771,000","1,908,000","1,080,000","1,700,000","-1,000,000","-3,700,000","-2,300,000","700,000","500,000","500,000","400,000","-2,600,000","-2,100,000","-300,000","400,000","1,700,000","1,000,000","800,000","1,100,000","1,300,000","4,900,000","1,400,000","1,300,000","2,400,000","700,000","500,000","800,000","1,400,000","300,000","-500,000","-700,000","-1,500,000","-500,000","-900,000","100,000","-2,300,000","-3,400,000","-1,400,000","-2,300,000","-2,600,000",,"100,000","200,000",,,,,,,,
NormalizedIncome,"252,617,323.174","-25,468,200","-5,763,460","292,438,440","-9,565,184","43,673,830","-17,510,060","-37,191,270","-37,315,170","-18,821,968","-4,647,676.575","-16,043,650","-23,877,900","-23,635,530","-4,225,790","-12,419,400","-10,158,480","-21,015,717","-9,162,000","-36,939,242","-9,200,455","-10,168,400","5,377,600","-20,195,562","-4,615,000","-19,198,222","-273,085,400","-32,362,652","-13,952,800","-13,181,000","1,551,000","3,084,000","2,125,000","4,877,000","11,224,000","17,657,000","9,343,000","5,883,000","10,912,000","13,517,000","8,843,286.48","1,664,171.24","8,005,000","7,711,566.917","13,238,450","6,382,956.014","9,443,000","4,805,746.638","3,039,684.316","2,290,170.364","3,565,000","819,440.465","-1,317,000","-2,084,000","1,849,000","-989,000","-3,323,000","-3,691,000","1,353,000","330,000","-5,303,000","-3,120,000","-4,996,038.139","-10,212,000","-5,652,327.511","149,800","7,134,800","1,199,669.31","1,304,858.892","1,195,000","3,553,142.404","2,354,000","-868,000","-2,173,000","-4,600,985.999","-3,847,200","-3,410,400","-6,871,000","-15,611,600","-148,600","-5,962,000","-3,504,376.807","-2,593,000","231,000","-344,000","1,365,000","2,385,000","2,771,000","1,908,000","1,080,000","1,700,000","-1,000,000","-3,700,000","-2,435,294.118","318,181.818","428,571.429","437,500","266,666.667","-2,740,540.541","-2,290,909.091","-480,000","160,000","1,538,095.238","733,333.333","553,846.154","800,000","940,000","4,600,000","1,306,666.667","1,207,142.857","2,340,000","700,000","500,000","800,000","1,400,000","300,000","-500,000","-700,000","-1,500,000","-500,000","-900,000","100,000","-2,300,000","-3,460,000","-1,400,000","-2,360,000","-2,720,000",,"40,000","80,000",,,,,,,,
InterestIncome,,"165,000",,,,,,,,,,,,,,"180,000","231,000","222,000","229,000","227,000","161,000","167,000","207,000","153,000","231,000","216,000","159,000","120,000","155,000",,,,,,,,,,,,,,,,,,,,,,,"0",,,,,,,,,,,,,,,,,,,,,,,,,,,,,,,,,,,,,,,,,,,,,,,,,,,,,,,,,,,,,,,,,,,,,,,,,,,,,,,,,,,,,,
InterestExpense,,,"672,000","-19,000","211,000","1,038,000","292,000","611,000","2,050,000","1,038,000","840,000","953,000","864,000","576,000","-269,000","220,000","220,000","228,000","220,000","237,000","232,000","230,000","229,000","272,000","361,000","420,000","524,000","554,000","692,000","2,567,000","2,449,000","3,955,000","1,476,000","1,048,000","1,475,000","2,651,000","2,662,000","10,067,000","8,703,000",,"3,100,000","2,700,000","2,056,000","100,000","100,000","200,000","1,081,000","100,000","100,000","100,000","689,000","151,000","260,000","227,000",,,,,,,,,,,,,,,,,,,,,,,,,,,,,,,,,,,,,,,,,,,,,,,,,,,,,,,,,,,,,,,,,,,,,,,,,,,,,,,,,,,,
NetInterestIncome,"-699,000","165,000","-672,000","19,000","-211,000","-1,038,000","-292,000","-611,000","-2,050,000","-1,038,000","-840,000","-953,000","-864,000","-576,000","-364,000","-40,000","11,000","-6,000","9,000","-10,000","-71,000","-63,000","-22,000","-119,000","-130,000","-204,000","-365,000","-434,000","-537,000","-2,567,000","-2,449,000","-3,955,000","-1,476,000","-1,048,000","-1,475,000","-2,651,000","-2,662,000","-10,067,000","-8,703,000","-2,167,000","-3,100,000","-2,700,000","-2,056,000","-100,000","-100,000","-200,000","-1,081,000","-100,000","-100,000","-100,000","-698,000","-151,000","-260,000","-227,000",,,,,,,,,,,,,,,,,,,,,,,,,,,,,,,,,,,,,,,,,,,,,,,,,,,,,,,,,,,,,,,,,,,,,,,,,,,,,,,,,,,,
EBIT,"260,278,000","-23,232,000","-4,957,000","298,632,000","-10,165,000","37,932,000","-15,826,000","-69,412,000","-34,437,000","-19,744,000","-5,081,000","-13,799,000","-21,057,000","-21,930,000","-8,460,000","-9,737,000","-5,841,000","-18,795,000","-8,908,000","-33,355,000","-5,699,000","-8,640,000","4,200,000","-23,369,000","-3,148,000","-16,213,000","-574,397,000","-35,456,000","-23,239,000","-17,524,000","4,228,000","8,208,000","4,362,000","9,517,000","17,976,000","28,570,000","16,796,000","17,519,000","18,166,000","18,436,000","13,359,000","9,988,000","10,764,000","8,237,000","7,994,000","7,907,000","9,930,000","5,752,000","3,084,000","2,354,000","4,506,000","1,184,000","-843,000","-1,607,000","1,500,000","-542,000","-2,813,000","-3,235,000","1,436,000","432,000","-4,921,000","-1,266,000","-4,351,000","-6,937,000","-7,908,000","995,000","5,687,000","1,507,000","1,744,000","1,634,000","4,449,000","2,693,000","147,000","-1,224,000","-3,982,000","-3,286,000","-1,502,000","-5,761,000","-2,728,000","-2,771,000","-5,804,000","-4,691,000","-3,105,000","727,000","-819,000","2,101,000","3,665,000","4,247,000","2,832,000","1,594,000","2,400,000","-1,500,000","-5,000,000","-3,400,000","1,000,000","500,000","700,000","500,000","-3,700,000","-3,600,000","-700,000","300,000","1,800,000","1,200,000","1,000,000","1,500,000","800,000","1,400,000","1,500,000","1,300,000","700,000","700,000","500,000","900,000","1,400,000","300,000","-500,000","-600,000","-1,500,000","-500,000","-900,000","300,000","-2,600,000","-3,300,000","-1,300,000","-2,200,000","-2,900,000","100,000","200,000","400,000","-13,200,000","5,500,000","3,700,000","1,600,000","-8,500,000","1,100,000","1,100,000","500,000"
EBITDA,"294,946,000"
ReconciledCostOfRevenue,"349,191,000","79,206,000","84,652,000","91,781,000","93,552,000","81,876,000","102,879,000","76,520,000","76,893,000","77,573,000","92,814,000","87,991,000","83,973,000","86,275,000","98,159,000","86,701,000","90,406,000","88,006,000","91,806,000","94,385,000","78,794,000","76,245,000","83,047,000","87,425,000","77,700,000","75,042,000","123,203,000","80,536,000","88,877,000","81,738,000","97,672,000","87,146,000","79,114,000","72,286,000","74,720,000","64,280,000","58,204,000","48,602,000","49,075,000","43,653,000","40,642,000","39,067,000","36,996,000","29,775,000","29,925,000","24,699,000","26,724,000","22,675,000","19,188,000","17,306,000","20,330,000","15,348,000","13,875,000","13,552,000","19,486,000","21,789,000","23,336,000","18,361,000","26,790,000","22,290,000","22,947,000","21,029,000","26,500,000","20,730,000","19,913,000","19,512,000","23,218,000","17,471,000","18,424,000","17,427,000","20,623,000","15,594,000","15,590,000","17,481,000","20,148,000","15,112,000","16,090,000","15,522,000","18,132,000","16,242,000","17,908,000","17,058,000","20,994,000","18,025,000","14,131,000","14,699,000","15,094,000","13,403,000","11,613,000","10,457,000","17,600,000","12,200,000","12,200,000","12,200,000","13,100,000","12,100,000","12,400,000","12,100,000","15,800,000","12,600,000","12,000,000","11,700,000","11,200,000","9,400,000","8,700,000","9,000,000","8,300,000","7,300,000","6,800,000","5,900,000","5,900,000","4,900,000","5,300,000","4,500,000","3,500,000","3,900,000","3,600,000","3,600,000","2,900,000","2,800,000","2,700,000","3,500,000","2,800,000","2,800,000","2,600,000","2,300,000","1,800,000","2,800,000","2,600,000","2,700,000",,,,,,,,
ReconciledDepreciation,"34,668,000","9,147,000","8,331,000","8,402,000","8,788,000","9,102,000","9,765,000","11,771,000","11,369,000","11,690,000","11,091,000","12,731,000","13,430,000","13,144,000","14,307,000","15,038,000","14,762,000","15,186,000","15,895,000","15,571,000","15,602,000","14,973,000","14,804,000","15,296,000","15,346,000","15,089,000","19,164,000","22,010,000","22,425,000","19,470,000","15,625,000","15,173,000","11,904,000","12,486,000","8,358,000","8,758,000","7,336,000","5,992,000","5,425,000","5,126,000","5,287,000","5,391,000","4,100,000","2,402,000","2,590,000","2,410,000","2,165,000","1,926,000","1,918,000","1,511,000","1,545,000","1,322,000","1,412,000","1,607,000","1,723,000","1,830,000","1,773,000","1,350,000","1,521,000","1,802,000","1,835,000","1,812,000","2,114,000","1,449,000","1,452,000","1,514,000","1,049,000","1,593,000","1,573,000","1,549,000","1,778,000","1,829,000","1,638,000","1,711,000","1,645,000","2,192,000","2,342,000","2,248,000","2,773,000","2,353,000","2,745,000","2,031,000","3,451,000","1,388,000","1,429,000","1,436,000","1,307,000","1,557,000","1,624,000","1,757,000","1,800,000","1,600,000","1,400,000","1,300,000","1,800,000","1,200,000","1,500,000","1,300,000","1,400,000","1,300,000","1,300,000","1,100,000","1,100,000","900,000","900,000","700,000","1,000,000","700,000","600,000","600,000","700,000","900,000","300,000","300,000","500,000","400,000","400,000","300,000","500,000","1,000,000","300,000","300,000","400,000","100,000","600,000","200,000","300,000","300,000","100,000","200,000",,,,,,,,
NetIncomeFromContinuingOperationNetMinorityInterest,"250,025,000","-26,799,000","-6,200,000","292,656,000","-9,632,000","45,228,000","-19,830,000","-72,889,000","-37,951,000","-18,924,000","-4,713,000","-16,843,000","-23,929,000","-24,394,000","-4,136,000","-11,550,000","-8,862,000","-20,961,000","-10,134,000","-37,670,000","-8,416,000","-9,971,000","5,230,000","-21,213,000","-4,648,000","-17,788,000","-596,366,000","-32,249,000","-13,696,000","-13,181,000","1,551,000","3,084,000","2,125,000","4,877,000","11,224,000","17,657,000","9,343,000","5,883,000","10,912,000","13,517,000","8,324,000","6,188,000","8,005,000","7,220,000","13,373,000","6,822,000","9,443,000","5,368,000","2,737,000","2,018,000","3,565,000","902,000","-1,317,000","-2,084,000","1,849,000","-989,000","-3,323,000","-3,691,000","1,353,000","330,000","-5,303,000","-3,120,000","-5,959,000","-11,259,000","-7,941,000","-833,000","6,428,000","1,161,000","1,299,000","1,195,000","3,476,000","2,126,000","-868,000","-2,173,000","-4,569,000","-3,981,000","-3,561,000","-6,871,000","-15,614,000","-1,789,000","-5,962,000","8,498,000","-2,593,000","231,000","-344,000","1,365,000","2,385,000","2,771,000","1,908,000","1,080,000","1,700,000","-1,000,000","-3,700,000","-2,300,000","700,000","500,000","500,000","400,000","-2,600,000","-2,100,000","-300,000","400,000","1,700,000","1,000,000","800,000","1,100,000","1,300,000","4,900,000","1,400,000","1,300,000","2,400,000","700,000","500,000","800,000","1,400,000","300,000","-500,000","-700,000","-1,500,000","-500,000","-900,000","100,000","-2,300,000","-3,400,000","-1,400,000","-2,300,000","-2,600,000",,"100,000","200,000",,,,,,,,
TotalUnusualItemsExcludingGoodwill,"-2,666,000","-2,218,000","-598,000","222,000","-72,000","2,129,000","-3,178,000","-48,901,000","-871,000","-112,000","-83,000","-1,095,000","-70,000","-1,039,000","123,000","1,035,000","1,776,000","61,000","-1,620,000","-822,000","1,205,000","329,000","-246,000","-1,123,000","-55,000","1,518,000","-538,801,000","126,000","428,000",,,,,,,,,,,,"-640,000","5,328,000",,"-554,000","207,000","496,000",,"592,000","-330,000","-304,000",,"92,000",,,,,,,,,,,"-983,000","-1,745,000","-2,310,000","-1,638,000","-1,178,000","-42,000","-7,000",,"-84,000","-380,000",,,"32,000","-223,000","-251,000",,"-4,000","-2,734,000",,"18,464,000",,,,,,,,,,,,"200,000","600,000","100,000","100,000","200,000","200,000","300,000","300,000","400,000","200,000","400,000","400,000","500,000","600,000","500,000","100,000","100,000","100,000",,,,,,,,,,,,"0","100,000",,"100,000","200,000",,"100,000","200,000",,,,,,,,
TotalUnusualItems,"-2,666,000","-2,218,000","-598,000","222,000","-72,000","2,129,000","-3,178,000","-48,901,000","-871,000","-112,000","-83,000","-1,095,000","-70,000","-1,039,000","123,000","1,035,000","1,776,000","61,000","-1,620,000","-822,000","1,205,000","329,000","-246,000","-1,123,000","-55,000","1,518,000","-538,801,000","126,000","428,000",,,,,,,,,,,,"-640,000","5,328,000",,"-554,000","207,000","496,000",,"592,000","-330,000","-304,000",,"92,000",,,,,,,,,,,"-983,000","-1,745,000","-2,310,000","-1,638,000","-1,178,000","-42,000","-7,000",,"-84,000","-380,000",,,"32,000","-223,000","-251,000",,"-4,000","-2,734,000",,"18,464,000",,,,,,,,,,,,"200,000","600,000","100,000","100,000","200,000","200,000","300,000","300,000","400,000","200,000","400,000","400,000","500,000","600,000","500,000","100,000","100,000","100,000",,,,,,,,,,,,"0","100,000",,"100,000","200,000",,"100,000","200,000",,,,,,,,
NormalizedEBITDA,"297,612,000","-11,867,000","3,972,000","306,812,000","-1,305,000","44,905,000","-2,883,000","-8,740,000","-22,197,000","-7,942,000","6,093,000","27,000","-7,557,000","-7,747,000","5,724,000","4,266,000","7,145,000","-3,670,000","8,607,000","-16,962,000","8,698,000","6,004,000","19,250,000","-6,950,000","12,253,000","-2,642,000","-16,432,000","-13,572,000","-1,242,000","1,946,000","19,853,000","23,381,000","16,266,000","22,003,000","26,334,000","37,328,000","24,132,000","23,511,000","23,591,000","23,562,000","19,286,000","10,051,000","14,864,000","11,193,000","10,377,000","9,821,000","12,095,000","7,086,000","5,332,000","4,169,000","6,051,000","2,414,000","569,000","0","3,223,000","1,288,000","-1,040,000","-1,885,000","2,957,000","2,234,000","-3,086,000","546,000","-1,254,000","-3,743,000","-4,146,000","4,147,000","7,914,000","3,142,000","3,324,000","3,183,000","6,311,000","4,902,000","1,785,000","487,000","-2,369,000","-871,000","1,091,000","-3,513,000","49,000","2,316,000","-3,059,000","-21,124,000","346,000","2,115,000","610,000","3,537,000","4,972,000","5,804,000","4,456,000","3,351,000","4,200,000","100,000","-3,600,000","-2,300,000","2,200,000","1,600,000","2,100,000","1,600,000","-2,500,000","-2,600,000","300,000","1,000,000","2,700,000","1,700,000","1,500,000","1,700,000","1,200,000","1,600,000","2,000,000","1,800,000","1,300,000","1,600,000","800,000","1,200,000","1,900,000","700,000","-100,000","-300,000","-1,000,000","500,000","-600,000","600,000","-2,200,000","-3,300,000","-700,000","-2,100,000","-2,800,000","400,000","200,000","400,000","-13,200,000","5,500,000","3,700,000","1,600,000","-8,500,000","1,100,000","1,100,000","500,000"
TaxRateForCalcs,"0.028","0.4","0.27","0.02","0.072","0.27","0.27","0.27","0.27","0.089","0.213","0.27","0.27","0.27","0.27","0.16","0.27","0.103","0.4","0.111","0.349","0.4","0.4","0.094","0.4","0.071","0.4","0.098","0.4","0.346","0.042","0.262","0.24","0.35","0.318","0.319","0.339","0.211","0.35","0.169","0.189","0.151","0.081","0.113","0.35","0.115","0.35","0.05","0.083","0.105","0.054","0.103","0.35","0.35","0.35","0.35","0.35","0.35","0.044","0.35","0.032","0.35","0.02","0.4","0.009","0.4","0.4","0.079","0.163","0.073","0.082","0.4","0.4","0.4","0","0.4","0.4","0.4","0.4","0.4","0.35","0.35","0.37","0.371","0.37","0.37","0.36","0.34","0.34","0.34","0.292","0.286","0.275","0.324","0.364","0.286","0.375","0.333","0.297","0.364","0.4","0.4","0.19","0.333","0.385","0.4","0.4","0.4","0.067","0.071","0.4","0.125","0.167","0.111","0","0.4","0.4","0.4","0.4","0.4","0.4","0","0.4","0.4","0.4","0.4","0.4",,"0.4","0.4",,,,,,,,
TaxEffectOfUnusualItems,"-73,676.826","-887,200","-161,460","4,440","-5,184","574,830","-858,060","-13,203,270","-235,170","-9,968","-17,676.575","-295,650","-18,900","-280,530","33,210","165,600","479,520","6,283","-648,000","-91,242","420,545","131,600","-98,400","-105,562","-22,000","107,778","-215,520,400","12,348","171,200","0","0","0","0","0","0","0","0","0","0","0","-120,713.52","804,171.24","0","-62,433.083","72,450","56,956.014","0","29,746.638","-27,315.684","-31,829.636","0","9,440.465","0","0","0","0","0","0","0","0","0","0","-20,038.139","-698,000","-21,327.511","-655,200","-471,200","-3,330.69","-1,141.108","0","-6,857.596","-152,000","0","0","14.001","-89,200","-100,400","0","-1,600","-1,093,600","0","6,461,623.193","0","0","0","0","0","0","0","0","0","0","0","64,705.882","218,181.818","28,571.429","37,500","66,666.667","59,459.459","109,090.909","120,000","160,000","38,095.238","133,333.333","153,846.154","200,000","240,000","200,000","6,666.667","7,142.857","40,000","0","0","0","0","0","0","0","0","0","0","0","0","40,000","0","40,000","80,000",,"40,000","80,000",,,,,,,,