name,ttm,03/31/2022,12/31/2021,09/30/2021,06/30/2021,03/31/2021,12/31/2020,09/30/2020,06/30/2020,03/31/2020,12/31/2019,09/30/2019,06/30/2019,03/31/2019,12/31/2018,09/30/2018
TotalRevenue,"1,193,265,000","363,030,000","326,198,000","270,488,000","233,549,000","198,549,000","177,531,000","154,675,000","140,012,000","131,248,000","113,644,000","95,864,000","83,222,000","70,050,000","61,610,000","51,074,000"
	OperatingRevenue,"1,193,265,000","363,030,000","326,198,000","270,488,000","233,549,000","198,549,000","177,531,000","154,675,000","140,012,000","131,248,000","113,644,000","95,864,000","83,222,000","70,050,000","61,610,000","51,074,000"
CostOfRevenue,"262,041,000","74,462,000","67,149,000","63,332,000","57,098,000","46,666,000","40,857,000","33,984,000","28,878,000","26,479,000","25,724,000","23,297,000","20,978,000","18,950,000","15,839,000","12,098,000"
GrossProfit,"931,224,000","288,568,000","259,049,000","207,156,000","176,451,000","151,883,000","136,674,000","120,691,000","111,134,000","104,769,000","87,920,000","72,567,000","62,244,000","51,100,000","45,771,000","38,976,000"
OperatingExpense,"927,136,000","278,154,000","250,594,000","212,051,000","186,337,000","164,713,000","145,612,000","129,958,000","110,480,000","100,991,000","90,186,000","76,785,000","66,238,000","60,762,000","52,445,000","43,611,000"
	SellingGeneralAndAdministration,"436,025,000","127,546,000","117,545,000","99,376,000","91,558,000","85,447,000","77,914,000","73,518,000","64,816,000","60,167,000","54,292,000","48,101,000","42,206,000","37,947,000","34,725,000","29,452,000"
		GeneralAndAdministrativeExpense,"99,715,000","26,380,000","28,640,000","23,549,000","21,146,000","21,094,000","17,880,000","16,376,000","13,547,000","14,952,000","12,696,000","9,265,000","6,088,000","7,840,000","5,623,000","4,322,000"
			OtherGandA,"99,715,000","26,380,000","28,640,000","23,549,000","21,146,000","21,094,000","17,880,000","16,376,000","13,547,000","14,952,000","12,696,000","9,265,000","6,088,000","7,840,000","5,623,000","4,322,000"
		SellingAndMarketingExpense,"336,310,000","101,166,000","88,905,000","75,827,000","70,412,000","64,353,000","60,034,000","57,142,000","51,269,000","45,215,000","41,596,000","38,836,000","36,118,000","30,107,000","29,102,000","25,130,000"
	ResearchAndDevelopment,"491,111,000","150,608,000","133,049,000","112,675,000","94,779,000","79,266,000","67,698,000","56,440,000","45,664,000","40,824,000","35,894,000","28,684,000","24,032,000","22,815,000","17,720,000","14,159,000"
OperatingIncome,"4,088,000","10,414,000","8,455,000","-4,895,000","-9,886,000","-12,830,000","-8,938,000","-9,267,000","654,000","3,778,000","-2,266,000","-4,218,000","-3,994,000","-9,662,000","-6,674,000","-4,635,000"
NetNonOperatingInterestIncomeExpense,"183,000","249,000","-162,000","-82,000","178,000","426,000","-6,510,000","-5,838,000","172,000",,,,"326,000",,,
	InterestIncomeNonOperating,"21,010,000","5,496,000","5,442,000","4,830,000","5,242,000","5,898,000","6,500,000","6,585,000","4,466,000",,,,"326,000",,,
	InterestExpenseNonOperating,"20,827,000","5,247,000","5,604,000","4,912,000","5,064,000","5,472,000","13,010,000","12,423,000","4,294,000",,,,"0",,,
OtherIncomeExpense,"690,000","191,000","239,000","210,000","50,000","-125,000","281,000","550,000",,"2,896,000","3,518,000","90,000","326,000","230,000","181,000","311,000"
	OtherNonOperatingIncomeExpenses,"690,000","191,000","239,000","210,000","50,000","-125,000","281,000","550,000",,"2,896,000","3,518,000","90,000","326,000","230,000","181,000","311,000"
PretaxIncome,"4,961,000","10,854,000","8,532,000","-4,767,000","-9,658,000","-12,529,000","-15,167,000","-14,555,000","826,000","6,674,000","1,252,000","-4,128,000","-3,668,000","-9,432,000","-6,493,000","-4,324,000"
TaxProvision,"2,900,000","1,116,000","1,363,000","717,000","-296,000","539,000","993,000","595,000","542,000","195,000","361,000","33,000","281,000","59,000","94,000","349,000"
NetIncomeCommonStockholders,"2,061,000","9,738,000","7,169,000","-5,484,000","-9,362,000","-13,068,000","-16,160,000","-15,150,000","284,000","6,479,000","891,000","-4,161,000","-3,949,000","-9,491,000","-6,587,000","-4,673,000"
	NetIncome,"2,061,000","9,738,000","7,169,000","-5,484,000","-9,362,000","-13,068,000","-16,160,000","-15,150,000","284,000","6,479,000","891,000","-4,161,000","-3,949,000","-9,491,000","-6,587,000","-4,673,000"
		NetIncomeIncludingNoncontrollingInterests,"2,061,000","9,738,000","7,169,000","-5,484,000","-9,362,000","-13,068,000","-16,160,000","-15,150,000","284,000","6,479,000","891,000","-4,161,000","-3,949,000","-9,491,000","-6,587,000","-4,673,000"
			NetIncomeContinuousOperations,"2,061,000","9,738,000","7,169,000","-5,484,000","-9,362,000","-13,068,000","-16,160,000","-15,150,000","284,000","6,479,000","891,000","-4,161,000","-3,949,000","-9,491,000","-6,587,000","-4,673,000"
DilutedNIAvailtoComStockholders,"2,061,000","9,738,000","7,169,000","-5,484,000","-9,362,000","-13,068,000","-16,160,000","-15,150,000","284,000","6,479,000","891,000","-4,161,000","-3,949,000","-9,491,000","-6,587,000","-4,673,000"
BasicEPS,,"0.03","0.02","-0.02","-0.03","-0.04","-0.05","-0.05","0.001","0.02","0.003","-0.04","-0.05","-0.116",,"-0.057"
DilutedEPS,,"0.03","0.02","-0.02","-0.03","-0.04","-0.05","-0.05","0.001","0.02","0.003","-0.04","-0.05","-0.116",,"-0.057"
BasicAverageShares,,"313,456,000","311,817,000","310,247,000","308,019,000","306,034,000","304,057,000","302,554,000","299,267,000","295,455,000","294,515,000","103,876,000","82,044,000","82,044,000",,"82,044,000"
DilutedAverageShares,,"345,668,000","345,877,000","310,247,000","308,019,000","306,034,000","304,057,000","302,554,000","330,847,000","327,801,000","327,333,000","103,876,000","82,044,000","82,044,000",,"82,044,000"
TotalOperatingIncomeAsReported,"4,088,000","10,414,000","8,455,000","-4,895,000","-9,886,000","-12,830,000","-8,938,000","-9,267,000","654,000","3,778,000","-2,266,000","-4,218,000","-3,994,000","-9,662,000","-6,674,000","-4,635,000"
TotalExpenses,"1,189,177,000","352,616,000","317,743,000","275,383,000","243,435,000","211,379,000","186,469,000","163,942,000","139,358,000","127,470,000","115,910,000","100,082,000","87,216,000","79,712,000","68,284,000","55,709,000"
NetIncomeFromContinuingAndDiscontinuedOperation,"2,061,000","9,738,000","7,169,000","-5,484,000","-9,362,000","-13,068,000","-16,160,000","-15,150,000","284,000","6,479,000","891,000","-4,161,000","-3,949,000","-9,491,000","-6,587,000","-4,673,000"
NormalizedIncome,"2,061,000","9,738,000","7,169,000","-5,484,000","-9,362,000","-13,068,000","-16,160,000","-15,150,000","284,000","6,479,000","891,000","-4,161,000","-3,949,000","-9,491,000","-6,587,000","-4,673,000"
InterestIncome,"21,010,000","5,496,000","5,442,000","4,830,000","5,242,000","5,898,000","6,500,000","6,585,000","4,466,000",,,,"326,000",,,
InterestExpense,"20,827,000","5,247,000","5,604,000","4,912,000","5,064,000","5,472,000","13,010,000","12,423,000","4,294,000",,,,"0",,,
NetInterestIncome,"183,000","249,000","-162,000","-82,000","178,000","426,000","-6,510,000","-5,838,000","172,000",,,,"326,000",,,
EBIT,"25,788,000","16,101,000","14,136,000","145,000","-4,594,000","-7,057,000","-2,157,000","-2,132,000","5,120,000","3,778,000","-2,266,000","-4,218,000","-3,668,000","-9,662,000","-6,674,000","-4,635,000"
EBITDA,"51,718,000"
ReconciledCostOfRevenue,"262,041,000","74,462,000","67,149,000","63,332,000","57,098,000","46,666,000","40,857,000","33,984,000","28,878,000","26,479,000","25,724,000","23,297,000","20,978,000","18,950,000","15,839,000","12,098,000"
ReconciledDepreciation,"25,930,000","7,394,000","6,876,000","6,197,000","5,463,000","4,402,000","4,083,000","3,972,000","3,707,000","3,688,000","3,594,000","4,007,000","2,658,000","2,111,000","1,787,000","1,743,000"
NetIncomeFromContinuingOperationNetMinorityInterest,"2,061,000","9,738,000","7,169,000","-5,484,000","-9,362,000","-13,068,000","-16,160,000","-15,150,000","284,000","6,479,000","891,000","-4,161,000","-3,949,000","-9,491,000","-6,587,000","-4,673,000"
NormalizedEBITDA,"51,718,000","23,495,000","21,012,000","6,342,000","869,000","-2,655,000","1,926,000","1,840,000","8,827,000","7,466,000","1,328,000","-211,000","-1,010,000","-7,551,000","-4,887,000","-2,892,000"
TaxRateForCalcs,"0.4","0.103","0.16","0.27","0.031","0.27","0.27","0.27","0.27","0.029","0.288","0.27","0.27","0.27","0.27","0.27"
TaxEffectOfUnusualItems,"0","0","0","0","0","0","0","0","0","0","0","0","0","0","0","0"