name,ttm,04/30/2022,01/31/2022,10/31/2021,07/31/2021,04/30/2021,01/31/2021,10/31/2020,07/31/2020,04/30/2020,01/31/2020,10/31/2019,07/31/2019,04/30/2019,01/31/2019,10/31/2018,07/31/2018,04/30/2018,01/31/2018,10/31/2017,07/31/2017,04/30/2017,01/31/2017,10/31/2016,07/31/2016,04/30/2016,01/31/2016,10/31/2015,07/31/2015,04/30/2015,01/31/2015,10/31/2014,07/31/2014,04/30/2014,01/31/2014,10/31/2013,07/31/2013,04/30/2013,01/31/2013,10/31/2012,07/31/2012,04/30/2012,01/31/2012,10/31/2011,07/31/2011,04/30/2011,01/31/2011,10/31/2010,07/31/2010,04/30/2010,01/31/2010,10/31/2009,07/31/2009,04/30/2009,01/31/2009,10/31/2008,07/31/2008,04/30/2008,01/31/2008,10/31/2007,07/31/2007,04/30/2007,01/31/2007,10/31/2006,07/31/2006,04/30/2006,01/31/2006,10/31/2005,07/31/2005,04/30/2005,01/31/2005,10/31/2004,07/31/2004,04/30/2004,01/31/2004,10/31/2003,07/31/2003,04/30/2003,01/31/2003,10/31/2002,07/31/2002,04/30/2002,01/31/2002,10/31/2001,07/31/2001,04/30/2001,01/31/2001,10/31/2000,07/31/2000,04/30/2000,01/31/2000,10/31/1999,07/31/1999,04/30/1999,01/31/1999,10/31/1998,07/31/1998,04/30/1998,01/31/1998,10/31/1997,07/31/1997,04/30/1997,01/31/1997,10/31/1996,07/31/1996,04/30/1996,01/31/1996,10/31/1995,07/31/1995,04/30/1995,01/31/1995,10/31/1994,07/31/1994,04/30/1994,01/31/1994,10/31/1993,07/31/1993,04/30/1993,01/31/1993,10/31/1992,07/31/1992,04/30/1992,01/31/1992,10/31/1991,07/31/1991,04/30/1991,01/31/1991,10/31/1990,07/31/1990,04/30/1990,01/31/1990,10/31/1989,07/31/1989,04/30/1989,01/31/1989,10/31/1988,07/31/1988,04/30/1988,01/31/1988,10/31/1987,07/31/1987,04/30/1987,01/31/1987,10/31/1986,07/31/1986,04/30/1986,01/31/1986,10/31/1985
TotalRevenue,"6,909,514,000","1,642,782,000","2,153,388,000","1,511,912,000","1,601,432,000","1,357,535,000","1,614,314,000","1,052,112,000","945,183,000","821,576,000","1,962,772,000","1,423,659,000","1,458,845,000","1,497,935,000","2,056,257,000","1,454,965,000","1,500,707,000","1,490,725,000","2,109,173,000","1,396,819,000","1,463,810,000","1,452,874,000","1,983,967,000","1,406,495,000","1,488,750,000","1,538,797,000","2,117,429,000","1,472,854,000","1,550,844,000","1,613,418,000","2,179,556,000","1,499,144,000","1,512,888,000","1,588,541,000","2,078,675,000","1,506,925,000","1,516,796,000","1,589,381,000","2,154,056,000","1,486,345,000","1,525,182,000","1,583,228,000","2,009,418,000","1,416,538,000","1,475,053,000","1,498,756,000","1,977,047,000","1,373,037,000","1,420,790,000","1,482,661,000","1,875,447,000","1,390,716,000","1,455,169,000","1,505,296,000","2,082,284,000","1,546,056,000","1,646,502,000","1,713,598,000","2,208,110,000","1,674,159,000","1,689,083,000","1,799,454,000","2,419,864,000","1,762,613,000","1,748,568,000","1,879,022,000","2,379,561,000","1,761,225,000","1,728,474,000","1,838,733,000","2,131,491,000","1,755,147,000","1,730,055,000","1,911,879,000","2,299,054,000","1,764,484,000","1,721,485,000","1,813,911,000","2,387,891,000","1,794,250,000","1,817,976,000","1,972,841,000","2,533,965,000","1,872,333,000","1,885,563,000","1,977,585,000","2,661,956,000","1,978,664,000","1,843,363,000","2,082,577,000","2,574,811,000","2,078,200,000","1,896,900,000","2,126,700,000","2,588,700,000","2,021,300,000","1,504,500,000","1,682,200,000","2,071,200,000","1,592,100,000","1,453,200,000","1,515,300,000","1,937,400,000","1,496,600,000","1,340,300,000","1,453,300,000","1,920,600,000","1,405,600,000","1,265,100,000","1,326,800,000","1,743,900,000","1,333,600,000","1,184,300,000","1,283,900,000","1,497,200,000","1,272,600,000","1,150,200,000","1,163,200,000","1,539,900,000","1,165,300,000","974,900,000","1,033,900,000","1,321,600,000","954,900,000","873,900,000","886,000,000","1,215,100,000","873,500,000","774,600,000","742,400,000","1,094,700,000","727,200,000","629,200,000","598,100,000","882,000,000","606,200,000","552,800,000","517,400,000","778,400,000","535,900,000","475,300,000","416,700,000","629,000,000","442,900,000","409,600,000","369,900,000","538,600,000","383,600,000"
	OperatingRevenue,"6,909,514,000","1,642,782,000","2,153,388,000","1,511,912,000","1,601,432,000","1,357,535,000","1,614,314,000","1,052,112,000","945,183,000","821,576,000","1,962,772,000","1,423,659,000","1,458,845,000","1,497,935,000","2,056,257,000","1,454,965,000","1,500,707,000","1,490,725,000","2,109,173,000","1,396,819,000","1,463,810,000","1,452,874,000","1,983,967,000","1,406,495,000","1,488,750,000","1,538,797,000","2,117,429,000","1,472,854,000","1,550,844,000","1,613,418,000","2,179,556,000","1,499,144,000","1,512,888,000","1,588,541,000","2,078,675,000","1,506,925,000","1,516,796,000","1,589,381,000","2,154,056,000","1,486,345,000","1,525,182,000","1,583,228,000","2,009,418,000","1,416,538,000","1,475,053,000","1,498,756,000","1,977,047,000","1,373,037,000","1,420,790,000","1,482,661,000","1,875,447,000","1,390,716,000","1,427,771,000","1,473,870,000","2,196,833,000","1,508,230,000","1,646,502,000","1,713,598,000","2,208,110,000","1,674,159,000","1,689,083,000","1,799,454,000","2,563,327,000","1,721,521,000","1,687,757,000","1,837,462,000","2,338,208,000","1,727,106,000","1,691,878,000","1,802,999,000","2,303,900,000","1,698,897,000","1,671,380,000","1,854,395,000","2,299,054,000","1,764,484,000","1,721,485,000","1,813,911,000","2,387,891,000","1,794,250,000","1,817,976,000","1,972,841,000","2,533,965,000","1,872,333,000","1,828,304,000","1,920,309,000","2,661,956,000","1,978,664,000","1,843,363,000","2,082,577,000","2,574,811,000","2,078,200,000","1,896,900,000","2,126,700,000","2,588,700,000","2,021,300,000","1,504,500,000","1,682,200,000","2,071,200,000","1,592,100,000","1,453,200,000","1,515,300,000","1,937,400,000","1,496,600,000","1,340,300,000","1,453,300,000","1,920,600,000","1,405,600,000","1,265,100,000","1,326,800,000","1,743,900,000","1,333,600,000","1,184,300,000","1,283,900,000","1,497,200,000","1,272,600,000","1,150,200,000","1,163,200,000","1,539,900,000","1,165,300,000","974,900,000","1,033,900,000","1,321,600,000","954,900,000","873,900,000","886,000,000","1,215,100,000","873,500,000","774,600,000","742,400,000","1,094,700,000","727,200,000","629,200,000","598,100,000","882,000,000","606,200,000","552,800,000","517,400,000","778,400,000","535,900,000","475,300,000","416,700,000","629,000,000","442,900,000","409,600,000","369,900,000","538,600,000","383,600,000"
CostOfRevenue,"3,835,013,000","861,437,000","1,250,090,000","796,276,000","927,210,000","774,089,000","1,082,063,000","658,684,000","639,847,000","688,469,000","1,349,415,000","926,782,000","1,032,014,000","927,767,000","1,415,665,000","954,937,000","1,017,177,000","903,046,000","1,432,503,000","890,076,000","1,007,054,000","870,085,000","1,355,608,000","878,865,000","993,359,000","938,579,000","1,457,135,000","912,920,000","1,020,331,000","960,419,000","1,432,669,000","924,443,000","976,269,000","939,224,000","1,371,701,000","937,407,000","976,822,000","937,785,000","1,382,770,000","919,623,000","987,802,000","954,129,000","1,300,268,000","879,997,000","962,399,000","898,886,000","1,273,892,000","857,474,000","930,436,000","914,261,000","1,229,294,000","893,008,000","1,001,011,000","979,579,000","1,533,673,000","1,046,428,000","1,129,366,000","1,118,302,000","1,461,224,000","1,070,661,000","1,128,679,000","1,126,091,000","1,612,328,000","1,118,313,000","1,122,273,000","1,179,437,000","1,552,615,000","1,147,109,000","1,144,025,000","1,170,272,000","1,543,521,000","1,140,898,000","1,145,846,000","1,187,500,000","1,571,730,000","1,200,053,000","1,186,418,000","1,211,972,000","1,638,970,000","1,191,437,000","1,197,299,000","1,226,428,000","1,703,369,000","1,312,956,000","1,238,370,000","1,253,007,000","1,830,204,000","1,374,512,000","1,214,099,000","1,383,332,000","1,817,943,000","1,386,900,000","1,231,000,000","1,398,600,000","1,767,800,000","1,368,000,000","963,500,000","1,127,000,000","1,363,300,000","1,066,400,000","956,500,000","1,005,500,000","1,291,700,000","1,004,300,000","871,800,000","966,600,000","1,295,900,000","926,300,000","835,800,000","893,100,000","1,146,800,000","866,200,000","774,500,000","852,700,000","1,056,600,000","744,200,000","709,500,000","753,700,000","997,000,000","751,000,000","627,100,000","666,900,000","854,600,000","592,600,000","556,000,000","561,600,000","787,900,000","547,300,000","487,900,000","464,000,000","699,800,000","454,000,000","396,400,000","376,200,000",,,,,,,,,,,,,,
GrossProfit,"3,074,501,000","781,345,000","903,298,000","715,636,000","674,222,000","583,446,000","532,251,000","393,428,000","305,336,000","133,107,000","613,357,000","496,877,000","426,831,000","570,168,000","640,592,000","500,028,000","483,530,000","587,679,000","676,670,000","506,743,000","456,756,000","582,789,000","628,359,000","527,630,000","495,391,000","600,218,000","660,294,000","559,934,000","530,513,000","652,999,000","746,887,000","574,701,000","536,619,000","649,317,000","706,974,000","569,518,000","539,974,000","651,596,000","771,286,000","566,722,000","537,380,000","629,099,000","709,150,000","536,541,000","512,654,000","599,870,000","703,155,000","515,563,000","490,354,000","1,482,661,000","646,153,000","497,708,000","454,158,000","525,717,000","548,611,000","499,628,000","517,136,000","595,296,000","746,886,000","603,498,000","560,404,000","673,363,000","807,536,000","644,300,000","626,295,000","699,585,000","826,946,000","614,116,000","584,449,000","668,461,000","587,970,000","614,249,000","584,209,000","724,379,000","727,324,000","564,431,000","535,067,000","601,939,000","748,921,000","602,813,000","620,677,000","746,413,000","830,596,000","559,377,000","647,193,000","724,578,000","831,752,000","604,152,000","629,264,000","699,245,000","756,868,000","691,300,000","665,900,000","728,100,000","820,900,000","653,300,000","541,000,000","555,200,000","707,900,000","525,700,000","496,700,000","509,800,000","645,700,000","492,300,000","468,500,000","486,700,000","624,700,000","479,300,000","429,300,000","433,700,000","597,100,000","467,400,000","409,800,000","431,200,000","440,600,000","528,400,000","440,700,000","409,500,000","542,900,000","414,300,000","347,800,000","367,000,000","467,000,000","362,300,000","317,900,000","324,400,000","427,200,000","326,200,000","286,700,000","278,400,000","394,900,000","273,200,000","232,800,000","221,900,000",,,,,,,,,,,,,,
OperatingExpense,"1,822,397,000","452,061,000","501,000,000","448,326,000","421,010,000","388,133,000","399,776,000","376,710,000","323,652,000","346,897,000","526,163,000","480,219,000","469,717,000","463,642,000","522,844,000","481,236,000","471,139,000","468,422,000","544,598,000","474,467,000","468,022,000","464,665,000","521,747,000","476,912,000","461,631,000","464,979,000","521,573,000","484,119,000","470,497,000","470,470,000","530,964,000","480,753,000","468,377,000","461,425,000","510,188,000","475,294,000","467,994,000","460,883,000","550,759,000","478,059,000","471,644,000","465,523,000","522,819,000","479,273,000","472,273,000","464,700,000","522,136,000","476,022,000","464,330,000","470,268,000","509,321,000","482,104,000","477,048,000","494,308,000","571,259,000","571,777,000","566,791,000","569,598,000","642,509,000","609,996,000","584,880,000","587,505,000","677,242,000","599,581,000","596,231,000","579,591,000","645,273,000","592,559,000","570,649,000","582,402,000","662,166,000","608,264,000","587,312,000","597,740,000","633,823,000","607,790,000","596,153,000","597,880,000","666,755,000","631,622,000","622,856,000","597,086,000","674,969,000","634,867,000","630,566,000","634,524,000","643,084,000","635,625,000","615,142,000","629,165,000","629,971,000","632,800,000","611,500,000","622,300,000","694,300,000","729,300,000","467,100,000","469,100,000","543,400,000","469,300,000","439,000,000","434,100,000","480,800,000","458,400,000","411,100,000","417,100,000","458,700,000","413,500,000","381,700,000","375,700,000","419,000,000","399,500,000","356,200,000","357,300,000","448,900,000","401,600,000","332,700,000","347,800,000","414,600,000","343,000,000","301,900,000","308,600,000","330,800,000","308,600,000","273,700,000","275,200,000","297,600,000","282,500,000","250,000,000","239,000,000","301,700,000","228,900,000","196,000,000","186,700,000",,,,,,,,,,,,,,
	SellingGeneralAndAdministration,"1,623,275,000","405,852,000","448,318,000","398,138,000","370,967,000","341,725,000","341,627,000","323,333,000","272,701,000","295,996,000","466,704,000","424,076,000","415,334,000","411,278,000","467,015,000","425,474,000","414,918,000","412,419,000","489,922,000","417,427,000","408,154,000","404,654,000","460,023,000","416,231,000","401,024,000","404,334,000","458,815,000","418,519,000","409,997,000","409,317,000","467,012,000","418,039,000","406,319,000","399,466,000","449,000,000","410,352,000","403,750,000","395,767,000","485,171,000","412,261,000","407,429,000","401,503,000","454,149,000","415,995,000","408,176,000","400,697,000","456,050,000","410,135,000","403,997,000","406,656,000","446,928,000","416,085,000","410,657,000","428,784,000","499,185,000","504,660,000","493,770,000","497,523,000","568,420,000","534,953,000","510,017,000","512,573,000","597,037,000","526,024,000","522,236,000","506,201,000","569,643,000","516,745,000","494,796,000","507,835,000","583,282,000","533,717,000","513,064,000","523,502,000","565,937,000","533,603,000","521,592,000","523,853,000","596,546,000","554,684,000","545,963,000","519,719,000","597,001,000","556,116,000","553,726,000","557,329,000","571,377,000","557,239,000","538,738,000","552,464,000","555,097,000","557,900,000","539,200,000","548,500,000","631,200,000","660,500,000","412,200,000","414,000,000","499,600,000","415,000,000","387,200,000","382,600,000","439,800,000","405,100,000","360,900,000","366,400,000","418,200,000","359,700,000","331,000,000","327,500,000","371,000,000","348,500,000","309,900,000","311,200,000","405,600,000","312,800,000","292,000,000","306,500,000","386,500,000","303,000,000","268,200,000","273,400,000","307,200,000","277,000,000","244,800,000","245,400,000","275,400,000","255,100,000","225,500,000","213,600,000","281,600,000","205,400,000","175,000,000","165,100,000",,,,,,,,,,,,,,
		GeneralAndAdministrativeExpense,"1,623,275,000","405,852,000","448,318,000","398,138,000","370,967,000","341,725,000","341,627,000","323,333,000","272,701,000","295,996,000","466,704,000","424,076,000","415,334,000","411,278,000","467,015,000","425,474,000","414,918,000","412,419,000","489,922,000","417,427,000","408,154,000","404,654,000","460,023,000","416,231,000","401,024,000","404,334,000","458,815,000","418,519,000","409,997,000","409,317,000","467,012,000","418,039,000","406,319,000","399,466,000","449,000,000","410,352,000","403,750,000","395,767,000","485,171,000","412,261,000","407,429,000","401,503,000","454,149,000","415,995,000","408,176,000","400,697,000","456,050,000","410,135,000","403,997,000","406,656,000","446,928,000","416,085,000","410,657,000","428,784,000",,,,,,,,,,,,,,,,,,,,,,,,,,,,,,,,,,,,,,,,,,,,,,,,,,,,,,,,,,,,,,,,,,,,,,,,,,,,,,,,,,,,,,,,,,,,,,
			RentAndLandingFees,"22,562,000","5,079,000","7,437,000","4,947,000","5,099,000","5,111,000","5,870,000","5,115,000","5,639,000","5,550,000","8,121,000","5,927,000","6,209,000","6,118,000","8,963,000","6,578,000","6,556,000","6,549,000","9,091,000","6,263,000","6,456,000","6,202,000","8,416,000","5,668,000","5,880,000","5,990,000","9,452,000","5,804,000","5,719,000","5,757,000","9,522,000","5,780,000","5,860,000","5,815,000","9,784,000","5,946,000","5,532,000","5,571,000","10,308,000","7,624,000","8,641,000","8,265,000","13,312,000","11,229,000","12,139,000","11,430,000","14,447,000","11,641,000","11,943,000","13,014,000","15,962,000","13,965,000","13,936,000","14,500,000",,,,,,,,,,,,,,,,,,,,,,,,,,,,,,,,,,,,,,,,,,,,,,,,,,,,,,,,,,,,,,,,,,,,,,,,,,,,,,,,,,,,,,,,,,,,,,
			OtherGandA,"1,600,713,000","400,773,000","440,881,000","393,191,000","365,868,000","336,614,000","335,757,000","318,218,000","267,062,000","290,446,000","458,583,000","418,149,000","409,125,000","405,160,000","458,052,000","418,896,000","408,362,000","405,870,000","480,831,000","411,164,000","401,698,000","398,452,000","451,607,000","410,563,000","395,144,000","398,344,000","449,363,000","412,715,000","404,278,000","403,560,000","457,490,000","412,259,000","400,459,000","393,651,000","439,216,000","404,406,000","398,218,000","390,196,000","474,863,000","404,637,000","398,788,000","393,238,000","440,837,000","404,766,000","396,037,000","389,267,000","441,603,000","398,494,000","392,054,000","393,642,000","430,966,000","402,120,000","396,721,000","414,284,000",,,,,,,,,,,,,,,,,,,,,,,,,,,,,,,,,,,,,,,,,,,,,,,,,,,,,,,,,,,,,,,,,,,,,,,,,,,,,,,,,,,,,,,,,,,,,,
	DepreciationAmortizationDepletionIncomeStatement,"199,122,000","46,209,000","52,682,000","50,188,000","50,043,000","46,408,000","58,149,000","53,377,000","50,951,000","50,901,000","59,459,000","56,143,000","54,383,000","52,364,000","55,829,000","55,762,000","56,221,000","56,003,000","54,676,000","57,040,000","59,868,000","60,011,000","61,724,000","60,681,000","60,607,000","60,645,000","62,758,000","65,600,000","60,500,000","61,153,000","63,952,000","62,714,000","62,058,000","61,959,000","61,188,000","64,942,000","64,244,000","65,116,000","65,588,000","65,798,000","64,215,000","64,020,000","64,823,000","64,734,000","64,097,000","64,031,000","68,426,000","64,953,000","64,455,000","63,716,000","64,827,000","66,135,000","66,391,000","65,524,000","72,074,000","67,117,000","73,021,000","72,075,000","74,089,000","75,043,000","74,863,000","74,932,000","80,205,000","73,557,000","73,995,000","73,390,000","75,630,000","75,814,000","75,853,000","74,567,000","78,884,000","74,547,000","74,248,000","74,238,000","67,886,000","74,187,000","74,561,000","74,027,000","70,209,000","76,938,000","76,893,000","77,367,000","77,968,000","78,751,000","76,840,000","77,195,000","71,707,000","78,386,000","76,404,000","76,701,000","74,874,000","74,900,000","72,300,000","73,800,000","63,100,000","68,800,000","54,900,000","55,100,000","43,800,000","54,300,000","51,800,000","51,500,000","41,000,000","53,300,000","50,200,000","50,700,000","40,500,000","53,800,000","50,700,000","48,200,000","48,000,000","51,000,000","46,300,000","46,100,000","43,300,000","88,800,000","40,700,000","41,300,000","28,100,000","40,000,000","33,700,000","35,200,000","23,600,000","31,600,000","28,900,000","29,800,000","22,200,000","27,400,000","24,500,000","25,400,000","20,100,000","23,500,000","21,000,000","21,600,000",,,,,,,,,,,,,,
		DepreciationAndAmortizationInIncomeStatement,"199,122,000","46,209,000","52,682,000","50,188,000","50,043,000","46,408,000","58,149,000","53,377,000","50,951,000","50,901,000","59,459,000","56,143,000","54,383,000","52,364,000","55,829,000","55,762,000","56,221,000","56,003,000","54,676,000","57,040,000","59,868,000","60,011,000","61,724,000","60,681,000","60,607,000","60,645,000","62,758,000","65,600,000","60,500,000","61,153,000","63,952,000","62,714,000","62,058,000","61,959,000","61,188,000","64,942,000","64,244,000","65,116,000","65,588,000","65,798,000","64,215,000","64,020,000","64,823,000","64,734,000","64,097,000","64,031,000","68,426,000","64,953,000","64,455,000","63,716,000","64,827,000","66,135,000","66,391,000","65,524,000","72,074,000","67,117,000","73,021,000","72,075,000","74,089,000","75,043,000","74,863,000","74,932,000","80,205,000","73,557,000","73,995,000","73,390,000","75,630,000","75,814,000","75,853,000","74,567,000","78,884,000","74,547,000","74,248,000","74,238,000","67,886,000","74,187,000","74,561,000","74,027,000","70,209,000","76,938,000","76,893,000","77,367,000","77,968,000","78,751,000","76,840,000","77,195,000","71,707,000","78,386,000","76,404,000","76,701,000","74,874,000","74,900,000","72,300,000","73,800,000","63,100,000","68,800,000","54,900,000","55,100,000","43,800,000","54,300,000","51,800,000","51,500,000","41,000,000","53,300,000","50,200,000","50,700,000","40,500,000","53,800,000","50,700,000","48,200,000","48,000,000","51,000,000","46,300,000","46,100,000","43,300,000","88,800,000","40,700,000","41,300,000","28,100,000","40,000,000","33,700,000","35,200,000","23,600,000","31,600,000","28,900,000","29,800,000","22,200,000","27,400,000","24,500,000","25,400,000","20,100,000","23,500,000","21,000,000","21,600,000",,,,,,,,,,,,,,
	OtherOperatingExpenses,,,,,,,,,,,,,,,,,,,,,,,,,,,,,,,,,,,,,,,,,,,,"-1,456,000",,"-28,000","-2,340,000","934,000","-4,122,000","-104,000","-2,434,000","-116,000",,,,,,,,,,,,,,,,,,,,,,,,,,,,,,,,,,,,,,,,,,,,,,,,,,,,,,,,,,,,,,,,,,,,,,,,,,,,,,,,,,,,,,,,,,,,,,,,
OperatingIncome,"1,252,104,000","329,284,000","402,298,000","267,310,000","253,212,000","195,313,000","132,475,000","16,718,000","-18,316,000","-213,790,000","87,194,000","16,658,000","-42,886,000","106,526,000","117,748,000","18,792,000","12,391,000","119,257,000","132,072,000","32,276,000","-11,266,000","118,124,000","106,612,000","50,718,000","33,760,000","135,239,000","138,721,000","75,815,000","60,016,000","182,529,000","215,923,000","93,948,000","68,242,000","187,892,000","196,786,000","94,224,000","71,980,000","190,713,000","220,527,000","88,663,000","65,736,000","163,576,000","186,331,000","57,268,000","40,381,000","135,170,000","181,019,000","39,541,000","26,024,000","98,132,000","136,832,000","15,604,000","-22,890,000","31,409,000","-22,648,000","-72,149,000","-49,655,000","25,698,000","104,377,000","-6,498,000","-24,476,000","85,858,000","130,294,000","44,719,000","30,064,000","119,994,000","181,673,000","21,557,000","13,800,000","86,059,000","-74,196,000","5,985,000","-3,103,000","126,639,000","93,501,000","-43,359,000","-61,086,000","4,059,000","82,166,000","-28,809,000","-2,179,000","149,327,000","155,627,000","-75,490,000","16,627,000","90,054,000","188,668,000","-31,473,000","14,122,000","70,080,000","126,897,000","58,500,000","54,400,000","105,800,000","126,600,000","-76,000,000","73,900,000","86,100,000","164,500,000","56,400,000","57,700,000","75,700,000","164,900,000","33,900,000","57,400,000","69,600,000","166,000,000","65,800,000","47,600,000","58,000,000","178,100,000","67,900,000","53,600,000","73,900,000","-8,300,000","126,800,000","108,000,000","61,700,000","128,300,000","71,300,000","45,900,000","58,400,000","136,200,000","53,700,000","44,200,000","49,200,000","129,600,000","43,700,000","36,700,000","39,400,000","93,200,000","44,300,000","36,800,000","35,200,000","-1,519,900,000","606,200,000","552,800,000","517,400,000","-1,292,800,000","535,900,000","475,300,000","416,700,000","-1,114,300,000","442,900,000","409,600,000","369,900,000","-962,300,000","383,600,000"
NetNonOperatingInterestIncomeExpense,"-42,119,000","-10,562,000","-10,236,000","-10,550,000","-10,771,000","-11,535,000","-11,803,000","-12,162,000","-12,873,000","-12,270,000","-11,206,000","-11,536,000","-12,248,000","-11,237,000","-12,071,000","-12,104,000","-14,321,000","-14,022,000","-16,120,000","-14,980,000","-15,798,000","-15,682,000","-15,747,000","-15,619,000","-15,979,000","-15,714,000","-16,059,000","-14,872,000","-14,765,000","-15,227,000","-15,664,000","-14,598,000","-15,203,000","-15,841,000","-16,160,000","-15,789,000","-16,246,000","-16,310,000","-17,457,000","-17,011,000","-17,673,000","-17,455,000","-17,785,000","-17,750,000","-18,422,000","-18,275,000","-18,431,000","-18,043,000","-18,462,000","-18,856,000","-18,227,000","-18,357,000","-19,011,000","-18,408,000",,,,,,,,,,,,,,,,,,,,,,,,,,,,,,,,,,,,,,,,,,,,,,,,,,,,,,,,,,,,,,,,,,,,,,,,,,,,,,,,,,,,,,,,,,,,,,
	InterestExpenseNonOperating,"43,966,000","10,562,000","12,083,000","10,550,000","10,771,000","11,535,000","12,308,000","12,162,000","12,873,000","12,270,000","12,465,000","11,536,000","12,248,000","11,237,000","13,101,000","12,104,000","14,321,000","14,022,000","16,962,000","14,980,000","15,798,000","15,682,000","16,410,000","15,619,000","15,979,000","15,714,000","17,364,000","14,872,000","14,765,000","15,227,000","16,898,000","14,598,000","15,203,000","15,841,000","17,182,000","15,789,000","16,246,000","16,310,000","18,874,000","17,011,000","17,673,000","17,455,000","19,443,000","17,750,000","18,422,000","18,275,000","18,431,000","18,043,000","18,462,000","18,856,000","18,227,000","18,357,000",,"18,408,000",,,,,,,,,,,,,,,,,,,,,,,,,,,,,,,,,,,,,,,,,,,,,,,,,,,,,,,,,,,,,,,,,,,,,,,,,,,,,,,,,,,,,,,,,,,,,,
	TotalOtherFinanceCost,,,,,,,,,,,"-34,076,000","11,536,000","12,248,000","11,237,000","-39,470,000","12,104,000","14,321,000","14,022,000","-45,134,000","14,980,000","15,798,000","15,682,000","-45,718,000","15,619,000","15,979,000","15,714,000","-43,309,000","14,872,000","14,765,000","15,227,000","-44,204,000","14,598,000","15,203,000","15,841,000","-46,704,000","15,789,000","16,246,000","16,310,000","-50,294,000","17,011,000","17,673,000","17,455,000","17,600,000",,,,,,,,,,"19,011,000",,,,,,,,,,,,,,,,,,,,,,,,,,,,,,,,,,,,,,,,,,,,,,,,,,,,,,,,,,,,,,,,,,,,,,,,,,,,,,,,,,,,,,,,,,,,,,,
OtherIncomeExpense,"-1,086,000","5,301,000","-2,132,000","-2,130,000","-2,125,000","19,709,000","-12,835,000","-4,326,000","-2,137,000","-2,085,000","6,380,000","-2,220,000","2,983,000","5,483,000","-1,900,000","-1,913,000","-1,898,000","-1,997,000","5,000","4,016,000","23,000","19,000","-6,448,000","-23,000","781,000","95,000","3,131,000","9,400,000","52,000","43,000","-293,000","5,923,000","50,000","389,000","1,182,000","2,000","24,000","5,818,000","8,633,000","1,072,000","142,000","997,000","48,588,000","1,500,000","2,363,000","-1,200,000","0","-900,000",,"-2,208,000","-147,000","-1,796,000","589,000","-688,000","-295,537,000","37,005,000","7,081,000","718,000","-20,275,000","11,448,000","4,701,000","3,192,000","-114,666,000","41,092,000","60,811,000","41,560,000","-14,000,000","34,119,000","30,634,000","35,315,000","100,553,000","56,250,000","58,675,000","52,804,000","28,798,000","55,952,000","41,779,000","77,415,000","75,334,000","63,363,000","68,627,000","-15,222,000","59,315,000","57,826,000","55,259,000","57,276,000","-66,732,000","68,642,000","58,705,000","63,171,000","-5,182,000","53,800,000","61,300,000","64,900,000","56,700,000","63,100,000","37,600,000","47,700,000","44,600,000","47,200,000","46,200,000","47,200,000","42,900,000","46,700,000","35,600,000","48,500,000","-85,800,000","46,000,000","44,800,000","47,500,000","44,500,000","44,800,000","32,900,000","34,600,000","220,500,000","-13,600,000","-12,400,000","47,400,000","78,900,000","30,800,000","41,400,000","42,200,000","39,200,000","36,000,000","37,300,000","35,500,000","35,900,000","31,400,000","32,900,000","28,200,000","61,100,000","16,100,000","17,300,000","15,900,000",,,,,,,,,,,,,,
	EarningsFromEquityInterest,,,,,,,,,,,,,,,,,,,,,,,,,,,,,,,,,,,,,,,,,,,,,,,,,,,,"-1,796,000",,"-756,000","-2,354,000","1,167,000","-1,012,000","619,000","-4,447,000","3,390,000","4,118,000","3,192,000",,,,,,,,,,,,,,,,,,,,,,,,,,,,,,,,,,,,,,,,,,,,,,,,,,,,,,,,,,,,,,,,,,,,,,,,,,,,,,,,,,,,,,
	SpecialIncomeCharges,"7,252,000","7,237,000","2,000","4,000","9,000","24,673,000","-10,731,000","-2,221,000","-33,000","19,000","8,297,000","-304,000","4,900,000","7,400,000","15,000","2,000","17,000","-82,000","5,000","4,016,000","23,000","19,000","-6,448,000","-23,000","781,000","95,000","3,131,000","9,400,000","52,000","43,000","-293,000","5,923,000","50,000","389,000","1,182,000","2,000","24,000","5,818,000","8,633,000","1,072,000","142,000","997,000","48,588,000","0","2,363,000","-1,200,000","0","0","0","-2,208,000","-3,084,000","0","589,000","68,000","-293,183,000","35,838,000","8,093,000","99,000","-15,828,000","8,058,000","583,000",,"-127,050,000","41,092,000","60,811,000","41,560,000","-14,000,000","34,119,000","30,634,000","35,315,000","100,553,000","56,250,000","58,675,000","52,804,000","28,798,000","55,952,000","41,779,000","77,415,000","75,334,000","63,363,000","68,627,000","-15,222,000","59,315,000","57,826,000","55,259,000","57,276,000","-66,732,000","68,642,000","58,705,000","63,171,000","-5,182,000","53,800,000","61,300,000","64,900,000","56,700,000","63,100,000","37,600,000","47,700,000","44,600,000","47,200,000","46,200,000","47,200,000","42,900,000","46,700,000","35,600,000","48,500,000","-85,800,000","46,000,000","44,800,000","47,500,000","44,500,000","44,800,000","32,900,000","34,600,000","220,500,000","-13,600,000","-12,400,000","47,400,000","78,900,000","30,800,000","41,400,000","42,200,000","39,200,000","36,000,000","37,300,000","35,500,000","35,900,000","31,400,000","32,900,000","28,200,000","61,100,000","16,100,000","17,300,000","15,900,000",,,,,,,,,,,,,,
		ImpairmentOfCapitalAssets,,,,,,,,,,,,,,,,,,,,,,,,,,,,,,,,,,,,,,,,,,,,"0","0","1,200,000","0","0","0","2,208,000","3,084,000","0","0","0",,,,,,,,,,,,,,,,,,,,,,,,,,,,,,,,,,,,,,,,,,,,,,,,,,,,,,,,,,,,,,,,,,,,,,,,,,,,,,,,,,,,,,,,,,,,,,
		WriteOff,,,,,,,"10,700,000",,,,,,,,,,,,"0",,,,"6,500,000",,,,,,,,"0","0","0","0","-1,174,000","0","0","6,527,000","1,591,000","0","0","0",,,,,,,,,,,,,,,,,,,,,,,,,,,,,,,,,,,,,,,,,,,,,,,,,,,,,,,,,,,,,,,,,,,,,,,,,,,,,,,,,,,,,,,,,,,,,,,,,,,,,,,,,,
		OtherSpecialCharges,,,,,,,,,,,,,,,,,,,"0","797,000",,,,,,,,,,,,,,,,,,,,,,,"-44,500,000",,"-2,363,000",,,,,,,"-100,000","-589,000",,,,,,,,,,,,,,,,,,,,,,,,,,,,,,,,,,,,,,,,,,,,,,,,,,,,,,,,,,,,,,,,,,,,,,,,,,,,,,,,,,,,,,,,,,,,,,,
		GainOnSaleOfPPE,"7,252,000","7,237,000","2,000","4,000","9,000","24,673,000","5,000","-2,221,000","-33,000","19,000","8,297,000","-304,000","4,900,000","7,400,000","15,000","2,000","17,000","-82,000","5,000","4,813,000","23,000","19,000","52,000","-23,000","781,000","95,000","3,131,000","9,400,000","52,000","43,000","-293,000","5,923,000","50,000","389,000","8,000","2,000","24,000","12,345,000","10,224,000","1,072,000","142,000","997,000","100,000",,,,,,,,,,,"68,000",,,,,,,,,,,,,,,,,,,,,,,,,,,,,,,,,,,,,,,,,,,,,,,,,,,,,,,,,,,,,,,,,,,,,,,,,,,,,,,,,,,,,,,,,,,,,,
	OtherNonOperatingIncomeExpenses,"-8,338,000","-1,936,000","-2,134,000","-2,134,000","-2,134,000","-4,964,000","-2,104,000","-2,105,000","-2,104,000","-2,104,000","-1,917,000","-1,916,000","-1,917,000","-1,917,000","-1,915,000","-1,915,000","-1,915,000","-1,915,000",,,,,,,,,,,,,,,,,,,,,,,,,,,,,,,,,,,,,,,,,,,,,,,,,,,,,,,,,,,,,,,,,,,,,,,,,,,,,,,,,,,,,,,,,,,,,,,,,,,,,,,,,,,,,,,,,,,,,,,,,,,,,,,,,,
PretaxIncome,"1,208,899,000","324,023,000","389,930,000","254,630,000","240,316,000","203,487,000","107,837,000","230,000","-33,326,000","-228,145,000","82,368,000","2,902,000","-52,151,000","100,772,000","103,777,000","4,775,000","-3,828,000","103,238,000","115,957,000","21,312,000","-27,041,000","102,461,000","84,417,000","35,076,000","18,562,000","119,620,000","125,793,000","70,343,000","45,303,000","167,345,000","199,966,000","85,273,000","53,089,000","172,440,000","181,808,000","78,437,000","55,758,000","180,221,000","211,703,000","72,724,000","48,205,000","147,118,000","217,134,000","39,518,000","24,322,000","115,695,000","162,588,000","21,498,000","7,562,000","77,068,000","115,521,000","-2,753,000","-41,312,000","13,069,000","-222,964,000","-96,137,000","-64,588,000","3,684,000","63,591,000","-21,561,000","-42,516,000","65,122,000","130,697,000","21,284,000","5,477,000","96,384,000","99,938,000","-4,189,000","-19,404,000","59,440,000","170,416,000","-29,203,000","-40,669,000","84,007,000","81,361,000","-24,745,000","-78,671,000","38,049,000","111,015,000","-9,710,000","19,536,000","90,259,000","168,261,000","-65,221,000","-33,338,000","41,869,000","66,453,000","-15,349,000","15,231,000","74,525,000","61,549,000","56,100,000","58,400,000","108,000,000","120,400,000","-77,700,000","76,100,000","100,000,000","176,800,000","70,300,000","70,300,000","92,500,000","176,300,000","50,200,000","62,700,000","89,500,000","47,100,000","82,300,000","62,300,000","78,100,000","191,800,000","81,900,000","54,500,000","77,900,000","180,200,000","80,900,000","62,300,000","76,200,000","175,300,000","70,500,000","57,900,000","71,600,000","145,900,000","61,000,000","55,800,000","59,500,000","139,400,000","50,600,000","44,900,000","45,900,000","130,000,000","37,900,000","29,400,000","30,600,000",,,,,,,,,,,,,,
TaxProvision,"253,580,000","72,930,000","68,690,000","57,300,000","54,660,000","45,240,000","40,800,000","-31,620,000","-24,760,000","-66,170,000","14,680,000","-2,560,000","-11,480,000","22,170,000","18,650,000","-2,650,000","-960,000","22,690,000","-40,805,000","6,785,000","-9,950,000","36,170,000","27,520,000","12,290,000","6,490,000","42,200,000","42,110,000","24,970,000","15,650,000","58,040,000","69,520,000","30,110,000","18,890,000","60,960,000","62,735,000","27,570,000","19,675,000","63,420,000","50,529,000","24,231,000","17,330,000","52,970,000","76,122,000","-188,360,000","7,010,000","42,710,000","51,375,000","6,035,000","-240,000","27,280,000","35,640,000","-12,560,000","-15,040,000","4,650,000","-75,970,000","-38,900,000","-27,260,000","1,610,000","11,800,000","-6,830,000","-17,350,000","25,390,000","-11,910,000","7,675,000","-10,250,000","35,065,000","1,475,000","-1,510,000","-7,065,000","21,400,000","61,795,000","-10,515,000","-14,640,000","30,245,000","30,185,000","-8,910,000","-28,325,000","13,700,000","38,765,000","-3,495,000","7,035,000","32,495,000","67,500,000","-24,980,000","-12,770,000","16,035,000","15,760,000","-5,835,000","5,785,000","28,320,000","35,720,000","21,300,000","22,200,000","41,000,000","46,100,000","-27,500,000","28,200,000","37,000,000","65,400,000","26,000,000","26,000,000","34,200,000","65,200,000","18,600,000","23,200,000","33,100,000","17,900,000","31,300,000","23,700,000","29,700,000","72,900,000","31,100,000","20,700,000","29,600,000","68,900,000","38,500,000","23,100,000","28,000,000","64,900,000","26,100,000","21,400,000","26,500,000","52,500,000","22,000,000","20,100,000","21,400,000","47,100,000","18,200,000","16,200,000","16,500,000","44,500,000","13,700,000","10,600,000","11,000,000",,,,,,,,,,,,,,
EarningsFromEquityInterestNetOfTax,,,,,,,,,,,,,,,"31,000","0","0","0","801,000","12,000","11,000","11,000","11,000","12,000","11,000","11,000","422,000","371,000","297,000","266,000","44,000","68,000","250,000","203,000","29,000","1,000","408,000","409,000","269,000","21,000","147,000","835,000","484,000","293,000","253,000","3,692,000","-1,636,000","-1,082,000","-974,000","-954,000",,,,,,,,,,,,,,,,,,,,,,,,,,,,,,,,,,,,,,,,,,,,,,,,,,,,,,,,,,,,,,,,,,,,,,,,,,,,,,,,,,,,,,,,,,,,,,,,,,
NetIncomeCommonStockholders,"955,319,000","251,093,000","321,240,000","197,330,000","185,656,000","158,247,000","67,037,000","31,850,000","-8,566,000","-161,975,000","67,688,000","5,462,000","-40,671,000","78,602,000","85,158,000","7,425,000","-2,868,000","80,548,000","157,563,000","14,539,000","-17,080,000","66,302,000","56,908,000","22,798,000","12,083,000","77,431,000","84,105,000","45,744,000","29,950,000","109,571,000","130,490,000","55,231,000","34,449,000","111,683,000","119,102,000","50,868,000","36,491,000","117,210,000","161,443,000","48,514,000","31,022,000","94,983,000","141,496,000","228,171,000","17,565,000","76,677,000","109,577,000","14,381,000","6,828,000","48,834,000","79,514,000","8,011,000","-26,657,000","7,663,000","-149,348,000","-56,070,000","-38,340,000","2,693,000","47,344,000","-11,341,000","-25,166,000","42,924,000","154,991,000","13,609,000","15,727,000","61,319,000","98,463,000","-2,679,000","-12,339,000","38,040,000","108,621,000","-18,688,000","-26,029,000","53,762,000","51,176,000","-15,835,000","-50,346,000","24,349,000","72,250,000","-5,102,000","6,666,000","58,112,000","101,526,000","-40,116,000","-18,605,000","28,993,000","-71,853,000","5,961,000","13,837,000","46,205,000","25,829,000","34,800,000","36,200,000","67,000,000","74,300,000","-50,200,000","47,900,000","63,000,000","111,400,000","44,300,000","44,300,000","58,300,000","111,100,000","31,600,000","39,500,000","56,400,000","29,200,000","51,000,000","38,600,000","48,400,000","118,900,000","50,800,000","33,800,000","48,300,000","111,300,000","42,400,000","39,200,000","48,200,000","110,400,000","44,400,000","36,500,000","45,100,000","93,400,000","39,000,000","35,700,000","38,100,000","92,300,000","32,400,000","28,700,000","29,400,000","85,500,000","24,200,000","18,800,000","19,600,000",,,,,,,,,,,,,,
	NetIncome,"955,319,000","251,093,000","321,240,000","197,330,000","185,656,000","158,247,000","67,037,000","31,850,000","-8,566,000","-161,975,000","67,688,000","5,462,000","-40,671,000","78,602,000","85,158,000","7,425,000","-2,868,000","80,548,000","157,563,000","14,539,000","-17,080,000","66,302,000","56,908,000","22,798,000","12,083,000","77,431,000","84,105,000","45,744,000","29,950,000","109,571,000","130,490,000","55,231,000","34,449,000","111,683,000","119,102,000","50,868,000","36,491,000","117,210,000","161,443,000","48,514,000","31,022,000","94,983,000","141,496,000","228,171,000","17,565,000","76,677,000","109,577,000","14,381,000","6,828,000","48,834,000","79,514,000","8,011,000","-26,657,000","7,663,000","-149,348,000","-56,070,000","-38,340,000","2,693,000","47,344,000","-11,341,000","-25,166,000","42,924,000","154,991,000","13,609,000","15,727,000","61,319,000","98,463,000","-2,679,000","-12,339,000","38,040,000","108,621,000","-18,688,000","-26,029,000","53,762,000","51,176,000","-15,835,000","-50,346,000","24,349,000","72,250,000","-5,102,000","6,666,000","58,112,000","101,526,000","-40,116,000","-18,605,000","28,993,000","-71,853,000","5,961,000","13,837,000","46,205,000","25,829,000","34,800,000","36,200,000","67,000,000","74,300,000","-50,200,000","47,900,000","63,000,000","111,400,000","44,300,000","44,300,000","58,300,000","111,100,000","31,600,000","39,500,000","56,400,000","29,200,000","51,000,000","38,600,000","48,400,000","118,900,000","50,800,000","33,800,000","48,300,000","111,300,000","42,400,000","39,200,000","48,200,000","110,400,000","44,400,000","36,500,000","45,100,000","93,400,000","39,000,000","35,700,000","38,100,000","92,300,000","32,400,000","28,700,000","29,400,000","85,500,000","24,200,000","18,800,000","19,600,000",,,,,,,,,,,,,,
		NetIncomeIncludingNoncontrollingInterests,"955,319,000","251,093,000","321,240,000","197,330,000","185,656,000","158,247,000","67,037,000","31,850,000","-8,566,000","-161,975,000","67,688,000","5,462,000","-40,671,000","78,602,000","85,158,000","7,425,000","-2,868,000","80,548,000","157,563,000","14,539,000","-17,080,000","66,302,000","56,908,000","22,798,000","12,083,000","77,431,000","84,105,000","45,744,000","29,950,000","109,571,000","130,490,000","55,231,000","34,449,000","111,683,000","119,102,000","50,868,000","36,491,000","117,210,000","161,443,000","48,514,000","31,022,000","94,983,000","141,496,000","228,171,000","17,565,000","76,677,000","109,577,000","14,381,000","6,828,000","48,834,000","79,514,000","8,011,000","-26,657,000","7,663,000","-149,348,000","-56,070,000","-38,340,000","2,693,000","47,344,000","-11,341,000","-25,166,000","42,924,000","154,991,000","13,609,000","15,727,000","61,319,000","98,463,000","-2,679,000","-12,339,000","38,040,000","108,621,000","-18,688,000","-26,029,000","53,762,000","51,176,000","-15,835,000","-50,346,000","24,349,000","72,250,000","-5,102,000","6,666,000","58,112,000","101,526,000","-40,116,000","-18,605,000","28,993,000","-71,853,000","5,961,000","13,837,000","46,205,000","25,829,000","34,800,000","36,200,000","67,000,000","74,300,000","-50,200,000","47,900,000","63,000,000","111,400,000","44,300,000","44,300,000","58,300,000","111,100,000","31,600,000","39,500,000","56,400,000","29,200,000","51,000,000","38,600,000","48,400,000","118,900,000","50,800,000","33,800,000","48,300,000","111,300,000","42,400,000","39,200,000","48,200,000","110,400,000","44,400,000","36,500,000","45,100,000","93,400,000","39,000,000","35,700,000","38,100,000","92,300,000","32,400,000","28,700,000","29,400,000","85,500,000","24,200,000","18,800,000","19,600,000","65,600,000","17,400,000","14,800,000","16,000,000","49,700,000","14,600,000","12,400,000","14,500,000","37,500,000","13,700,000","11,500,000","11,800,000","33,500,000","12,100,000"
			NetIncomeContinuousOperations,"955,319,000","251,093,000","321,240,000","197,330,000","185,656,000","158,247,000","67,037,000","31,850,000","-8,566,000","-161,975,000","67,688,000","5,462,000","-40,671,000","78,602,000","85,158,000","7,425,000","-2,868,000","80,548,000","157,563,000","14,539,000","-17,080,000","66,302,000","56,908,000","22,798,000","12,083,000","77,431,000","84,105,000","45,744,000","29,950,000","109,571,000","130,490,000","55,231,000","34,449,000","111,683,000","119,102,000","50,868,000","36,491,000","117,210,000","161,443,000","48,514,000","31,022,000","94,983,000","141,496,000","228,171,000","17,565,000","76,677,000","109,577,000","14,381,000","6,828,000","48,834,000","79,514,000","8,011,000","-26,657,000","7,663,000","-149,348,000","-56,070,000","-38,340,000","2,693,000","47,344,000","-11,341,000","-25,166,000","42,924,000","154,991,000","13,609,000","15,727,000","61,319,000","98,463,000","-2,679,000","-12,339,000","38,040,000","108,621,000","-18,688,000","-26,029,000","53,762,000","51,176,000","-15,835,000","-50,346,000","24,349,000","72,250,000","-6,215,000","12,501,000","57,764,000","100,761,000","-40,241,000","-20,568,000","25,834,000","50,693,000","-9,514,000","9,446,000","46,205,000","25,829,000","34,800,000","36,200,000","67,000,000","74,300,000","-50,200,000","47,900,000","63,000,000","111,400,000","44,300,000","44,300,000","58,300,000","111,100,000","31,600,000","39,500,000","56,400,000","29,200,000","51,000,000","38,600,000","48,400,000","118,900,000","50,800,000","33,800,000","48,300,000","111,300,000","42,400,000","39,200,000","48,200,000","110,400,000","44,400,000","36,500,000","45,100,000","93,400,000","39,000,000","35,700,000","38,100,000","92,300,000","32,400,000","28,700,000","29,400,000","85,500,000","24,200,000","18,800,000","19,600,000","65,600,000","17,400,000","14,800,000","16,000,000","49,700,000","14,600,000","12,400,000","14,500,000","37,500,000","13,700,000","11,500,000","11,800,000","33,500,000","12,100,000"
			NetIncomeExtraordinary,,,,,,,,,,,,,,,,,,,,,,,,,,,,,,,,,,,,,,,,,,,,,,,,,,,,,,,,,,,,,,,,,,,,,,,,,,,,,,,"0",,,,,,,,,,,,,,,,,,,,,,,,,,,,,,,,,,,,,,,,,,,,,,,,,,,,,,,,,,,,,,,,,,,,,
			NetIncomeFromTaxLossCarryforward,,,,,,,,,,,,,,,,,,,,,,,,,,,,,,,,,,,,,,,,,,,,,,,,,,,,,,,,,,,,,,,,,,,,,,,,,,,,,,,"0","1,113,000","-5,835,000","348,000","765,000","125,000","1,963,000","3,159,000","-149,857,000","15,475,000","4,391,000",,,,,,,,,,,,,,,,,,,,,,,,,,,,,,,,,,,,,,,,,,,,,,,,,,,,,,,,,,,
DilutedNIAvailtoComStockholders,"955,319,000","251,093,000","321,240,000","197,330,000","185,656,000","158,247,000","67,037,000","31,850,000","-8,566,000","-161,975,000","67,688,000","5,462,000","-40,671,000","78,602,000","85,158,000","7,425,000","-2,868,000","80,548,000","157,563,000","14,539,000","-17,080,000","66,302,000","56,908,000","22,798,000","12,083,000","77,431,000","84,105,000","45,744,000","29,950,000","109,571,000","130,490,000","55,231,000","34,449,000","111,683,000","119,102,000","50,868,000","36,491,000","117,210,000","161,443,000","48,514,000","31,022,000","94,983,000","141,496,000","228,171,000","17,565,000","76,677,000","109,577,000","14,381,000","6,828,000","48,834,000","79,514,000","8,011,000","-26,657,000","7,663,000","-149,348,000","-56,070,000","-38,340,000","2,693,000","47,344,000","-11,341,000","-25,166,000","42,924,000","154,991,000","13,609,000","15,727,000","61,319,000","98,463,000","-2,679,000","-12,339,000","38,040,000","108,621,000","-18,688,000","-26,029,000","53,762,000","51,176,000","-15,835,000","-50,346,000","24,349,000","72,250,000","-5,102,000","6,666,000","58,112,000","101,526,000","-40,116,000","-18,605,000","28,993,000","-71,853,000","5,961,000","13,837,000","46,205,000","25,829,000","34,800,000","36,200,000","67,000,000","74,300,000","-50,200,000","47,900,000","63,000,000","111,400,000","44,300,000","44,300,000","58,300,000","111,100,000","31,600,000","39,500,000","56,400,000","29,200,000","51,000,000","38,600,000","48,400,000","118,900,000","50,800,000","33,800,000","48,300,000","111,300,000","42,400,000","39,200,000","48,200,000","110,400,000","44,400,000","36,500,000","45,100,000","93,400,000","39,000,000","35,700,000","38,100,000","92,300,000","32,400,000","28,700,000","29,400,000","85,500,000","24,200,000","18,800,000","19,600,000",,,,,,,,,,,,,,
BasicEPS,,"13.68",,"9.81","8.81","7.25","3.05","1.43","-0.37","-6.94","2.75","0.22","-1.59","2.99","3.22","0.27","-0.1","2.89","5.55","0.5","-0.58","2.12","1.72","0.67","0.35","2.17","2.31","1.19","0.75","2.66","3.17","1.3","0.8","2.56","2.71","1.13","0.79","2.5","3.38","1.03","0.64","1.92","2.82","0.51","0.3","1.33",,"0.22","0.1","0.68",,"0.11","-0.36","0.1",,"-0.76","-0.51","0.04",,"-0.15","-0.31","0.54",,"0.17","0.2","0.77",,"-0.03","-0.15","0.46",,"-0.23","-0.31","0.64",,"-0.19","-0.6","0.29",,"-0.06","0.08","0.69",,"-0.48","-0.22","0.34",,"0.07","0.15","0.48",,"0.33","0.34","0.63",,"-0.47","0.45","0.58",,"0.4","0.4","0.52",,"0.28","0.35","0.5",,"0.45","0.34","0.43",,"0.45","0.3","0.43",,"0.38","0.35","0.43",,"0.4","0.33","0.4",,"0.35","0.32","0.34",,"0.29","0.27","0.27",,"0.23","0.19","0.2",,"0.18","0.15","0.17",,"0.15","0.13","0.15",,"0.14","0.12","0.13",,"0.14"
DilutedEPS,,"13.68",,"9.81","8.81","7.25","3.05","1.43","-0.37","-6.94","2.75","0.22","-1.59","2.99","3.22","0.27","-0.1","2.89","5.549","0.5","-0.58","2.12","1.72","0.67","0.35","2.17","2.31","1.19","0.75","2.66","3.17","1.3","0.8","2.56","2.71","1.13","0.79","2.5","3.36","1.01","0.63","1.89","2.77","0.5","0.3","1.31",,"0.22","0.1","0.68",,"0.11","-0.36","0.1",,"-0.76","-0.51","0.04",,"-0.15","-0.31","0.53",,"0.17","0.2","0.77",,"-0.03","-0.15","0.46",,"-0.23","-0.31","0.64",,"-0.19","-0.6","0.29",,"-0.06","0.08","0.68",,"-0.48","-0.22","0.34",,"0.07","0.15","0.48",,"0.33","0.34","0.63",,"-0.47","0.45","0.58",,"0.4","0.4","0.52",,"0.28","0.35","0.5",,"0.45","0.34","0.43",,"0.45","0.3","0.43",,"0.38","0.35","0.43",,"0.4","0.33","0.4",,"0.35","0.32","0.34",,"0.29","0.27","0.27",,"0.23","0.19","0.2",,"0.18","0.15","0.17",,"0.15","0.13","0.15",,"0.14","0.12","0.13",,"0.14"
BasicAverageShares,,"18,351,000",,"20,100,000","21,100,000","21,800,000","22,000,000","22,300,000","23,200,000","23,400,000","24,600,000","24,900,000","25,600,000","26,300,000","26,500,000","27,300,000","27,600,000","27,800,000","28,400,000","28,900,000","29,400,000","31,300,000","33,100,000","34,000,000","34,500,000","35,700,000","36,400,000","38,300,000","40,100,000","41,200,000","41,200,000","42,400,000","43,200,000","43,700,000","43,900,000","45,200,000","46,300,000","46,900,000","47,700,000","47,100,000","48,300,000","49,400,000","50,200,000","52,100,000","54,300,000","57,500,000",,"65,900,000","67,700,000","72,300,000",,"73,800,000","73,827,000","73,644,000",,"73,454,000","75,005,000","67,325,000",,"77,919,000","81,180,645","79,488,889",,"79,633,000","78,635,000","79,635,065",,"80,991,000","82,260,000","82,695,652",,"82,894,000","83,964,516","84,003,125",,"83,303,000","83,910,000","83,962,069",,"84,676,000","83,325,000","84,220,290",,"83,711,000","84,568,182","85,273,529",,"90,716,000","92,246,667","96,260,417",,"105,454,545","106,470,588","106,349,206",,"106,808,511","106,444,444","108,620,690",,"110,750,000","110,750,000","112,115,385",,"112,857,143","112,857,143","112,800,000",,"113,333,333","113,529,412","112,558,140",,"112,888,889","112,666,667","112,325,581",,"111,578,947","112,000,000","112,093,023",,"111,000,000","110,606,061","112,750,000",,"111,428,571","111,562,500","112,058,824",,"111,724,138","106,296,296","108,888,889",,"105,217,391","98,947,368","98,000,000",,"96,745,000","96,730,000","96,703,000",,"96,520,000","96,511,000","96,348,000",,"96,198,000","96,351,000","95,568,000",,"87,333,000"
DilutedAverageShares,,"18,351,000",,"20,100,000","21,100,000","21,800,000","22,000,000","22,300,000","23,200,000","23,400,000","24,600,000","24,900,000","25,600,000","26,300,000","26,500,000","27,300,000","27,600,000","27,800,000","28,400,000","28,900,000","29,400,000","31,300,000","33,100,000","34,000,000","34,500,000","35,700,000","36,400,000","38,300,000","40,100,000","41,200,000","41,200,000","42,400,000","43,200,000","43,700,000","43,900,000","45,200,000","46,300,000","46,900,000","48,000,000","48,100,000","49,200,000","50,300,000","51,100,000","52,900,000","55,200,000","58,500,000",,"65,900,000","67,700,000","72,300,000",,"73,800,000","73,827,000","73,644,000",,"73,454,000","75,005,000","67,325,000",,"77,919,000","81,180,645","80,988,679",,"80,912,000","78,635,000","79,635,065",,"80,991,000","82,260,000","82,695,652",,"82,894,000","83,964,516","84,003,125",,"83,303,000","83,910,000","83,962,069",,"84,676,000","83,325,000","85,458,824",,"83,711,000","84,568,182","85,273,529",,"90,716,000","96,260,417","96,260,417",,"105,454,545","106,470,588","106,349,206",,"106,808,511","106,444,444","108,620,690",,"110,750,000","110,750,000","112,115,385",,"112,857,143","112,857,143","112,800,000",,"113,333,333","113,529,412","112,558,140",,"112,888,889","112,666,667","112,325,581",,"111,578,947","112,000,000","112,093,023",,"111,000,000","110,606,061","112,750,000",,"111,428,571","111,562,500","112,058,824",,"111,724,138","106,296,296","108,888,889",,"105,217,391","98,947,368","98,000,000",,"96,745,000","96,730,000","96,703,000",,"96,520,000","96,511,000","96,348,000",,"96,198,000","96,351,000","95,568,000",,"87,333,000"
RentExpenseSupplemental,"22,562,000","5,079,000","7,437,000","4,947,000","5,099,000","5,111,000","5,870,000","5,115,000","5,639,000","5,550,000","8,121,000","5,927,000","6,209,000","6,118,000","8,963,000","6,578,000","6,556,000","6,549,000","9,091,000","6,263,000","6,456,000","6,202,000","8,416,000","5,668,000","5,880,000","5,990,000","9,452,000","5,804,000","5,719,000","5,757,000","9,522,000","5,780,000","5,860,000","5,815,000","9,784,000","5,946,000","5,532,000","5,571,000","10,308,000","7,624,000","8,641,000","8,265,000","13,312,000","11,229,000","12,139,000","11,430,000","14,447,000","11,641,000","11,943,000","13,014,000","15,962,000","13,965,000","13,936,000","14,500,000",,,,,,,,,,,,,,,,,,,,,,,,,,,,,,,,,,,,,,,,,,,,,,,,,,,,,,,,,,,,,,,,,,,,,,,,,,,,,,,,,,,,,,,,,,,,,,
TotalExpenses,"5,657,410,000","1,313,498,000","1,751,090,000","1,244,602,000","1,348,220,000","1,162,222,000","1,481,839,000","1,035,394,000","963,499,000","1,035,366,000","1,875,578,000","1,407,001,000","1,501,731,000","1,391,409,000","1,938,509,000","1,436,173,000","1,488,316,000","1,371,468,000","1,977,101,000","1,364,543,000","1,475,076,000","1,334,750,000","1,877,355,000","1,355,777,000","1,454,990,000","1,403,558,000","1,978,708,000","1,397,039,000","1,490,828,000","1,430,889,000","1,963,633,000","1,405,196,000","1,444,646,000","1,400,649,000","1,881,889,000","1,412,701,000","1,444,816,000","1,398,668,000","1,933,529,000","1,397,682,000","1,459,446,000","1,419,652,000","1,823,087,000","1,359,270,000","1,434,672,000","1,363,586,000","1,796,028,000","1,333,496,000","1,394,766,000","1,384,529,000","1,738,615,000","1,375,112,000","1,478,059,000","1,473,887,000","2,104,932,000","1,618,205,000","1,696,157,000","1,687,900,000","2,103,733,000","1,680,657,000","1,713,559,000","1,713,596,000","2,289,570,000","1,717,894,000","1,718,504,000","1,759,028,000","2,197,888,000","1,739,668,000","1,714,674,000","1,752,674,000","2,205,687,000","1,749,162,000","1,733,158,000","1,785,240,000","2,205,553,000","1,807,843,000","1,782,571,000","1,809,852,000","2,305,725,000","1,823,059,000","1,820,155,000","1,823,514,000","2,378,338,000","1,947,823,000","1,868,936,000","1,887,531,000","2,473,288,000","2,010,137,000","1,829,241,000","2,012,497,000","2,447,914,000","2,019,700,000","1,842,500,000","2,020,900,000","2,462,100,000","2,097,300,000","1,430,600,000","1,596,100,000","1,906,700,000","1,535,700,000","1,395,500,000","1,439,600,000","1,772,500,000","1,462,700,000","1,282,900,000","1,383,700,000","1,754,600,000","1,339,800,000","1,217,500,000","1,268,800,000","1,565,800,000","1,265,700,000","1,130,700,000","1,210,000,000","1,505,500,000","1,145,800,000","1,042,200,000","1,101,500,000","1,411,600,000","1,094,000,000","929,000,000","975,500,000","1,185,400,000","901,200,000","829,700,000","836,800,000","1,085,500,000","829,800,000","737,900,000","703,000,000","1,001,500,000","682,900,000","592,400,000","562,900,000",,,,,,,,,,,,,,
NetIncomeFromContinuingAndDiscontinuedOperation,"955,319,000","251,093,000","321,240,000","197,330,000","185,656,000","158,247,000","67,037,000","31,850,000","-8,566,000","-161,975,000","67,688,000","5,462,000","-40,671,000","78,602,000","85,158,000","7,425,000","-2,868,000","80,548,000","157,563,000","14,539,000","-17,080,000","66,302,000","56,908,000","22,798,000","12,083,000","77,431,000","84,105,000","45,744,000","29,950,000","109,571,000","130,490,000","55,231,000","34,449,000","111,683,000","119,102,000","50,868,000","36,491,000","117,210,000","161,443,000","48,514,000","31,022,000","94,983,000","141,496,000","228,171,000","17,565,000","76,677,000","109,577,000","14,381,000","6,828,000","48,834,000","79,514,000","8,011,000","-26,657,000","7,663,000","-149,348,000","-56,070,000","-38,340,000","2,693,000","47,344,000","-11,341,000","-25,166,000","42,924,000","154,991,000","13,609,000","15,727,000","61,319,000","98,463,000","-2,679,000","-12,339,000","38,040,000","108,621,000","-18,688,000","-26,029,000","53,762,000","51,176,000","-15,835,000","-50,346,000","24,349,000","72,250,000","-6,215,000","12,501,000","57,764,000","100,761,000","-40,241,000","-20,568,000","25,834,000","50,693,000","-9,514,000","9,446,000","46,205,000","25,829,000","34,800,000","36,200,000","67,000,000","74,300,000","-50,200,000","47,900,000","63,000,000","111,400,000","44,300,000","44,300,000","58,300,000","111,100,000","31,600,000","39,500,000","56,400,000","29,200,000","51,000,000","38,600,000","48,400,000","118,900,000","50,800,000","33,800,000","48,300,000","111,300,000","42,400,000","39,200,000","48,200,000","110,400,000","44,400,000","36,500,000","45,100,000","93,400,000","39,000,000","35,700,000","38,100,000","92,300,000","32,400,000","28,700,000","29,400,000","85,500,000","24,200,000","18,800,000","19,600,000",,,,,,,,,,,,,,
NormalizedIncome,"949,588,187.593","245,484,879.462","321,238,352.32","197,326,900.13","185,649,047.055","139,059,394.743","73,707,938.982","33,471,330","-8,541,910","-161,988,490","60,869,729.118","5,683,920","-44,492,362.965","72,830,011.749","85,145,695.684","7,423,540","-2,880,733","80,611,977.76","157,559,350","11,801,554.805","-17,094,536.925","66,289,707.235","61,253,947.57","22,812,941.213","11,575,068.096","77,369,514.462","82,022,121.994","39,680,764.141","29,915,963.49","109,542,913.622","130,681,135.883","51,399,418.503","34,416,790.879","111,431,517.049","118,327,863.075","50,866,702.985","36,475,468.74","113,439,361.628","154,870,513.347","47,799,181.013","30,931,049.891","94,344,970.962","109,941,793.584","228,171,000","15,883,055.423","77,434,007.649","109,577,000","14,381,000","6,828,000","50,260,427.363","81,646,538.707","8,011,000","-27,031,569.326","7,619,194.659","43,939,445.067","-77,572,800","-43,600,450","2,628,650","60,234,942.869","-16,846,421.734","-25,544,950","42,924,000","237,573,500","-12,665,244.879","-20,759,600","34,878,743.941","112,256,371.891","-24,499,195.989","-31,819,154.917","15,439,350.606","44,529,791.352","-54,684,301.75","-63,582,211.906","19,968,998.845","33,062,082.423","-51,640,209.941","-77,082,733.155","-25,191,798.313","23,221,656.983","-46,771,235.324","-31,413,113.79","67,505,783.18","65,172,000","-75,919,325.478","-54,660,240.446","-9,506,423.32","101,598,832.333","-52,061,396.443","-26,961,814.983","7,039,403.824","28,938,200","1,426,737.968","-1,797,602.74","26,737,962.963","39,309,883.721","-90,967,310.167","24,233,245.729","32,949,000","83,297,963.801","14,556,614.509","15,186,770.982","28,551,243.243","84,065,456.608","2,203,187.251","17,072,567.783","25,836,871.508","82,392,356.688","22,494,532.199","10,842,696.629","18,963,380.282","91,313,712.2","23,011,965.812","13,395,963.303","26,847,111.682","-24,891,176.471","50,560,000","47,002,247.191","18,217,322.835","60,710,553.337","25,002,553.191","10,401,554.404","18,518,715.084","68,305,551.748","15,983,606.557","11,836,021.505","15,368,067.227","68,529,770.445","12,294,071.146","7,670,378.619","11,337,254.902","45,315,000","13,919,788.918","7,737,414.966","9,415,686.275",,,,,,,,,,,,,,
InterestExpense,"43,966,000","10,562,000","12,083,000","10,550,000","10,771,000","11,535,000","12,308,000","12,162,000","12,873,000","12,270,000","12,465,000","11,536,000","12,248,000","11,237,000","13,101,000","12,104,000","14,321,000","14,022,000","16,962,000","14,980,000","15,798,000","15,682,000","16,410,000","15,619,000","15,979,000","15,714,000","17,364,000","14,872,000","14,765,000","15,227,000","16,898,000","14,598,000","15,203,000","15,841,000","17,182,000","15,789,000","16,246,000","16,310,000","18,874,000","17,011,000","17,673,000","17,455,000","19,443,000","17,750,000","18,422,000","18,275,000","18,431,000","18,043,000","18,462,000","18,856,000","18,227,000","18,357,000",,"18,408,000",,,,,,,,,,,,,,,,,,,,,,,,,,,,,,,,,,,,,,,,,,,,,,,,,,,,,,,,,,,,,,,,,,,,,,,,,,,,,,,,,,,,,,,,,,,,,,
NetInterestIncome,"-42,119,000","-10,562,000","-10,236,000","-10,550,000","-10,771,000","-11,535,000","-11,803,000","-12,162,000","-12,873,000","-12,270,000","-11,206,000","-11,536,000","-12,248,000","-11,237,000","-12,071,000","-12,104,000","-14,321,000","-14,022,000","-16,120,000","-14,980,000","-15,798,000","-15,682,000","-15,747,000","-15,619,000","-15,979,000","-15,714,000","-16,059,000","-14,872,000","-14,765,000","-15,227,000","-15,664,000","-14,598,000","-15,203,000","-15,841,000","-16,160,000","-15,789,000","-16,246,000","-16,310,000","-17,457,000","-17,011,000","-17,673,000","-17,455,000","-17,785,000","-17,750,000","-18,422,000","-18,275,000","-18,431,000","-18,043,000","-18,462,000","-18,856,000","-18,227,000","-18,357,000","-19,011,000","-18,408,000",,,,,,,,,,,,,,,,,,,,,,,,,,,,,,,,,,,,,,,,,,,,,,,,,,,,,,,,,,,,,,,,,,,,,,,,,,,,,,,,,,,,,,,,,,,,,,
EBIT,"1,252,865,000","334,585,000","402,013,000","265,180,000","251,087,000","215,022,000","120,145,000","12,392,000","-20,453,000","-215,875,000","94,833,000","14,438,000","-39,903,000","112,009,000","116,878,000","16,879,000","10,493,000","117,260,000","132,919,000","36,292,000","-11,243,000","118,143,000","100,827,000","50,695,000","34,541,000","135,334,000","143,157,000","85,215,000","60,068,000","182,572,000","216,864,000","99,871,000","68,292,000","188,281,000","198,990,000","94,226,000","72,004,000","196,531,000","230,577,000","89,735,000","65,878,000","164,573,000","236,577,000","57,268,000","42,744,000","133,970,000","181,019,000","39,541,000","26,024,000","95,924,000","133,748,000","15,604,000","-22,890,000","31,477,000","-22,648,000","-72,149,000","-49,655,000","25,698,000","104,377,000","-6,498,000","-24,476,000","85,858,000","130,294,000","44,719,000","30,064,000","119,994,000","181,673,000","21,557,000","13,800,000","86,059,000","-74,196,000","5,985,000","-3,103,000","126,639,000","93,501,000","-43,359,000","-61,086,000","4,059,000","82,166,000","-28,809,000","-2,179,000","149,327,000","155,627,000","-75,490,000","16,627,000","90,054,000","188,668,000","-31,473,000","14,122,000","70,080,000","126,897,000","58,500,000","54,400,000","105,800,000","126,600,000","-76,000,000","73,900,000","86,100,000","164,500,000","56,400,000","57,700,000","75,700,000","164,900,000","33,900,000","57,400,000","69,600,000","166,000,000","65,800,000","47,600,000","58,000,000","178,100,000","67,900,000","53,600,000","73,900,000","-8,300,000","126,800,000","108,000,000","61,700,000","128,300,000","71,300,000","45,900,000","58,400,000","136,200,000","53,700,000","44,200,000","49,200,000","129,600,000","43,700,000","36,700,000","39,400,000","93,200,000","44,300,000","36,800,000","35,200,000","-1,519,900,000","606,200,000","552,800,000","517,400,000","-1,292,800,000","535,900,000","475,300,000","416,700,000","-1,114,300,000","442,900,000","409,600,000","369,900,000","-962,300,000","383,600,000"
EBITDA,"1,453,665,000"
ReconciledCostOfRevenue,"3,833,335,000","861,040,000","1,249,656,000","795,840,000","926,799,000","773,256,000","1,081,232,000","657,866,000","639,039,000","687,989,000","1,348,938,000","926,292,000","1,031,190,000","927,598,000","1,415,057,000","954,461,000","1,016,695,000","902,578,000","1,432,024,000","889,621,000","1,006,474,000","869,511,000","1,354,958,000","878,351,000","992,800,000","938,036,000","1,456,593,000","912,370,000","1,019,791,000","959,915,000","1,432,194,000","924,041,000","975,880,000","938,839,000","1,371,316,000","937,028,000","976,331,000","937,293,000","1,382,275,000","919,129,000","987,308,000","953,661,000","1,299,896,000","879,513,000","961,927,000","898,432,000","1,273,443,000","857,010,000","929,970,000","913,795,000","1,228,833,000","892,538,000","1,000,537,000","979,098,000","1,533,182,000","1,045,947,000","1,128,902,000","1,117,841,000","1,460,748,000","1,070,192,000","1,128,170,000","1,125,613,000","1,611,745,000","1,117,838,000","1,122,001,000","1,178,658,000","1,552,886,000","1,145,686,000","1,143,444,000","1,169,493,000","1,543,390,000","1,139,693,000","1,144,857,000","1,186,206,000","1,570,460,000","1,198,323,000","1,184,662,000","1,210,188,000","1,631,958,000","1,195,806,000","1,196,524,000","1,225,708,000","1,702,636,000","1,312,174,000","1,237,624,000","1,252,311,000","1,827,306,000","1,374,512,000","1,214,099,000","1,383,332,000","1,817,943,000","1,386,900,000","1,231,000,000","1,398,600,000","1,767,800,000","1,368,000,000","963,500,000","1,127,000,000","1,363,300,000","1,066,400,000","956,500,000","1,005,500,000","1,291,700,000","1,004,700,000","871,400,000","966,600,000","1,295,900,000","926,200,000","835,800,000","893,100,000","1,146,800,000","865,800,000","774,400,000","852,700,000","1,056,600,000","785,500,000","709,500,000","753,700,000","997,000,000","751,100,000","627,000,000","666,900,000","854,600,000","592,600,000","556,100,000","561,600,000","787,900,000","547,300,000","487,900,000","464,000,000","699,800,000","453,800,000","396,400,000","376,200,000",,,,,,,,,,,,,,
ReconciledDepreciation,"200,800,000","46,606,000","53,116,000","50,624,000","50,454,000","47,241,000","58,980,000","54,195,000","51,759,000","51,381,000","59,936,000","56,633,000","55,207,000","52,533,000","56,437,000","56,238,000","56,703,000","56,471,000","55,155,000","57,495,000","60,448,000","60,585,000","62,374,000","61,195,000","61,166,000","61,188,000","63,300,000","66,150,000","61,040,000","61,657,000","64,427,000","63,116,000","62,447,000","62,344,000","61,573,000","65,321,000","64,735,000","65,608,000","66,083,000","66,292,000","64,709,000","64,488,000","65,195,000","65,218,000","64,569,000","64,485,000","68,875,000","65,417,000","64,921,000","64,182,000","65,288,000","66,605,000","66,865,000","66,005,000","72,565,000","67,598,000","73,485,000","72,536,000","74,565,000","75,512,000","75,372,000","75,410,000","80,788,000","74,032,000","74,267,000","74,169,000","75,359,000","77,237,000","76,434,000","75,346,000","79,015,000","75,752,000","75,237,000","75,532,000","69,156,000","75,917,000","76,317,000","75,811,000","77,221,000","72,569,000","77,668,000","78,087,000","78,701,000","79,533,000","77,586,000","77,891,000","74,605,000","78,386,000","76,404,000","76,701,000","74,874,000","74,900,000","72,300,000","73,800,000","63,100,000","68,800,000","54,900,000","55,100,000","43,800,000","54,300,000","51,800,000","51,500,000","41,000,000","52,900,000","50,600,000","50,700,000","40,500,000","53,900,000","50,700,000","48,200,000","48,000,000","51,400,000","46,400,000","46,100,000","43,300,000","47,500,000","40,700,000","41,300,000","28,100,000","39,900,000","33,800,000","35,200,000","23,600,000","31,600,000","28,800,000","29,800,000","22,200,000","27,400,000","24,500,000","25,400,000","20,100,000","23,700,000","21,000,000","21,600,000",,,,,,,,,,,,,,
NetIncomeFromContinuingOperationNetMinorityInterest,"955,319,000","251,093,000","321,240,000","197,330,000","185,656,000","158,247,000","67,037,000","31,850,000","-8,566,000","-161,975,000","67,688,000","5,462,000","-40,671,000","78,602,000","85,158,000","7,425,000","-2,868,000","80,548,000","157,563,000","14,539,000","-17,080,000","66,302,000","56,908,000","22,798,000","12,083,000","77,431,000","84,105,000","45,744,000","29,950,000","109,571,000","130,490,000","55,231,000","34,449,000","111,683,000","119,102,000","50,868,000","36,491,000","117,210,000","161,443,000","48,514,000","31,022,000","94,983,000","141,496,000","228,171,000","17,565,000","76,677,000","109,577,000","14,381,000","6,828,000","48,834,000","79,514,000","8,011,000","-26,657,000","7,663,000","-149,348,000","-56,070,000","-38,340,000","2,693,000","47,344,000","-11,341,000","-25,166,000","42,924,000","154,991,000","13,609,000","15,727,000","61,319,000","98,463,000","-2,679,000","-12,339,000","38,040,000","108,621,000","-18,688,000","-26,029,000","53,762,000","51,176,000","-15,835,000","-50,346,000","24,349,000","72,250,000","-6,215,000","12,501,000","57,764,000","100,761,000","-40,241,000","-20,568,000","25,834,000","50,693,000","-9,514,000","9,446,000","46,205,000","25,829,000","34,800,000","36,200,000","67,000,000","74,300,000","-50,200,000","47,900,000","63,000,000","111,400,000","44,300,000","44,300,000","58,300,000","111,100,000","31,600,000","39,500,000","56,400,000","29,200,000","51,000,000","38,600,000","48,400,000","118,900,000","50,800,000","33,800,000","48,300,000","111,300,000","42,400,000","39,200,000","48,200,000","110,400,000","44,400,000","36,500,000","45,100,000","93,400,000","39,000,000","35,700,000","38,100,000","92,300,000","32,400,000","28,700,000","29,400,000","85,500,000","24,200,000","18,800,000","19,600,000",,,,,,,,,,,,,,
TotalUnusualItemsExcludingGoodwill,"7,252,000","7,237,000","2,000","4,000","9,000","24,673,000","-10,731,000","-2,221,000","-33,000","19,000","8,297,000","-304,000","4,900,000","7,400,000","15,000","2,000","17,000","-82,000","5,000","4,016,000","23,000","19,000","-6,448,000","-23,000","781,000","95,000","3,131,000","9,400,000","52,000","43,000","-293,000","5,923,000","50,000","389,000","1,182,000","2,000","24,000","5,818,000","8,633,000","1,072,000","142,000","997,000","48,588,000","0","2,363,000","-1,200,000","0","0","0","-2,208,000","-3,084,000","0","589,000","68,000","-293,183,000","35,838,000","8,093,000","99,000","-15,828,000","8,058,000","583,000",,"-127,050,000","41,092,000","60,811,000","41,560,000","-14,000,000","34,119,000","30,634,000","35,315,000","100,553,000","56,250,000","58,675,000","52,804,000","28,798,000","55,952,000","41,779,000","77,415,000","75,334,000","63,363,000","68,627,000","-15,222,000","59,315,000","57,826,000","55,259,000","57,276,000","-66,732,000","68,642,000","58,705,000","63,171,000","-5,182,000","53,800,000","61,300,000","64,900,000","56,700,000","63,100,000","37,600,000","47,700,000","44,600,000","47,200,000","46,200,000","47,200,000","42,900,000","46,700,000","35,600,000","48,500,000","-85,800,000","46,000,000","44,800,000","47,500,000","44,500,000","44,800,000","32,900,000","34,600,000","220,500,000","-13,600,000","-12,400,000","47,400,000","78,900,000","30,800,000","41,400,000","42,200,000","39,200,000","36,000,000","37,300,000","35,500,000","35,900,000","31,400,000","32,900,000","28,200,000","61,100,000","16,100,000","17,300,000","15,900,000",,,,,,,,,,,,,,
TotalUnusualItems,"7,252,000","7,237,000","2,000","4,000","9,000","24,673,000","-10,731,000","-2,221,000","-33,000","19,000","8,297,000","-304,000","4,900,000","7,400,000","15,000","2,000","17,000","-82,000","5,000","4,016,000","23,000","19,000","-6,448,000","-23,000","781,000","95,000","3,131,000","9,400,000","52,000","43,000","-293,000","5,923,000","50,000","389,000","1,182,000","2,000","24,000","5,818,000","8,633,000","1,072,000","142,000","997,000","48,588,000","0","2,363,000","-1,200,000","0","0","0","-2,208,000","-3,084,000","0","589,000","68,000","-293,183,000","35,838,000","8,093,000","99,000","-15,828,000","8,058,000","583,000",,"-127,050,000","41,092,000","60,811,000","41,560,000","-14,000,000","34,119,000","30,634,000","35,315,000","100,553,000","56,250,000","58,675,000","52,804,000","28,798,000","55,952,000","41,779,000","77,415,000","75,334,000","63,363,000","68,627,000","-15,222,000","59,315,000","57,826,000","55,259,000","57,276,000","-66,732,000","68,642,000","58,705,000","63,171,000","-5,182,000","53,800,000","61,300,000","64,900,000","56,700,000","63,100,000","37,600,000","47,700,000","44,600,000","47,200,000","46,200,000","47,200,000","42,900,000","46,700,000","35,600,000","48,500,000","-85,800,000","46,000,000","44,800,000","47,500,000","44,500,000","44,800,000","32,900,000","34,600,000","220,500,000","-13,600,000","-12,400,000","47,400,000","78,900,000","30,800,000","41,400,000","42,200,000","39,200,000","36,000,000","37,300,000","35,500,000","35,900,000","31,400,000","32,900,000","28,200,000","61,100,000","16,100,000","17,300,000","15,900,000",,,,,,,,,,,,,,
NormalizedEBITDA,"1,446,413,000","373,954,000","455,127,000","315,800,000","301,532,000","237,590,000","189,856,000","68,808,000","31,339,000","-164,513,000","146,472,000","71,375,000","10,404,000","157,142,000","173,300,000","73,115,000","67,179,000","173,813,000","188,069,000","89,771,000","49,182,000","178,709,000","169,649,000","111,913,000","94,926,000","196,427,000","203,326,000","141,965,000","121,056,000","244,186,000","281,584,000","157,064,000","130,689,000","250,236,000","259,381,000","159,545,000","136,715,000","256,321,000","288,027,000","154,955,000","130,445,000","228,064,000","253,184,000","122,486,000","104,950,000","199,655,000","249,894,000","104,958,000","90,945,000","162,314,000","202,120,000","82,209,000","43,386,000","97,414,000","343,100,000","-40,389,000","15,737,000","98,135,000","194,770,000","60,956,000","50,313,000","161,268,000","338,132,000","77,659,000","43,520,000","152,603,000","271,303,000","64,675,000","59,600,000","126,090,000","-95,734,000","25,487,000","13,459,000","149,367,000","133,859,000","-23,394,000","-26,548,000","2,455,000","84,053,000","-15,234,000","6,862,000","242,636,000","175,013,000","-53,783,000","38,954,000","110,669,000","330,005,000","-21,729,000","31,821,000","83,610,000","206,953,000","79,600,000","65,400,000","114,700,000","133,000,000","-70,300,000","91,200,000","93,500,000","163,700,000","63,500,000","63,300,000","80,000,000","163,000,000","40,500,000","72,400,000","71,800,000","292,300,000","73,700,000","53,500,000","58,700,000","181,600,000","74,500,000","67,100,000","85,400,000","-185,500,000","229,200,000","161,100,000","55,600,000","77,500,000","80,500,000","38,300,000","51,400,000","120,600,000","49,300,000","35,800,000","43,500,000","115,900,000","39,700,000","28,300,000","36,600,000","52,200,000","51,900,000","40,500,000","40,900,000","-1,519,900,000","606,200,000","552,800,000","517,400,000","-1,292,800,000","535,900,000","475,300,000","416,700,000","-1,114,300,000","442,900,000","409,600,000","369,900,000","-962,300,000","383,600,000"
TaxRateForCalcs,"0.21","0.225","0.176","0.225","0.227","0.222","0.378","0.27","0.27","0.29","0.178","0.27","0.22","0.22","0.18","0.27","0.251","0.22","0.27","0.318","0.368","0.353","0.326","0.35","0.35","0.353","0.335","0.355","0.345","0.347","0.348","0.353","0.356","0.354","0.345","0.351","0.353","0.352","0.239","0.333","0.36","0.36","0.351","0.35","0.288","0.369","0.316","0.281","0.35","0.354","0.309","0.35","0.364","0.356","0.341","0.4","0.35","0.35","0.186","0.317","0.35","0.39","0.35","0.361","0.4","0.364","0.015","0.36","0.364","0.36","0.363","0.36","0.36","0.36","0.371","0.36","0.36","0.36","0.349","0.36","0.36","0.36","0.4","0.383","0.383","0.383","0.237","0.38","0.38","0.38","0.4","0.38","0.38","0.38","0.383","0.354","0.371","0.37","0.37","0.37","0.37","0.37","0.37","0.371","0.37","0.37","0.38","0.38","0.38","0.38","0.38","0.38","0.38","0.38","0.382","0.4","0.371","0.367","0.37","0.37","0.37","0.37","0.36","0.361","0.36","0.36","0.338","0.36","0.361","0.359","0.342","0.361","0.361","0.359",,,,,,,,,,,,,,
TaxEffectOfUnusualItems,"1,521,187.593","1,628,879.462","352.32","900.13","2,047.055","5,485,394.743","-4,060,061.018","-599,670","-8,910","5,510","1,478,729.118","-82,080","1,078,637.035","1,628,011.749","2,695.684","540","4,267","-18,022.24","1,350","1,278,554.805","8,463.075","6,707.235","-2,102,052.43","-8,058.787","273,068.096","33,514.462","1,048,121.994","3,336,764.141","17,963.49","14,913.622","-101,864.117","2,091,418.503","17,790.879","137,517.049","407,863.075","702.985","8,468.74","2,047,361.628","2,060,513.347","357,181.013","51,049.891","358,970.962","17,033,793.584","0","681,055.423","-442,992.351","0","0","0","-781,572.637","-951,461.293","0","214,430.674","24,194.659","-99,895,554.933","14,335,200","2,832,550","34,650","-2,937,057.131","2,552,578.266","204,050","0","-44,467,500","14,817,755.121","24,324,400","15,119,743.941","-206,628.109","12,298,804.011","11,153,845.083","12,714,350.606","36,461,791.352","20,253,698.25","21,121,788.094","19,010,998.845","10,684,082.423","20,146,790.059","15,042,266.845","27,874,201.687","26,305,656.983","22,806,764.676","24,712,886.21","-5,480,216.82","23,726,000","22,147,674.522","21,166,759.554","21,935,576.68","-15,826,167.667","26,094,603.557","22,297,185.017","24,005,403.824","-2,072,800","20,426,737.968","23,302,397.26","24,637,962.963","21,709,883.721","22,332,689.833","13,933,245.729","17,649,000","16,497,963.801","17,456,614.509","17,086,770.982","17,451,243.243","15,865,456.608","17,303,187.251","13,172,567.783","17,936,871.508","-32,607,643.312","17,494,532.199","17,042,696.629","18,063,380.282","16,913,712.2","17,011,965.812","12,495,963.303","13,147,111.682","84,308,823.529","-5,440,000","-4,597,752.809","17,417,322.835","29,210,553.337","11,402,553.191","15,301,554.404","15,618,715.084","14,105,551.748","12,983,606.557","13,436,021.505","12,768,067.227","12,129,770.445","11,294,071.146","11,870,378.619","10,137,254.902","20,915,000","5,819,788.918","6,237,414.966","5,715,686.275",,,,,,,,,,,,,,