name,ttm,03/31/2022,12/31/2021,09/30/2021,06/30/2021,03/31/2021,12/31/2020,09/30/2020,06/30/2020,03/31/2020,12/31/2019,09/30/2019,06/30/2019,03/31/2019,12/31/2018,09/30/2018,06/30/2018,03/31/2018,12/31/2017,09/30/2017,06/30/2017,03/31/2017,12/31/2016,09/30/2016,06/30/2016,03/31/2016,12/31/2015,09/30/2015,06/30/2015,03/31/2015,12/31/2014,09/30/2014,06/30/2014,03/31/2014,12/31/2013,09/30/2013,06/30/2013,03/31/2013,12/31/2012,09/30/2012,06/30/2012,03/31/2012,12/31/2011,09/30/2011,06/30/2011,03/31/2011,12/31/2010,09/30/2010,06/30/2010,03/31/2010,12/31/2009,09/30/2009,06/30/2009,03/31/2009,12/31/2008,09/30/2008,06/30/2008,03/31/2008,12/31/2007,09/30/2007,06/30/2007,03/31/2007,12/31/2006,09/30/2006,06/30/2006,03/31/2006,12/31/2005,09/30/2005,06/30/2005,03/31/2005,12/31/2004,09/30/2004,06/30/2004,03/31/2004,12/31/2003,09/30/2003,06/30/2003,03/31/2003,12/31/2002,09/30/2002,06/30/2002,03/31/2002,12/31/2001,09/30/2001,06/30/2001,03/31/2001,12/31/2000,09/30/2000,06/30/2000,03/31/2000,12/31/1999,09/30/1999,06/30/1999,03/31/1999,12/31/1998,09/30/1998,06/30/1998,03/31/1998,03/31/1997,12/31/1996,09/30/1996,06/30/1996,03/31/1996,12/31/1995,09/30/1995,06/30/1995,03/31/1995,12/31/1994,09/30/1994,06/30/1994,03/31/1994,12/31/1993,09/30/1993,06/30/1993,03/31/1993,12/31/1992,09/30/1992,06/30/1992,03/31/1992,12/31/1991,09/30/1991,06/30/1991,03/31/1991,12/31/1990,09/30/1990,06/30/1990,03/31/1990,12/31/1989,09/30/1989,06/30/1989,03/31/1989
TotalRevenue,"420,705,000","103,107,000","107,639,000","103,794,000","106,165,000","80,576,000","80,105,000","71,644,000","40,161,000","96,695,000","113,836,000","124,258,000","151,884,000","151,411,000","159,549,000","158,023,000","157,334,000","155,273,000","135,499,000","132,384,000","133,376,000","127,910,000","129,605,000","128,386,000","124,315,000","124,642,000","124,025,000","123,778,000","123,319,000","120,171,000","128,729,000","117,032,000","114,614,000","111,920,000","114,257,000","117,275,000","116,571,000","114,490,000","115,949,000","120,945,000","124,731,000","126,738,000","130,194,000","136,682,000","135,853,000","135,805,000","135,885,000","139,932,000","135,077,000","137,572,000","140,466,000","146,064,000","155,813,000","165,760,000","184,728,000","189,275,000","190,272,000","195,996,000","220,266,000","241,409,000","240,942,000","236,751,000","244,372,000","258,196,000","243,491,000","247,985,000","243,379,000","248,722,000","246,575,000","240,049,000","243,725,000","247,145,000","239,741,000","229,395,000","251,654,000","238,390,000","230,060,000","220,841,000","226,929,000","246,854,000","240,342,000","234,459,000","246,913,000","270,072,000","264,392,000","258,351,000","272,014,000","302,642,000","296,933,000","378,374,000","387,926,000","411,827,000","406,015,000","416,635,000","422,695,000","461,673,000","445,617,000","436,709,000","675,800,000","661,502,000","703,800,000","626,600,000","550,400,000","576,687,000","676,900,000","681,500,000","636,500,000","659,566,000","700,600,000","679,600,000","626,300,000","1,015,100,000","1,075,300,000","1,000,800,000","879,000,000","925,900,000","996,200,000","938,500,000","859,800,000","891,000,000","967,400,000","924,900,000","834,600,000","903,800,000","973,500,000","942,300,000","862,000,000","886,200,000","925,900,000","872,000,000","800,900,000"
	OperatingRevenue,"420,705,000","103,107,000","107,639,000","103,794,000","106,165,000","80,576,000","80,105,000","71,644,000","40,161,000","96,695,000","113,836,000","124,258,000","151,884,000","151,411,000","159,549,000","158,023,000","157,334,000","155,273,000","135,499,000","132,384,000","133,376,000","127,910,000","129,605,000","128,386,000","124,315,000","124,642,000","124,025,000","123,778,000","123,319,000","120,171,000","128,729,000","117,032,000","114,614,000","111,920,000","114,257,000","117,275,000","116,571,000","114,490,000","115,949,000","120,945,000","124,731,000","126,738,000","130,194,000","136,682,000","135,853,000","135,805,000","135,885,000","139,932,000","135,077,000","137,572,000","140,466,000","146,064,000","155,813,000","165,760,000","184,728,000","189,275,000","190,272,000","195,996,000","220,266,000","241,409,000","240,942,000","236,751,000","244,372,000","258,196,000","243,491,000","247,985,000","243,379,000","248,722,000","246,575,000","240,049,000","243,725,000","247,145,000","239,741,000","229,395,000","251,654,000","238,390,000","230,060,000","220,841,000","226,929,000","246,854,000","240,342,000","234,459,000","246,913,000","270,072,000","264,392,000","258,351,000","272,014,000","302,642,000","296,933,000","378,374,000","387,926,000","411,827,000","406,015,000","416,635,000","422,695,000","461,673,000","445,617,000","436,709,000","675,800,000","661,502,000","703,800,000","626,600,000","550,400,000","576,687,000","676,900,000","681,500,000","636,500,000","659,566,000","700,600,000","679,600,000","626,300,000","1,015,100,000","1,075,300,000","1,000,800,000","879,000,000","925,900,000","996,200,000","938,500,000","859,800,000","891,000,000","967,400,000","924,900,000","834,600,000","903,800,000","973,500,000","942,300,000","862,000,000","886,200,000","925,900,000","872,000,000","800,900,000"
CostOfRevenue,"271,444,000","69,294,000","69,564,000","66,038,000","66,548,000","53,922,000","57,336,000","51,443,000","34,850,000","65,288,000","73,408,000","85,442,000","108,701,000","111,171,000","116,020,000","116,020,000","115,624,000","115,414,000","93,670,000","90,815,000","91,941,000","87,581,000","87,798,000","87,393,000","83,596,000","84,114,000","86,141,000","85,739,000","83,536,000","82,286,000","89,305,000","83,112,000","80,280,000","80,872,000","81,420,000","84,687,000","83,036,000","80,522,000","82,599,000","85,886,000","89,129,000","91,267,000","96,741,000","100,634,000","101,239,000","103,513,000","102,397,000","103,202,000","101,888,000","105,499,000","103,454,000","107,899,000","118,196,000","130,983,000","146,114,000","148,009,000","151,279,000","151,435,000","178,287,000","197,754,000","199,994,000","197,910,000","195,556,000","209,051,000","202,549,000","95,386,000","200,002,000","208,764,000","95,448,000","93,326,000","94,183,000","96,189,000","92,576,000","88,282,000","98,327,000","94,370,000","87,872,000","96,412,000","498,043,000","93,005,000","87,490,000","88,246,000","101,442,000","215,379,000","106,425,000","105,270,000","118,987,000","124,430,000","122,751,000","152,956,000","134,252,000","168,354,000","168,623,000","188,524,000","158,700,000","212,564,000","200,806,000","197,802,000",,"198,572,000","204,400,000","182,800,000","158,200,000","178,305,000","229,400,000","238,500,000","216,600,000","-128,113,000","361,100,000","359,400,000","240,300,000","-1,255,100,000","946,100,000","891,700,000","304,600,000","-1,184,200,000","852,600,000","821,300,000","765,300,000","775,800,000","837,600,000","814,500,000","747,600,000","792,100,000","844,300,000","827,100,000","771,900,000",,,,
GrossProfit,"149,261,000","33,813,000","38,075,000","37,756,000","39,617,000","26,654,000","22,769,000","20,201,000","5,311,000","31,407,000","40,428,000","38,816,000","43,183,000","40,240,000","43,529,000","42,003,000","41,710,000","39,859,000","41,829,000","41,569,000","41,435,000","40,329,000","41,807,000","40,993,000","40,719,000","40,528,000","37,884,000","38,039,000","39,783,000","37,885,000","39,424,000","33,920,000","34,334,000","31,048,000","32,837,000","32,588,000","33,535,000","33,968,000","33,350,000","35,059,000","35,602,000","35,471,000","33,453,000","36,048,000","34,614,000","32,292,000","33,488,000","36,730,000","33,189,000","32,073,000","37,012,000","38,165,000","37,617,000","34,777,000","38,614,000","41,266,000","38,993,000","44,561,000","41,979,000","43,655,000","40,948,000","38,841,000","48,816,000","49,145,000","40,942,000","152,599,000","43,377,000","39,958,000","151,127,000","146,723,000","149,542,000","150,956,000","147,165,000","141,113,000","153,327,000","144,020,000","142,188,000","124,429,000","-271,114,000","153,849,000","152,852,000","146,213,000","145,471,000","54,693,000","157,967,000","153,081,000","153,027,000","178,212,000","174,182,000","225,418,000","253,674,000","243,473,000","237,392,000","228,111,000","263,995,000","249,109,000","244,811,000","238,907,000",,"462,930,000","499,400,000","443,800,000","392,200,000","398,382,000","447,500,000","443,000,000","419,900,000","787,679,000","339,500,000","320,200,000","386,000,000","2,270,200,000","129,200,000","109,100,000","574,400,000","2,110,100,000","143,600,000","117,200,000","94,500,000","115,200,000","129,800,000","110,400,000","87,000,000","111,700,000","129,200,000","115,200,000","90,100,000",,,,
OperatingExpense,"84,030,000","20,506,000","21,760,000","20,319,000","21,445,000","20,608,000","24,360,000","17,742,000","17,211,000","11,888,000","19,586,000","20,733,000","23,501,000","25,044,000","22,764,000","22,741,000","22,288,000","23,074,000","22,684,000","23,405,000","23,924,000","25,369,000","23,240,000","23,167,000","45,608,000","22,420,000","22,543,000","21,430,000","22,141,000","21,960,000","22,798,000","18,624,000","19,349,000","19,354,000","19,614,000","18,902,000","19,437,000","20,383,000","20,287,000","19,989,000","15,704,000","21,723,000","20,388,000","20,290,000","21,326,000","21,327,000","24,306,000","21,695,000","20,402,000","20,870,000","12,584,000","19,530,000","23,922,000","22,857,000","19,154,000","20,577,000","28,456,000","24,379,000","10,439,000","23,643,000","15,408,000","25,533,000","29,411,000","-7,912,000","22,612,000","136,868,000","30,403,000","28,752,000","135,169,000","133,209,000","139,177,000","134,232,000","130,921,000","130,131,000","140,564,000","131,024,000","129,420,000","113,976,000","-273,944,000","134,966,000","133,908,000","133,751,000","156,087,000","40,999,000","161,759,000","155,249,000","154,201,000","164,851,000","165,136,000","237,119,000","471,375,000","261,941,000","254,002,000","259,700,000","288,612,000","256,655,000","265,351,000","252,456,000",,"756,538,000","325,200,000","291,900,000","268,200,000","443,948,000","391,200,000","392,800,000","382,500,000","722,652,000","277,600,000","274,800,000","260,700,000","1,605,200,000","61,500,000","60,800,000","1,395,400,000","1,497,300,000","57,000,000","55,100,000","54,200,000","56,700,000","54,400,000","54,100,000","52,800,000","54,200,000","51,300,000","51,800,000","52,600,000",,,,
	SellingGeneralAndAdministration,"68,697,000","16,958,000","17,694,000","16,497,000","17,548,000","16,947,000","20,451,000","13,694,000","13,153,000","7,742,000","15,359,000","16,395,000","18,453,000","18,811,000","15,690,000","15,981,000","15,597,000","16,560,000","15,879,000","16,446,000","16,581,000","17,509,000","17,269,000","17,558,000","40,503,000","16,927,000","16,831,000","16,008,000","16,827,000","16,936,000","17,284,000","13,439,000","14,068,000","14,116,000","13,887,000","13,704,000","14,085,000","15,159,000","15,157,000","14,702,000","14,785,000","15,663,000","13,786,000","13,335,000","14,092,000","14,139,000","15,059,000","14,375,000","13,111,000","13,074,000","13,215,000","14,313,000","15,907,000","13,847,000","14,924,000","14,894,000","15,537,000","23,786,000","18,307,000","15,974,000","17,167,000","15,926,000","17,167,000","16,440,000","15,590,000","124,374,000","16,038,000","14,654,000","122,000,000","120,824,000","125,072,000","121,506,000","116,388,000","115,987,000","122,595,000","115,358,000","117,142,000","102,036,000","-295,322,000","116,139,000","114,315,000","114,869,000","119,662,000","13,608,000","127,965,000","128,238,000","122,658,000","142,550,000","143,402,000","192,291,000","201,990,000","190,429,000","190,891,000","193,357,000","221,817,000","187,087,000","187,149,000","191,832,000",,,"289,300,000","259,900,000","237,300,000",,"358,400,000","359,100,000","347,700,000",,"238,100,000","241,400,000","227,300,000",,,,"1,333,700,000",,,,,,,,,,,,,,,,
		GeneralAndAdministrativeExpense,"68,697,000","16,958,000","17,694,000","16,497,000","17,548,000","16,947,000","20,451,000","13,694,000","13,153,000","7,742,000","15,359,000","16,395,000","18,453,000","18,811,000","15,690,000","15,981,000","15,597,000","16,560,000","15,879,000","16,446,000","16,581,000","17,509,000","17,269,000","17,558,000","40,503,000","16,927,000","16,831,000","16,008,000","16,827,000","16,936,000","17,284,000","13,439,000","14,068,000","14,116,000","13,887,000","13,704,000","14,085,000","15,159,000","15,157,000",,,,,,,,,,,,,,,,,,,,,,,,,,,,,,,,,,,,,,,,,,,,,,,,,,,,,,,,,,,,,,,,,,,,,,,,,,,,,,,,,,,,,,,,,,,,
			SalariesAndWages,"22,806,000","6,134,000","5,007,000","5,245,000","6,420,000","5,558,000","9,022,000","3,288,000","1,512,000","-1,523,000","1,648,000","4,048,000","5,632,000","2,253,000","2,377,000","1,100,000","1,211,000","1,350,000","1,995,000","2,493,000","2,080,000","1,973,000","1,985,000","1,775,000","26,199,000","1,948,000","1,130,000","1,941,000","1,859,000","1,705,000","2,853,000","649,000","1,180,000","1,164,000","1,418,000","1,053,000","1,206,000","1,175,000","702,000",,,,,,,,,,,,,,,,,,,,,,,,,,,,,,,,,,,,,,,,,,,,,,,,,,,,,,,,,,,,,,,,,,,,,,,,,,,,,,,,,,,,,,,,,,,,
			OtherGandA,"45,891,000","10,824,000","12,687,000","11,252,000","11,128,000","11,389,000","11,429,000","10,406,000","11,641,000","9,265,000","13,711,000","12,347,000","12,821,000","16,558,000","13,313,000","14,881,000","14,386,000","15,210,000","13,884,000","13,953,000","14,501,000","15,536,000","15,284,000","15,783,000","14,304,000","14,979,000","15,701,000","14,067,000","14,968,000","15,231,000","14,431,000","12,790,000","12,888,000","12,952,000","12,469,000","12,651,000","12,879,000","13,984,000","14,455,000",,,,,,,,,,,,,,,,,,,,,,,,,,,,,,,,,,,,,,,,,,,,,,,,,,,,,,,,,,,,,,,,,,,,,,,,,,,,,,,,,,,,,,,,,,,,
	DepreciationAmortizationDepletionIncomeStatement,"15,333,000","3,548,000","4,066,000","3,822,000","3,897,000","3,661,000","3,909,000","4,048,000","4,058,000","4,146,000","4,227,000","4,338,000","5,048,000","6,233,000","7,074,000","6,760,000","6,691,000","6,514,000","6,227,000","5,958,000","5,799,000","5,736,000","5,971,000","5,609,000","5,105,000","5,493,000","5,712,000","5,422,000","5,314,000","5,024,000","5,514,000","5,185,000","5,281,000","5,238,000","5,727,000","5,198,000","5,352,000","5,224,000","5,130,000","5,287,000","5,827,000","6,060,000","6,602,000","6,955,000","7,234,000","7,188,000","7,653,000","7,320,000","7,291,000","7,373,000","7,751,000","7,865,000","8,015,000","8,712,000","9,656,000","9,977,000","9,892,000","10,241,000","11,872,000","12,117,000","12,480,000","12,878,000","13,293,000","13,812,000","14,120,000","14,065,000","15,269,000","13,818,000","13,769,000","13,270,000","14,708,000","13,529,000","14,194,000","14,218,000","16,069,000","15,254,000","14,420,000","14,257,000","20,959,000","20,734,000","20,860,000","20,698,000","32,355,000","29,218,000","31,347,000","31,411,000","38,007,000","38,616,000","39,080,000","49,506,000","82,083,000","75,567,000","68,226,000","69,517,000","79,412,000","69,568,000","78,202,000","60,624,000",,"31,148,000","35,900,000","32,000,000","30,900,000","33,072,000","32,800,000","33,700,000","34,800,000","23,333,000","39,500,000","33,400,000","33,400,000","77,900,000","61,500,000","60,800,000","61,700,000","72,900,000","57,000,000","55,100,000","54,200,000","56,700,000","54,400,000","54,100,000","52,800,000","54,200,000","51,300,000","51,800,000","52,600,000",,,,
		DepreciationAndAmortizationInIncomeStatement,"15,333,000","3,548,000","4,066,000","3,822,000","3,897,000","3,661,000","3,909,000","4,048,000","4,058,000","4,146,000","4,227,000","4,338,000","5,048,000","6,233,000","7,074,000","6,760,000","6,691,000","6,514,000","6,227,000","5,958,000","5,799,000","5,736,000","5,971,000","5,609,000","5,105,000","5,493,000","5,712,000","5,422,000","5,314,000","5,024,000","5,514,000","5,185,000","5,281,000","5,238,000","5,727,000","5,198,000","5,352,000","5,224,000","5,130,000","5,287,000","5,827,000","6,060,000","6,602,000","6,955,000","7,234,000","7,188,000","7,653,000","7,320,000","7,291,000","7,373,000","7,751,000","7,865,000","8,015,000","8,712,000","9,656,000","9,977,000","9,892,000","10,241,000","11,872,000","12,117,000","12,480,000","12,878,000","13,293,000","13,812,000","14,120,000","14,065,000","15,269,000","13,818,000","13,769,000","13,270,000","14,708,000","13,529,000","14,194,000","14,218,000","16,069,000","15,254,000","14,420,000","14,257,000","20,959,000","20,734,000","20,860,000","20,698,000","32,355,000","29,218,000","31,347,000","31,411,000","38,007,000","38,616,000","39,080,000","49,506,000","82,083,000","75,567,000","68,226,000","69,517,000","79,412,000","69,568,000","78,202,000","60,624,000",,"31,148,000","35,900,000","32,000,000","30,900,000","33,072,000","32,800,000","33,700,000","34,800,000","23,333,000","39,500,000","33,400,000","33,400,000","77,900,000","61,500,000","60,800,000","61,700,000","72,900,000","57,000,000","55,100,000","54,200,000","56,700,000","54,400,000","54,100,000","52,800,000","54,200,000","51,300,000","51,800,000","52,600,000",,,,
			DepreciationIncomeStatement,"13,282,000","3,089,000","3,513,000","3,314,000","3,366,000","3,143,000","3,206,000","3,290,000","3,277,000","3,381,000","3,398,000","3,457,000","4,153,000","5,278,000",,,"5,609,000","5,551,000",,"5,282,000","5,229,000","5,211,000","5,445,000","5,230,000","4,790,000","5,177,000","5,296,000","5,070,000","4,971,000","4,660,000","5,024,000","4,703,000","4,731,000","4,705,000","5,049,000","4,479,000","4,570,000","4,491,000",,,,,,,"5,263,000",,,,"5,328,000",,,,"6,028,000",,,,,,,"9,423,000","10,848,000",,,,,,,,,,,,,,,,,,,,,,"25,455,000","22,151,000","24,196,000","23,837,000","27,511,000","28,274,000","28,516,000","34,015,000","50,232,000","43,605,000","36,382,000","34,783,000","57,038,000","30,506,000","36,886,000","21,924,000",,,"35,900,000","32,000,000","30,900,000",,"32,800,000","33,700,000","34,800,000",,"39,500,000","33,400,000","33,400,000","77,900,000","61,500,000","60,800,000","61,700,000","72,900,000","57,000,000","55,100,000","54,200,000","56,700,000","54,400,000","54,100,000","52,800,000","54,200,000","51,300,000","51,800,000","52,600,000",,,,
			Amortization,"2,051,000","459,000","553,000","508,000","531,000","518,000","703,000","758,000","781,000","765,000","829,000","881,000","895,000","955,000",,,"1,082,000","963,000",,"676,000","570,000","525,000","526,000","379,000","315,000","316,000","416,000","352,000","343,000","364,000","490,000","482,000","550,000","533,000","678,000","719,000","782,000","733,000",,,,,,,"1,971,000",,,,"1,963,000",,,,"1,987,000",,,,,,,"2,694,000","1,632,000",,,,,,,,,,,,,,,,,,,,,,"6,900,000","7,067,000","7,151,000","7,574,000","10,496,000","10,342,000","10,564,000","15,491,000","31,851,000","31,962,000","31,844,000","34,734,000","22,374,000","39,062,000","41,316,000","38,700,000",,,,,,,,,,,,,,,,,,,,,,,,,,,,,,,,,
				AmortizationOfIntangiblesIncomeStatement,"2,051,000","459,000","553,000","508,000","531,000","518,000","703,000","758,000","781,000","765,000","829,000","881,000","895,000","955,000",,,"1,082,000","963,000",,"676,000","570,000","525,000","526,000","379,000","315,000","316,000","416,000","352,000","343,000","364,000","490,000","482,000","550,000","533,000","678,000","719,000","782,000","733,000",,,,,,,"1,971,000",,,,"1,963,000",,,,"1,987,000",,,,,,,"2,694,000","1,632,000",,,,,,,,,,,,,,,,,,,,,,"6,900,000","7,067,000","7,151,000","7,574,000","10,496,000","10,342,000","10,564,000","15,491,000","31,851,000","31,962,000","31,844,000","34,734,000","22,374,000","39,062,000","41,316,000","38,700,000",,,,,,,,,,,,,,,,,,,,,,,,,,,,,,,,,
	OtherOperatingExpenses,,,"-46,309,000",,,,"-511,000",,"1,627,000",,"-5,721,000",,"-26,433,000","-8,935,000","1,005,000",,"462,000","360,000","578,000","1,001,000","1,544,000","2,124,000","2,545,000",,"24,241,000",,"644,000","886,000",,"608,000","221,000",,,"422,000","5,292,000","161,000","1,484,000","134,000","1,276,000",,"-4,908,000",,,,"-419,000",,,"-1,900,000",,"423,000","-8,382,000","-2,648,000","-7,502,000","298,000","-5,426,000","-4,294,000","3,027,000","-9,648,000","-19,740,000","-4,448,000","-14,239,000","-3,271,000","-1,049,000","-38,164,000","-7,098,000","-1,571,000","-904,000","280,000","-600,000","-885,000","-603,000","-803,000","339,000","-74,000","1,900,000","412,000","-2,142,000","-2,317,000","419,000","-1,907,000","-1,267,000","-1,816,000","4,070,000","-1,827,000","2,447,000","-4,400,000","-6,464,000","-16,315,000","-17,346,000","-4,678,000","187,302,000","-4,055,000","-5,115,000","-3,174,000",,,,,,,,,,,,,,,,,,,,,,,,,,,,,,,,,,,,,
OperatingIncome,"65,231,000","13,307,000","16,315,000","17,437,000","18,172,000","6,046,000","-1,591,000","2,459,000","-11,900,000","19,519,000","20,842,000","18,083,000","19,682,000","15,196,000","20,765,000","19,262,000","19,422,000","16,785,000","19,145,000","18,164,000","17,511,000","14,960,000","18,567,000","17,826,000","-4,889,000","18,108,000","15,341,000","16,609,000","17,642,000","15,925,000","16,626,000","15,296,000","14,985,000","11,694,000","13,223,000","13,686,000","14,098,000","13,585,000","13,063,000","15,070,000","19,898,000","13,748,000","13,065,000","15,758,000","13,288,000","10,965,000","9,182,000","15,035,000","12,787,000","11,203,000","24,428,000","18,635,000","13,695,000","11,920,000","19,460,000","20,689,000","10,537,000","20,182,000","31,540,000","20,012,000","25,540,000","13,308,000","19,405,000","57,057,000","18,330,000","15,731,000","12,974,000","11,206,000","15,958,000","13,514,000","10,365,000","16,724,000","16,244,000","10,982,000","12,763,000","12,996,000","12,768,000","10,453,000","2,830,000","18,883,000","18,944,000","12,462,000","-10,616,000","13,694,000","-3,792,000","-2,168,000","-1,174,000","13,361,000","9,046,000","-11,701,000","-217,701,000","-18,468,000","-16,610,000","-31,589,000","-24,617,000","-7,546,000","-20,540,000","-13,549,000","675,800,000","-293,608,000","174,200,000","151,900,000","124,000,000","-45,566,000","56,300,000","50,200,000","37,400,000","65,027,000","61,900,000","45,400,000","125,300,000","665,000,000","67,700,000","48,300,000","-821,000,000","612,800,000","86,600,000","62,100,000","40,300,000","58,500,000","75,400,000","56,300,000","34,200,000","57,500,000","77,900,000","63,400,000","37,500,000","-2,365,600,000","925,900,000","872,000,000","800,900,000"
NetNonOperatingInterestIncomeExpense,"-13,785,000","-2,960,000","-3,134,000","-3,671,000","-4,020,000","-4,156,000","-4,414,000","-4,139,000","-4,947,000","-3,951,000","-3,570,000","-4,188,000","-5,382,000","-5,407,000","-5,421,000","-5,314,000","-5,385,000","-4,625,000","-4,292,000","-4,067,000","-3,740,000","-3,541,000","-3,327,000","-3,117,000","-3,014,000","-2,774,000","-2,605,000","-2,327,000","-2,264,000","-2,087,000","-2,302,000","-2,284,000","-2,274,000","-2,322,000","-2,482,000","-2,452,000","-2,548,000","-2,800,000","-1,016,000","-3,088,000","-2,993,000","-4,456,000","-4,978,000","-3,844,000","-4,901,000","-5,693,000","-3,526,000","-5,743,000","-6,514,000","-6,398,000","-7,753,000","-8,117,000","-8,239,000","-8,491,000",,,,,,,,,,,,,,,,,,,,,,,,,,,,,,,,,,,,,,,,,,,,,,,,,,,,,,,,,,,,,,,,,,,,,,,,,,,,,
	InterestIncomeNonOperating,"21,000","4,000","5,000","5,000","7,000","8,000","18,000","11,000","37,000","30,000","25,000","60,000","43,000","42,000","21,000","47,000","49,000","29,000","21,000","21,000","49,000","15,000","16,000","73,000","14,000","13,000","14,000","18,000","17,000","17,000","19,000","21,000","19,000","21,000","21,000","20,000","20,000","21,000",,,,,"338,000","324,000",,,,"345,000","388,000",,,,,"388,000",,,,,,,,,,,,,,,,,,,,,,,,,,,,,,,,,,,,,,,,,,,,,,,,,,,,,,,,,,,,,,,,,,,,,,,,,,,,,
	InterestExpenseNonOperating,"11,495,000","2,497,000","2,658,000","3,034,000","3,306,000","3,465,000","3,749,000","3,550,000","4,546,000","3,568,000","3,186,000","3,769,000","4,953,000","4,993,000","4,982,000","4,887,000","4,945,000","4,182,000","3,833,000","3,636,000","3,337,000","3,128,000","2,905,000","2,737,000","2,567,000","2,361,000","2,197,000","1,937,000","1,872,000","1,656,000","1,842,000","1,856,000","1,831,000","2,222,000","2,029,000","1,993,000","2,103,000","2,351,000","1,656,000","3,088,000","2,993,000","4,456,000","5,316,000","4,168,000","4,901,000","5,693,000","5,006,000","6,088,000","6,902,000","6,398,000","7,753,000","8,117,000","8,239,000","8,879,000",,,,,,,,,,,,,,,,,,,,,,,,,,,,,,,,,,,,,,,,,,,,,,,,,,,,,,,,,,,,,,,,,,,,,,,,,,,,,
	TotalOtherFinanceCost,"2,311,000","467,000","481,000","642,000","721,000","699,000","683,000","600,000","438,000","413,000","409,000","479,000","472,000","456,000","460,000","474,000","489,000","472,000","480,000","452,000","452,000","428,000","438,000","453,000","461,000","426,000","422,000","408,000","409,000","448,000","479,000","449,000","462,000","121,000","474,000","479,000","465,000","470,000","2,832,000",,,"4,456,000",,,"4,901,000",,,"-6,394,000",,,,,,,,,,,,,,,,,,,,,,,,,,,,,,,,,,,,,,,,,,,,,,,,,,,,,,,,,,,,,,,,,,,,,,,,,,,,,,,,,,,
OtherIncomeExpense,"51,334,000","19,615,000","45,320,000","2,583,000","-16,184,000","29,395,000","8,302,000","8,975,000","-11,192,000","-4,236,000","6,373,000","50,506,000","26,706,000","10,358,000","-2,501,000","-333,000","167,000","-572,000","398,000","657,000","-92,000","1,698,000","-2,071,000","294,000","175,000","98,000","-245,000","-1,478,000","-145,000","-637,000","-74,000","-554,000","292,000","-322,000","-5,375,000","115,000","-2,815,000","-135,000","-3,077,000","-3,418,000","-9,097,000","460,000","1,572,000","-3,523,000","151,000","-949,000",,"1,061,000","-453,000","12,000","1,531,000","363,000","4,496,000","486,000","-8,350,000","3,617,000","-1,410,000","3,337,000","17,342,000","713,000","12,447,000","2,830,000","-2,163,000","35,204,000","5,800,000","1,012,000","178,000","-2,250,000","602,000","-1,018,000","-10,856,000","-9,976,000","179,000","34,000","-4,457,000","-425,000","3,251,000","2,264,000","12,811,000","1,879,000","17,757,000","1,518,000","-14,197,000","1,826,000","-10,960,000","4,407,000","1,173,000","16,733,000","17,587,000","-1,831,000","-186,693,000","4,801,000","5,089,000","2,019,000","12,355,000","-9,000","-161,000","-762,000",,"327,563,000","-126,000,000","-108,600,000","-96,600,000","-1,105,000","-500,000","100,000","-300,000","-1,687,000","-700,000","-400,000","-86,400,000","-2,268,500,000","-300,000","-600,000","849,700,000","-553,500,000","-1,400,000","-600,000","-600,000","800,000","-600,000","-1,100,000","-700,000","-14,400,000","300,000","-100,000","-700,000",,,,
	GainOnSaleOfSecurity,,,"0",,"-46,000","-121,000","-231,000","-283,000",,,,,,,,,,,,,,,,,,,,,,,,,,,,,,,,,,,,,,,,,,,,,,,,,,,,,,,,,,,,,,,,,,,,,,,,,,,,,,,,,,,,,,,,,,,,,,,,,,,,,,,,,,,,,,,,,,,,,,,,,,,
	SpecialIncomeCharges,"46,637,000","0","46,309,000","215,000","113,000","-532,000","511,000","781,000","-1,627,000","-1,473,000","5,721,000","50,091,000","26,433,000","8,935,000","-1,005,000","-793,000","-462,000","-360,000","-292,000","371,000","-502,000","1,341,000","-2,545,000","-249,000","56,000","125,000","-644,000","-886,000","-228,000","-608,000","-221,000","-587,000","-40,000","-422,000","-5,292,000","-161,000","-1,484,000","-134,000","-3,077,000","-3,418,000","-9,097,000","460,000","1,572,000","-3,523,000","151,000","-949,000",,"1,061,000","-453,000","12,000","1,531,000","363,000","4,496,000","486,000","-8,350,000","3,617,000","-1,410,000","3,337,000","17,342,000","713,000","12,447,000","2,830,000","-2,163,000","35,204,000","5,800,000","1,012,000","178,000","-2,250,000","602,000","-1,018,000","-10,856,000","-9,976,000","179,000","34,000","-4,457,000","-425,000","3,251,000","2,264,000","12,811,000","1,879,000","17,757,000","1,518,000","-14,197,000","1,826,000","-10,960,000","4,407,000","1,173,000","16,733,000","17,587,000","-1,831,000","-186,693,000","4,801,000","5,089,000","2,019,000","12,355,000","-9,000","-161,000","-762,000",,"327,563,000","-126,000,000","-108,600,000","-96,600,000","-1,105,000","-500,000","100,000","-300,000","-1,687,000","-700,000","-400,000","-86,400,000","-2,268,500,000","-300,000","-600,000","849,700,000","-553,500,000","-1,400,000","-600,000","-600,000","800,000","-600,000","-1,100,000","-700,000","-14,400,000","300,000","-100,000","-700,000",,,,
		RestructuringAndMergernAcquisition,"-53,000","146,000","-29,000","-122,000","-48,000","1,474,000","343,000","83,000","1,615,000","362,000","390,000","1,092,000","406,000","540,000","759,000","48,000","408,000","360,000","49,000","40,000","297,000","99,000","654,000","326,000","-13,000","519,000","430,000","332,000","181,000","581,000","206,000","300,000","45,000","430,000","384,000","229,000","660,000","116,000",,"821,000","882,000",,,,,,,,,,,,,,,,,,"1,339,000","3,701,000","1,192,000","638,000",,"1,461,000","1,160,000","721,000","783,000","2,056,000","86,000","2,274,000","-171,000","1,080,000","-519,000","105,000","1,479,000","70,000","-982,000","46,000","442,000",,"2,781,000","298,000","8,368,000",,"8,495,000",,"5,308,000",,,"7,248,000",,,,,,,,,,,,,,,,,,,,,,,,,,,,,,,,,,,,,,,,,
		ImpairmentOfCapitalAssets,,,"442,000","0","0",,"1,564,000","338,000","0","2,181,000","0","0","0","0","0","1,440,000","81,000","37,000",,,,,,,"0","0","264,000","577,000","45,000","49,000","53,000","320,000","28,000","0","4,891,000","0","857,000","0","652,000","2,468,000","17,000",,,,,,,,"0",,,,"430,000",,,,,,,,,,,,,,,,,,,,,,,,,,,,,,,,,,,,,,,,,,,,,,,,,,,,,,,,,,,,,,,,,,,,,,,,,,,,,,
		OtherSpecialCharges,,,,,,,,,,,,,,,,,,,,,,,,,,,,,,,,,,,,,,,"5,395,000","129,000","8,198,000",,,,,,,,"453,000",,,,"-4,926,000",,,,,,"-18,681,000","-4,414,000","-13,639,000","-3,468,000",,"-36,665,000","-6,960,000","-1,733,000","-961,000","194,000","-688,000","-1,256,000","11,027,000","8,896,000","340,000","-139,000","2,978,000","355,000","-2,269,000","-2,310,000","-13,253,000",,"-20,538,000","-1,816,000","5,829,000",,"2,465,000",,"-6,481,000",,,"-5,417,000",,,,,,,,,,,,,,,,,,,,,,,,,,,,,,,,,,,,,,,,,
		GainOnSaleOfPPE,"47,026,000","146,000","46,722,000","93,000","65,000","942,000","2,418,000","1,202,000","-12,000","1,070,000","6,111,000","51,183,000","26,839,000","9,475,000","-246,000","695,000","27,000","37,000","83,000","411,000","-205,000","1,440,000","-793,000","77,000","43,000","644,000","50,000","23,000","-2,000","22,000","38,000","33,000","33,000","8,000","-17,000","68,000","33,000","-18,000",,,,,,,,,,,,,,,,,,,,,,,,,,,,,,,,,,,,,,,,,,,,,,,,,,,,,,,,,,,,,,,,,,,,,,,,,,,,,,,,,,,,,,,,,,,,,
	OtherNonOperatingIncomeExpenses,"4,743,000","19,615,000","-989,000","2,368,000","-16,251,000","30,048,000","8,022,000","8,477,000","-9,565,000","-2,763,000","652,000","415,000","273,000","1,423,000","-1,496,000","460,000","629,000","-212,000","690,000","286,000","410,000","357,000","474,000","543,000","119,000","-27,000","399,000","-592,000","83,000","-29,000","147,000","33,000","332,000","100,000","-83,000","276,000","-1,331,000","-1,000","-1,261,000",,,,,,,,,,,,,,,,,,,,,,,,,,,,,,,,,,,,,,,,,,,,,,,,,,,,,,,,,,,,,,,,,,,,,,,,,,,,,,,,,,,,,,,,,,,,
PretaxIncome,"102,780,000","29,962,000","58,501,000","16,349,000","-2,032,000","31,285,000","2,297,000","7,295,000","-28,039,000","11,332,000","23,645,000","64,401,000","41,006,000","20,147,000","12,843,000","13,615,000","14,204,000","11,588,000","15,251,000","14,754,000","13,679,000","13,117,000","13,169,000","15,003,000","-7,728,000","15,432,000","12,491,000","12,804,000","15,233,000","13,201,000","14,250,000","12,458,000","13,003,000","9,050,000","5,366,000","11,349,000","8,735,000","10,650,000","8,970,000","8,564,000","7,808,000","9,752,000","7,075,000","8,391,000","8,538,000","4,323,000","3,104,000","10,353,000","5,820,000","4,817,000","18,206,000","10,881,000","9,952,000","3,915,000","-2,928,000","11,251,000","3,271,000","4,670,000","18,968,000","5,788,000","13,623,000","1,526,000","2,922,000","39,138,000","2,185,000","529,000","-2,114,000","-4,698,000","2,296,000","-1,601,000","-14,041,000","-11,611,000","-2,695,000","-8,526,000","-10,788,000","-6,007,000","-5,112,000","-8,817,000","-3,154,000","-125,000","16,514,000","-7,123,000","-39,246,000","-4,568,000","-30,316,000","-20,621,000","-25,964,000","-6,799,000","-10,972,000","-46,033,000","-241,183,000","-45,343,000","-42,726,000","-62,020,000","-52,847,000","-36,040,000","-51,657,000","-42,580,000",,"-31,652,000","-20,600,000","-19,300,000","-30,300,000","-91,120,000",,"-9,900,000","-25,500,000","14,567,000","-1,400,000","-10,000,000","-18,600,000","-1,672,000,000","900,000","-20,900,000","-37,600,000","-16,800,000","10,900,000","-17,500,000","-37,100,000","-19,900,000","-2,000,000","-21,000,000","-42,700,000","-22,300,000","-6,400,000","-12,000,000","-37,200,000",,,,
TaxProvision,"26,033,000","8,107,000","15,046,000","4,084,000","-1,204,000","8,104,000","-62,000","818,000","-5,074,000","2,319,000","5,086,000","15,279,000","6,767,000","4,657,000","1,340,000","2,810,000","2,578,000","1,829,000","2,104,000","5,429,000","4,930,000","4,744,000","1,895,000","5,277,000","3,824,000","5,478,000","3,732,000","3,854,000","5,499,000","4,668,000","4,572,000","4,115,000","4,730,000","2,619,000","1,104,000","4,318,000","2,537,000","3,569,000","2,490,000","3,201,000","3,207,000","3,887,000","-84,973,000","406,000","408,000","199,000","371,000","419,000","362,000","229,000","328,000","848,000","616,000","-392,000","247,000","689,000","120,000","546,000","2,255,000","451,000","2,123,000","363,000","653,000","13,635,000","331,000","49,000","2,389,000","-1,264,000","227,000","-141,000","193,000","202,000","203,000","204,000","-37,000","266,000","265,000","265,000","412,000","303,000","302,000","-2,439,000","291,000","212,000","535,000","533,000","627,000","478,000","337,000","442,000","2,236,000","-340,000","-334,000","-340,000","-3,294,000","500,000","381,000","500,000",,"-3,492,000","-8,100,000","-1,900,000","-3,000,000","-414,000",,"-100,000","500,000","-513,000","-2,100,000","2,900,000","-2,400,000","-72,400,000","7,600,000","-9,000,000","-7,400,000","-1,300,000","1,100,000","-3,900,000","-2,700,000","-15,600,000","-1,100,000","-2,000,000","600,000","-16,600,000","-3,100,000","700,000","8,900,000",,,,
NetIncomeCommonStockholders,"76,747,000","21,855,000","43,455,000","12,265,000","-828,000","23,181,000","2,359,000","6,477,000","-22,965,000","9,013,000","18,559,000","49,122,000","34,239,000","15,490,000","11,503,000","10,805,000","11,626,000","9,759,000","13,147,000","9,325,000","8,749,000","8,373,000","11,274,000","9,726,000","-11,552,000","9,954,000","8,759,000","8,950,000","9,734,000","8,533,000","9,678,000","8,343,000","8,273,000","6,431,000","4,262,000","7,031,000","6,198,000","7,081,000","6,480,000","5,363,000","4,601,000","5,865,000","92,048,000","7,985,000","8,130,000","4,124,000","2,733,000","9,934,000","5,458,000","4,588,000","17,878,000","10,033,000","9,336,000","4,307,000","-3,175,000","10,562,000","3,151,000","4,124,000","16,713,000","5,337,000","11,500,000","1,163,000","2,269,000","25,503,000","1,854,000","712,000","-4,503,000","-3,434,000","2,069,000","-1,460,000","-14,234,000","-11,813,000","-2,898,000","-8,730,000","-10,751,000","-6,273,000","-5,377,000","-9,082,000","474,000","56,134,000","16,212,000","-4,684,000","-39,537,000","-4,780,000","-30,851,000","-13,376,000","-24,791,000","-7,277,000","-19,459,000","-46,475,000","-233,803,000","-45,215,000","-41,206,000","-61,680,000","-50,597,000","-36,540,000","-53,290,000","-43,080,000","-51,700,000","-31,735,000","-16,000,000","-20,900,000","-30,800,000","-28,374,000","10,800,000","-17,000,000","-38,200,000","20,618,000","13,100,000","347,300,000","-30,100,000","-1,618,000,000","-26,400,000","-15,500,000","-33,700,000","-184,200,000","1,000,000","-13,600,000","-34,400,000","-4,300,000","-900,000","-19,000,000","-43,300,000","-5,700,000","-3,300,000","-12,700,000","-46,100,000","-42,600,000","-44,500,000","21,500,000","8,300,000"
	NetIncome,"76,747,000","21,855,000","43,455,000","12,265,000","-828,000","23,181,000","2,359,000","6,477,000","-22,965,000","9,013,000","18,559,000","49,122,000","34,239,000","15,490,000","11,503,000","10,805,000","11,626,000","9,759,000","13,147,000","9,325,000","8,749,000","8,373,000","11,274,000","9,726,000","-11,552,000","9,954,000","8,759,000","8,950,000","9,734,000","8,533,000","9,678,000","8,343,000","8,273,000","6,431,000","4,262,000","7,031,000","6,198,000","7,081,000","6,480,000","5,363,000","4,601,000","5,865,000","92,048,000","7,985,000","8,130,000","4,124,000","2,733,000","9,934,000","5,458,000","4,588,000","17,878,000","10,033,000","9,336,000","4,307,000","-3,175,000","10,562,000","3,151,000","4,124,000","16,713,000","5,337,000","11,500,000","1,163,000","2,269,000","25,503,000","1,854,000","712,000","-4,503,000","-3,434,000","2,069,000","-1,460,000","-14,234,000","-11,813,000","-2,898,000","-8,730,000","-10,751,000","-6,273,000","-5,377,000","-9,082,000","474,000","56,134,000","16,212,000","-4,684,000","-39,537,000","-4,780,000","-30,851,000","-13,376,000","-24,791,000","-7,277,000","-19,459,000","-46,475,000","-233,803,000","-45,215,000","-41,206,000","-61,680,000","-50,597,000","-36,540,000","-53,290,000","-43,080,000","-51,700,000","-28,160,000","-12,500,000","-17,400,000","-27,300,000","-14,199,000","10,800,000","-17,000,000","-34,700,000","24,193,000","16,600,000","350,800,000","-26,600,000","-1,614,400,000","-22,900,000","-11,900,000","-30,200,000","-178,100,000","1,000,000","-13,600,000","-34,400,000","-4,300,000","-900,000","-19,000,000","-43,300,000","-5,700,000","-3,300,000","-12,700,000","-46,100,000","-42,600,000","-44,500,000","21,500,000","8,300,000"
		NetIncomeIncludingNoncontrollingInterests,"76,747,000","21,855,000","43,455,000","12,265,000","-828,000","23,181,000","2,359,000","6,477,000","-22,965,000","9,013,000","18,559,000","49,122,000","34,239,000","15,490,000","11,503,000","10,805,000","11,626,000","9,759,000","13,147,000","9,325,000","8,749,000","8,373,000","11,274,000","9,726,000","-11,552,000","9,954,000","8,759,000","8,950,000","9,734,000","8,533,000","9,678,000","8,343,000","8,273,000","6,431,000","4,262,000","7,031,000","6,198,000","7,081,000","6,480,000","5,363,000","4,601,000","5,865,000","92,048,000","7,985,000","8,130,000","4,124,000","2,733,000","9,934,000","5,458,000","4,588,000","17,878,000","10,033,000","9,336,000","4,307,000","-3,175,000","10,562,000","3,151,000","4,124,000","16,713,000","5,337,000","11,500,000","1,163,000","2,269,000","25,503,000","1,854,000","712,000","-4,503,000","-3,434,000","2,069,000","-1,460,000","-14,234,000","-11,813,000","-2,898,000","-8,730,000","-10,751,000","-6,273,000","-5,377,000","-9,082,000","474,000","56,134,000","16,212,000","-4,684,000","-39,537,000","-4,780,000","-30,851,000","-13,376,000","-24,791,000","-7,277,000","-19,459,000","-46,475,000","-233,803,000","-45,215,000","-41,206,000","-61,680,000","-50,597,000","-36,540,000","-53,290,000","-43,080,000","-51,700,000","-28,160,000","-12,500,000","-17,400,000","-27,300,000","-14,199,000","10,800,000","-17,000,000","-34,700,000","24,193,000","16,600,000","350,800,000","-26,600,000","-1,614,400,000","-22,900,000","-11,900,000","-30,200,000","-178,100,000","1,000,000","-13,600,000","-34,400,000","-4,300,000","-900,000","-19,000,000","-43,300,000","-5,700,000","-3,300,000","-12,700,000","-46,100,000","-42,600,000","-44,500,000","21,500,000","8,300,000"
			NetIncomeContinuousOperations,"76,747,000","21,855,000","43,455,000","12,265,000","-828,000","23,181,000","2,359,000","6,477,000","-22,965,000","9,013,000","18,559,000","49,122,000","34,239,000","15,490,000","11,503,000","10,805,000","11,626,000","9,759,000","13,147,000","9,325,000","8,749,000","8,373,000","11,274,000","9,726,000","-11,552,000","9,954,000","8,759,000","8,950,000","9,734,000","8,533,000","9,678,000","8,343,000","8,273,000","6,431,000","4,262,000","7,031,000","6,198,000","7,081,000","6,480,000","5,363,000","4,601,000","5,865,000","92,048,000","7,985,000","8,130,000","4,124,000","2,733,000","9,934,000","5,458,000","4,588,000","17,878,000","10,033,000","9,336,000","4,307,000","-3,175,000","10,562,000","3,151,000","4,124,000","16,713,000","5,337,000","11,500,000","1,163,000","2,269,000","25,503,000","1,854,000","480,000","-4,503,000","-3,434,000","2,069,000","-1,460,000","-14,234,000","-11,813,000","-2,898,000","-8,730,000","-10,751,000","-6,273,000","-5,377,000","-9,082,000","-3,566,000","-428,000","16,212,000","-4,684,000","-39,537,000","-4,780,000","-30,851,000","-21,154,000","-26,591,000","-7,277,000","-11,309,000","-46,475,000","-243,419,000","-45,003,000","-42,392,000","-61,680,000","-49,553,000","-36,540,000","-52,038,000","-43,080,000","-51,700,000","-28,160,000","-12,500,000","-17,400,000","-27,300,000","-90,706,000","-6,300,000","-9,800,000","-26,000,000","15,080,000","700,000","-12,900,000","-16,200,000","-1,599,600,000","-6,700,000","-11,900,000","-30,200,000","-15,500,000","9,800,000","-13,600,000","-34,400,000","-4,300,000","-900,000","-19,000,000","-43,300,000","-5,700,000","-3,300,000","-12,700,000","-46,100,000","-41,700,000","-44,500,000","21,500,000","8,300,000"
			NetIncomeDiscontinuousOperations,,,,,,,,,,,,,,,,,,,,,,,,,,,,,,,,,,,,,,,,,,,,,,,,,,,,,,,,,,,,,,,,,,,,,,,,,,,,,,,"4,040,000","56,562,000",,,,,,,"1,800,000",,"-8,150,000",,"9,616,000","-212,000","1,186,000",,"0",,"-1,252,000",,,,,,,,"16,600,000","-7,200,000","-8,700,000",,"15,900,000","374,500,000","-10,400,000",,,,,,,,,,,,,,,,,,,,
			NetIncomeExtraordinary,,,,,,,,,,,,,,,,,,,,,,,,,,,,,,,,,,,,,,,,,,,,,,,,,,,,,,,,,,,,,,,"0",,,"232,000",,,,,,,,,,,,,,,,,,,,,,,,,,,,,,,,,,,,,,,,,,,,,,"-4,600,000",,,,,,,,,,,,,,,,,,,
			NetIncomeFromTaxLossCarryforward,,,,,,,,,,,,,,,,,,,,,,,,,,,,,,,,,,,,,,,,,,,,,,,,,,,,,,,,,,,,,,,,,,,,,,,,,,,,,,,,,,,"0",,,"7,778,000",,,,,,,,,,,,,,,,,,,"500,000",,,,,"-10,800,000",,"-10,200,000","-16,200,000",,,"-144,800,000","-8,800,000",,,,,,,,,,,,,,
	PreferredStockDividends,,,,,,,,,,,,,,,,,,,,,,,,,,,,,,,,,,,,,,,,,,,,,,,,,,,,,,,,,,,,,,,,,,,,,,,,,,,,,,,,,,,,,,,,,,,,,,,,,,,,"3,575,000","3,500,000","3,500,000","3,500,000",,,,"3,500,000","3,575,000","3,500,000","3,500,000","3,500,000","3,600,000","3,500,000","3,600,000","3,500,000",,,,,,,,,,,,,,,,
DilutedNIAvailtoComStockholders,"76,747,000","21,855,000","43,455,000","12,265,000","-828,000","23,181,000","2,359,000","6,477,000","-22,965,000","9,013,000","18,559,000","49,122,000","34,239,000","15,490,000","11,503,000","10,805,000","11,626,000","9,759,000","13,147,000","9,325,000","8,749,000","8,373,000","11,274,000","9,726,000","-11,552,000","9,954,000","8,759,000","8,950,000","9,734,000","8,533,000","9,678,000","8,343,000","8,273,000","6,431,000","4,262,000","7,031,000","6,198,000","7,081,000","6,480,000","5,363,000","4,601,000","5,865,000","92,048,000","7,985,000","8,130,000","4,124,000","2,733,000","9,934,000","5,458,000","4,588,000","17,878,000","10,033,000","9,336,000","4,307,000","-3,175,000","10,562,000","3,151,000","4,124,000","16,713,000","5,337,000","11,500,000","1,163,000","2,269,000","25,503,000","1,854,000","712,000","-4,503,000","-3,434,000","2,069,000","-1,460,000","-14,234,000","-11,813,000","-2,898,000","-8,730,000","-10,751,000","-6,273,000","-5,377,000","-9,082,000","474,000","56,134,000","16,212,000","-4,684,000","-39,537,000","-4,780,000","-30,851,000","-13,376,000","-24,791,000","-7,277,000","-19,459,000","-46,475,000","-233,803,000","-45,215,000","-41,206,000","-61,680,000","-50,597,000","-36,540,000","-53,290,000","-43,080,000","-51,700,000","-31,735,000","-16,000,000","-20,900,000","-30,800,000","-28,374,000","10,800,000","-17,000,000","-38,200,000","20,618,000","13,100,000","347,300,000","-30,100,000","-1,618,000,000","-26,400,000","-15,500,000","-33,700,000","-184,200,000","1,000,000","-13,600,000","-34,400,000","-4,300,000","-900,000","-19,000,000","-43,300,000","-5,700,000","-3,300,000","-12,700,000","-46,100,000","-42,600,000","-44,500,000","21,500,000","8,300,000"
BasicEPS,,"0.35","0.67","0.19","-0.01","0.36","0.04","0.1","-0.41","0.16","0.32","0.83","0.57","0.25","0.19","0.17","0.18","0.15","0.2","0.14","0.13","0.12","0.16","0.13","-0.15","0.13","0.11","0.11","0.12","0.1","0.11","0.1","0.1","0.07","0.05","0.08","0.07","0.08","0.07","0.06","0.05","0.06",,"0.08","0.08","0.04",,"0.1","0.05","0.05",,"0.1","0.1","0.04",,"0.11","0.03","0.04",,"0.06","0.12","0.01",,"0.28","0.02","0.01",,"-0.04","0.02","-0.02",,"-0.14","-0.07","-0.21",,"-0.15","-0.13","-0.22",,"1.39","0.4","-0.12",,"-0.12","-0.77","-0.33",,"-0.18","-0.49","-1.16",,"-1.13","-1.03","-1.54",,"-0.91","-1.33","-1.08","-1.218",,"-0.377","-0.493","-0.726",,"0.255","-0.401","-0.9",,"0.309","8.184","-0.709",,"-0.622","-0.365","-0.794",,"0.024","-0.32","-0.811",,"-0.021","-0.448","-1.02",,"-0.078","-0.299","-1.086",,"-1.049","0.507","0.196"
DilutedEPS,,"0.34","0.67","0.19","-0.01","0.35","0.04","0.1","-0.41","0.16","0.31","0.8","0.55","0.24","0.18","0.16","0.18","0.15","0.19","0.13","0.12","0.11","0.15","0.13","-0.15","0.13","0.11","0.11","0.11","0.1","0.11","0.1","0.09","0.07","0.05","0.08","0.07","0.07","0.07","0.06","0.05","0.06",,"0.08","0.08","0.04",,"0.1","0.05","0.05",,"0.1","0.09","0.04",,"0.11","0.03","0.04",,"0.05","0.12","0.01",,"0.26","0.02","0.01",,"-0.04","0.02","-0.02",,"-0.14","-0.07","-0.21",,"-0.15","-0.132","-0.22",,"1.39","0.4","-0.12",,"-0.12","-0.77","-0.33",,"-0.18","-0.49","-1.16",,"-1.13","-1.03","-1.54",,"-0.91","-1.33","-1.08","-1.218",,"-0.377","-0.493","-0.726",,"0.255","-0.401","-0.9",,"0.309","8.184","-0.709",,"-0.622","-0.365","-0.794",,"0.024","-0.32","-0.811",,"-0.021","-0.448","-1.02",,"-0.078","-0.299","-1.086",,"-1.049","0.507","0.196"
BasicAverageShares,,"63,343,000","64,449,000","65,447,000","65,294,000","65,251,000","64,898,000","63,793,000","55,686,000","56,300,000","58,406,000","59,430,000","60,290,000","61,651,000","62,135,000","63,246,000","63,644,000","64,432,000","65,023,000","66,873,000","69,407,000","71,004,000","72,657,000","74,851,000","76,730,000","77,060,000","78,650,000","82,923,000","83,975,000","84,875,000","84,765,000","85,061,000","86,781,000","88,803,000","89,273,000","90,035,000","91,659,000","92,350,000","93,379,000","94,705,000","95,637,000","96,075,000",,"96,997,000","98,421,000","98,980,000",,"99,579,000","99,263,000","97,095,000",,"96,506,000","96,113,000","96,045,000",,"95,333,000","95,017,000","94,826,000",,"93,915,000","93,692,000","93,416,000",,"92,348,000","92,045,000","91,785,000",,"91,363,000","90,771,000","90,219,000",,"86,614,000","41,258,000","41,076,000",,"40,743,000","40,743,000","40,513,000",,"40,280,000","40,276,000","40,235,000",,"40,143,000","40,143,000","40,117,000",,"40,079,000","40,079,000","40,063,000",,"40,025,000","40,025,000","40,020,000",,"40,010,000","40,005,000","40,000,000","42,434,000",,"42,434,000","42,434,000","42,434,000",,"42,434,000","42,434,000","42,434,000",,"42,434,000","42,434,000","42,434,000",,"42,434,000","42,434,000","42,434,000",,"42,434,000","42,434,000","42,434,000",,"42,434,000","42,434,000","42,434,000",,"42,434,000","42,434,000","42,434,000",,"42,434,000","42,434,000","42,434,000"
DilutedAverageShares,,"63,580,000","64,870,000","65,829,000","65,294,000","65,749,000","65,467,000","64,027,000","55,686,000","58,106,000","60,343,000","61,189,000","62,082,000","63,683,000","64,301,000","65,522,000","66,128,000","66,946,000","67,463,000","69,210,000","71,661,000","73,241,000","74,650,000","76,791,000","76,730,000","78,877,000","80,783,000","85,056,000","86,080,000","87,465,000","87,136,000","86,983,000","88,384,000","90,816,000","91,343,000","91,967,000","93,665,000","94,461,000","95,437,000","96,745,000","97,408,000","97,878,000",,"98,746,000","100,602,000","101,362,000",,"101,355,000","101,983,000","100,153,000",,"99,158,000","98,457,000","97,606,000",,"98,332,000","98,911,000","98,388,000",,"98,605,000","98,967,000","98,976,000",,"96,498,000","97,741,000","96,907,000",,"98,019,000","97,835,000","90,219,000",,"86,614,000","41,258,000","41,076,000",,"40,743,000","40,743,000","40,513,000",,"40,280,000","40,478,000","40,235,000",,"40,143,000","40,143,000","40,117,000",,"40,079,000","40,079,000","40,063,000",,"40,025,000","40,025,000","40,020,000",,"40,010,000","40,005,000","40,000,000","42,434,000",,"42,434,000","42,434,000","42,434,000",,"42,434,000","42,434,000","42,434,000",,"42,434,000","42,434,000","42,434,000",,"42,434,000","42,434,000","42,434,000",,"42,434,000","42,434,000","42,434,000",,"42,434,000","42,434,000","42,434,000",,"42,434,000","42,434,000","42,434,000",,"42,434,000","42,434,000","42,434,000"
TotalOperatingIncomeAsReported,"111,868,000","13,307,000","62,624,000","17,652,000","18,285,000","5,514,000","-1,080,000","3,240,000","-13,527,000","18,046,000","26,563,000","68,174,000","46,115,000","24,131,000","19,760,000","18,469,000","18,960,000","16,425,000","18,853,000","18,535,000","17,009,000","16,301,000","16,022,000","17,577,000","-4,833,000","18,233,000","14,697,000","15,723,000","17,414,000","15,317,000","16,405,000","14,709,000","14,945,000","11,272,000","7,931,000","13,525,000","12,614,000","13,451,000","11,787,000","11,690,000","18,999,000","13,913,000","11,806,000","13,967,000","13,707,000","11,494,000","14,126,000","16,935,000","12,904,000","11,203,000","24,428,000","18,635,000","17,446,000","11,920,000","10,438,000","20,689,000","10,537,000","20,182,000","30,201,000","16,311,000","24,348,000","12,670,000","22,747,000","55,596,000","17,170,000","15,010,000","12,191,000","9,150,000","15,872,000","11,240,000","10,536,000","15,644,000","16,763,000","10,877,000","11,284,000","12,926,000","13,750,000","10,407,000","2,388,000","18,883,000","16,163,000","12,164,000","-18,984,000","13,694,000","-12,287,000","-2,168,000","-6,482,000","13,361,000","9,046,000","-18,949,000","-217,701,000","-18,468,000","-16,610,000","-31,589,000","-24,617,000","-7,546,000","-20,540,000","-13,549,000",,,,,,,,,,,,,,,,,,,,,,,,,,,,,,,,,
RentExpenseSupplemental,"12,052,000","3,240,000","2,955,000","3,013,000","2,844,000","2,850,000","2,712,000","2,638,000","2,728,000","3,163,000","3,030,000","4,301,000","5,498,000","5,784,000","6,063,000","6,083,000","5,435,000","5,647,000","5,511,000","5,054,000","5,503,000","4,734,000","4,836,000","4,928,000","4,993,000","4,800,000","5,471,000","5,164,000","4,913,000","4,895,000","5,400,000","5,418,000","4,899,000","5,128,000","5,180,000","5,598,000","5,513,000","5,228,000","5,629,000",,,,,,,,,,,,,,,,,,,,,,,,,,,,,,,,,,,,,,,,,,,,,,,,,,,,,,,,,,,,,,,,,,,,,,,,,,,,,,,,,,,,,,,,,,,,
TotalExpenses,"355,474,000","89,800,000","91,324,000","86,357,000","87,993,000","74,530,000","81,696,000","69,185,000","52,061,000","77,176,000","92,994,000","106,175,000","132,202,000","136,215,000","138,784,000","138,761,000","137,912,000","138,488,000","116,354,000","114,220,000","115,865,000","112,950,000","111,038,000","110,560,000","129,204,000","106,534,000","108,684,000","107,169,000","105,677,000","104,246,000","112,103,000","101,736,000","99,629,000","100,226,000","101,034,000","103,589,000","102,473,000","100,905,000","102,886,000","105,875,000","104,833,000","112,990,000","117,129,000","120,924,000","122,565,000","124,840,000","126,703,000","124,897,000","122,290,000","126,369,000","116,038,000","127,429,000","142,118,000","153,840,000","165,268,000","168,586,000","179,735,000","175,814,000","188,726,000","221,397,000","215,402,000","223,443,000","224,967,000","201,139,000","225,161,000","232,254,000","230,405,000","237,516,000","230,617,000","226,535,000","233,360,000","230,421,000","223,497,000","218,413,000","238,891,000","225,394,000","217,292,000","210,388,000","224,099,000","227,971,000","221,398,000","221,997,000","257,529,000","256,378,000","268,184,000","260,519,000","273,188,000","289,281,000","287,887,000","390,075,000","605,627,000","430,295,000","422,625,000","448,224,000","447,312,000","469,219,000","466,157,000","450,258,000",,"955,110,000","529,600,000","474,700,000","426,400,000","622,253,000","620,600,000","631,300,000","599,100,000","594,539,000","638,700,000","634,200,000","501,000,000","350,100,000","1,007,600,000","952,500,000","1,700,000,000","313,100,000","909,600,000","876,400,000","819,500,000","832,500,000","892,000,000","868,600,000","800,400,000","846,300,000","895,600,000","878,900,000","824,500,000",,,,
NetIncomeFromContinuingAndDiscontinuedOperation,"76,747,000","21,855,000","43,455,000","12,265,000","-828,000","23,181,000","2,359,000","6,477,000","-22,965,000","9,013,000","18,559,000","49,122,000","34,239,000","15,490,000","11,503,000","10,805,000","11,626,000","9,759,000","13,147,000","9,325,000","8,749,000","8,373,000","11,274,000","9,726,000","-11,552,000","9,954,000","8,759,000","8,950,000","9,734,000","8,533,000","9,678,000","8,343,000","8,273,000","6,431,000","4,262,000","7,031,000","6,198,000","7,081,000","6,480,000","5,363,000","4,601,000","5,865,000","92,048,000","7,985,000","8,130,000","4,124,000","2,733,000","9,934,000","5,458,000","4,588,000","17,878,000","10,033,000","9,336,000","4,307,000","-3,175,000","10,562,000","3,151,000","4,124,000","16,713,000","5,337,000","11,500,000","1,163,000","2,269,000","25,503,000","1,854,000","480,000","-4,503,000","-3,434,000","2,069,000","-1,460,000","-14,234,000","-11,813,000","-2,898,000","-8,730,000","-10,751,000","-6,273,000","-5,377,000","-9,082,000","474,000","56,134,000","16,212,000","-4,684,000","-39,537,000","-4,780,000","-30,851,000","-21,154,000","-24,791,000","-7,277,000","-19,459,000","-46,475,000","-233,803,000","-45,215,000","-41,206,000","-61,680,000","-49,553,000","-36,540,000","-53,290,000","-43,080,000","-51,700,000","-28,160,000","-12,500,000","-17,400,000","-27,300,000","-13,699,000","10,300,000","-17,000,000","-34,700,000","13,393,000","16,600,000","361,600,000","-26,600,000","-1,599,600,000","-6,700,000","-11,900,000","-30,200,000","-15,500,000","9,800,000","-13,600,000","-34,400,000","-4,300,000","-900,000","-19,000,000","-43,300,000","-5,700,000","-3,300,000","-12,700,000","-46,100,000","-42,600,000","-44,500,000","21,500,000","8,300,000"
NormalizedIncome,"41,956,968.116","21,855,000","9,056,312.884","12,103,750","-876,910","23,664,873","2,154,600","6,034,776","-21,632,487","10,184,035","14,068,577.543","10,902,567","12,167,445","8,618,985","12,403,141.322","11,434,642","12,004,378","10,062,120","13,398,716.215","9,090,528","9,070,280","7,517,442","13,452,778.191","9,887,352","-11,585,600","9,873,375","9,210,588.824","9,569,314","9,880,376","8,925,768","9,828,093.895","8,736,108.123","8,298,449.512","6,730,876.464","8,465,224.748","7,130,743.678","7,250,985.919","7,170,094.272","8,702,849.498","7,503,440.682","10,514,050","5,588,349.057","91,026,200","11,337,539.03","7,986,215.741","5,029,314.828","2,733,000","8,915,940.114","5,882,823.711","4,576,570.48","16,374,582.555","9,698,290.047","5,118,289.389","3,991,100","2,252,500","7,166,501.467","4,509,272.699","1,177,150.321","1,432,693.906","4,679,556.842","992,732.878","-993,808.65","3,948,619.097","2,563,462.671","-3,067,372.998","-438,260.87","-4,609,800","-1,789,363.985","1,526,518.293","-531,655.215","-7,720,400","-5,827,400","-3,005,400","-8,750,400","-6,309,286.337","-6,018,000","-7,327,600","-10,440,400","-11,252,600","-1,555,400","-1,220,268.621","-5,682,218.728","-31,018,800","-5,875,600","-24,275,000","-23,798,200","-27,294,800","-17,316,800","-21,861,200","-45,376,400","-131,403,200","-49,768,000.176","-47,441,217.994","-63,687,931.635","-61,137,901.981","-36,534,600","-51,941,400","-42,622,800","-51,700,000","-319,584,683.432","63,956,310.68","80,508,808.29","59,735,643.564","-11,899,020.522","-6,000,000","-9,898,989.899","-25,820,000","397,005,200","1,120,000","-12,660,000","59,051,612.903","570,670,693.78","-6,520,000","-11,540,000","-712,671,808.511","495,169,642.857","11,058,715.596","-13,133,714.286","-33,843,665.768","-4,780,000","-540,000","-18,004,761.905","-42,880,000","2,940,000","-3,480,000","-12,640,000","-45,680,000","-41,700,000","-44,500,000","21,500,000","8,300,000"
InterestIncome,"21,000","4,000","5,000","5,000","7,000","8,000","18,000","11,000","37,000","30,000","25,000","60,000","43,000","42,000","21,000","47,000","49,000","29,000","21,000","21,000","49,000","15,000","16,000","73,000","14,000","13,000","14,000","18,000","17,000","17,000","19,000","21,000","19,000","21,000","21,000","20,000","20,000","21,000",,,,,"338,000","324,000",,,,"345,000","388,000",,,,,"388,000",,,,,,,,,,,,,,,,,,,,,,,,,,,,,,,,,,,,,,,,,,,,,,,,,,,,,,,,,,,,,,,,,,,,,,,,,,,,,
InterestExpense,"11,495,000","2,497,000","2,658,000","3,034,000","3,306,000","3,465,000","3,749,000","3,550,000","4,546,000","3,568,000","3,186,000","3,769,000","4,953,000","4,993,000","4,982,000","4,887,000","4,945,000","4,182,000","3,833,000","3,636,000","3,337,000","3,128,000","2,905,000","2,737,000","2,567,000","2,361,000","2,197,000","1,937,000","1,872,000","1,656,000","1,842,000","1,856,000","1,831,000","2,222,000","2,029,000","1,993,000","2,103,000","2,351,000","1,656,000","3,088,000","2,993,000","4,456,000","5,316,000","4,168,000","4,901,000","5,693,000","5,006,000","6,088,000","6,902,000","6,398,000","7,753,000","8,117,000","8,239,000","8,879,000",,,,,,,,,,,,,,,,,,,,,,,,,,,,,,,,,,,,,,,,,,,,,,,,,,,,,,,,,,,,,,,,,,,,,,,,,,,,,
NetInterestIncome,"-13,785,000","-2,960,000","-3,134,000","-3,671,000","-4,020,000","-4,156,000","-4,414,000","-4,139,000","-4,947,000","-3,951,000","-3,570,000","-4,188,000","-5,382,000","-5,407,000","-5,421,000","-5,314,000","-5,385,000","-4,625,000","-4,292,000","-4,067,000","-3,740,000","-3,541,000","-3,327,000","-3,117,000","-3,014,000","-2,774,000","-2,605,000","-2,327,000","-2,264,000","-2,087,000","-2,302,000","-2,284,000","-2,274,000","-2,322,000","-2,482,000","-2,452,000","-2,548,000","-2,800,000","-1,016,000","-3,088,000","-2,993,000","-4,456,000","-4,978,000","-3,844,000","-4,901,000","-5,693,000","-3,526,000","-5,743,000","-6,514,000","-6,398,000","-7,753,000","-8,117,000","-8,239,000","-8,491,000",,,,,,,,,,,,,,,,,,,,,,,,,,,,,,,,,,,,,,,,,,,,,,,,,,,,,,,,,,,,,,,,,,,,,,,,,,,,,
EBIT,"114,275,000","32,459,000","61,159,000","19,383,000","1,274,000","34,750,000","6,046,000","10,845,000","-23,493,000","14,900,000","26,831,000","68,170,000","45,959,000","25,140,000","17,825,000","18,502,000","19,149,000","15,770,000","19,084,000","18,390,000","17,016,000","16,245,000","16,074,000","17,740,000","-5,161,000","17,793,000","14,688,000","14,741,000","17,105,000","14,857,000","16,092,000","14,314,000","14,834,000","11,272,000","7,395,000","13,342,000","10,838,000","13,001,000","10,626,000","11,652,000","10,801,000","14,208,000","12,391,000","12,559,000","13,439,000","10,016,000","8,110,000","16,441,000","12,722,000","11,215,000","25,959,000","18,998,000","18,191,000","12,794,000","19,460,000","20,689,000","10,537,000","20,182,000","31,540,000","20,012,000","25,540,000","13,308,000","19,405,000","57,057,000","18,330,000","15,731,000","12,974,000","11,206,000","15,958,000","13,514,000","10,365,000","16,724,000","16,244,000","10,982,000","12,763,000","12,996,000","12,768,000","10,453,000","2,830,000","18,883,000","18,944,000","12,462,000","-10,616,000","13,694,000","-3,792,000","-2,168,000","-1,174,000","13,361,000","9,046,000","-11,701,000","-217,701,000","-18,468,000","-16,610,000","-31,589,000","-24,617,000","-7,546,000","-20,540,000","-13,549,000","675,800,000","-293,608,000","174,200,000","151,900,000","124,000,000","-45,566,000","56,300,000","50,200,000","37,400,000","65,027,000","61,900,000","45,400,000","125,300,000","665,000,000","67,700,000","48,300,000","-821,000,000","612,800,000","86,600,000","62,100,000","40,300,000","58,500,000","75,400,000","56,300,000","34,200,000","57,500,000","77,900,000","63,400,000","37,500,000","-2,365,600,000","925,900,000","872,000,000","800,900,000"
EBITDA,"129,608,000"
ReconciledCostOfRevenue,"271,444,000","69,294,000","69,564,000","66,038,000","66,548,000","53,922,000","57,336,000","51,443,000","34,850,000","65,288,000","73,408,000","85,442,000","108,701,000","111,171,000","116,020,000","116,020,000","115,624,000","115,414,000","93,670,000","90,815,000","91,941,000","87,581,000","87,798,000","87,393,000","83,596,000","84,114,000","86,141,000","85,739,000","83,536,000","82,286,000","89,305,000","83,112,000","80,280,000","80,872,000","81,420,000","84,687,000","83,036,000","80,522,000","82,599,000","86,389,000","88,965,000","90,928,000","96,741,000","100,634,000","101,239,000","103,513,000","102,397,000","103,202,000","101,888,000","105,499,000","103,454,000","107,899,000","118,196,000","130,983,000","146,941,000","147,735,000","151,003,000","151,158,000","177,996,000","197,453,000","199,697,000","197,622,000","194,861,000","208,177,000","201,675,000","94,513,000","199,129,000","207,892,000","94,568,000","92,458,000","93,309,000","95,160,000","91,449,000","87,142,000","99,767,000","93,416,000","86,134,000","96,570,000","499,009,000","94,208,000","88,753,000","89,609,000","103,872,000","218,178,000","109,156,000","107,081,000","121,597,000","127,964,000","138,750,000","158,251,000","139,833,000","173,736,000","178,030,000","193,194,000","163,744,000","219,099,000","208,464,000","199,612,000",,"972,000","276,200,000","246,800,000","220,000,000","178,305,000","295,000,000","304,400,000","286,200,000","-128,113,000","440,000,000","426,300,000","307,100,000","-1,255,100,000","1,069,100,000","1,010,200,000","428,000,000","-1,184,200,000","966,600,000","931,500,000","873,700,000","889,200,000","946,500,000","922,700,000","853,200,000","900,500,000","946,900,000","930,700,000","877,100,000",,,,
ReconciledDepreciation,"15,333,000","3,548,000","4,066,000","3,822,000","3,897,000","3,661,000","3,909,000","4,048,000","4,058,000","4,146,000","4,227,000","4,338,000","5,048,000","6,233,000","7,074,000","6,760,000","6,691,000","6,514,000","6,227,000","5,958,000","5,799,000","5,736,000","5,971,000","5,609,000","5,105,000","5,493,000","5,712,000","5,422,000","5,314,000","5,024,000","5,514,000","5,185,000","5,281,000","5,238,000","5,727,000","5,198,000","5,352,000","5,224,000","5,130,000","4,784,000","5,991,000","6,399,000","6,602,000","6,955,000","7,234,000","7,188,000","7,653,000","7,320,000","7,291,000","7,373,000","7,751,000","7,865,000","8,015,000","8,712,000","8,829,000","10,251,000","10,168,000","10,518,000","12,163,000","12,418,000","12,777,000","13,166,000","13,988,000","14,686,000","14,994,000","14,938,000","16,142,000","14,690,000","14,649,000","14,138,000","15,582,000","14,558,000","15,321,000","15,358,000","14,629,000","16,208,000","16,158,000","14,099,000","19,993,000","19,531,000","19,597,000","19,335,000","29,925,000","26,419,000","28,616,000","29,600,000","35,397,000","35,082,000","23,081,000","44,211,000","76,502,000","70,185,000","58,819,000","64,847,000","74,368,000","63,033,000","70,544,000","58,814,000",,"228,748,000","-35,900,000","-32,000,000","-30,900,000","232,672,000","-32,800,000","-32,200,000","-34,800,000","235,933,000","-39,400,000","-33,500,000","-33,400,000","-77,900,000","-61,500,000","-57,700,000","-61,700,000","-72,900,000","-57,000,000","-55,100,000","-54,200,000","-56,700,000","-54,500,000","-54,100,000","-52,800,000","-54,200,000","-51,300,000","-51,800,000","-52,600,000",,,,
NetIncomeFromContinuingOperationNetMinorityInterest,"76,747,000","21,855,000","43,455,000","12,265,000","-828,000","23,181,000","2,359,000","6,477,000","-22,965,000","9,013,000","18,559,000","49,122,000","34,239,000","15,490,000","11,503,000","10,805,000","11,626,000","9,759,000","13,147,000","9,325,000","8,749,000","8,373,000","11,274,000","9,726,000","-11,552,000","9,954,000","8,759,000","8,950,000","9,734,000","8,533,000","9,678,000","8,343,000","8,273,000","6,431,000","4,262,000","7,031,000","6,198,000","7,081,000","6,480,000","5,363,000","4,601,000","5,865,000","92,048,000","7,985,000","8,130,000","4,124,000","2,733,000","9,934,000","5,458,000","4,588,000","17,878,000","10,033,000","9,336,000","4,307,000","-3,175,000","10,562,000","3,151,000","4,124,000","16,713,000","5,337,000","11,500,000","1,163,000","2,269,000","25,503,000","1,854,000","480,000","-4,503,000","-3,434,000","2,069,000","-1,460,000","-14,234,000","-11,813,000","-2,898,000","-8,730,000","-10,751,000","-6,273,000","-5,377,000","-9,082,000","-3,566,000","-428,000","16,212,000","-4,684,000","-39,537,000","-4,780,000","-30,851,000","-21,154,000","-26,591,000","-7,277,000","-11,309,000","-46,475,000","-243,419,000","-45,003,000","-42,392,000","-61,680,000","-49,553,000","-36,540,000","-52,038,000","-43,080,000","-51,700,000","-28,160,000","-12,500,000","-17,400,000","-27,300,000","-12,999,000","-6,300,000","-9,800,000","-26,000,000","395,993,000","700,000","-12,900,000","-16,200,000","-1,599,600,000","-6,700,000","-11,900,000","-30,200,000","-15,500,000","9,800,000","-13,600,000","-34,400,000","-4,300,000","-900,000","-19,000,000","-43,300,000","-5,700,000","-3,300,000","-12,700,000","-46,100,000","-41,700,000","-44,500,000","21,500,000","8,300,000"
TotalUnusualItemsExcludingGoodwill,"46,591,000","0","46,309,000","215,000","67,000","-653,000","280,000","498,000","-1,627,000","-1,473,000","5,721,000","50,091,000","26,433,000","8,935,000","-1,005,000","-793,000","-462,000","-360,000","-292,000","371,000","-502,000","1,341,000","-2,545,000","-249,000","56,000","125,000","-644,000","-886,000","-228,000","-608,000","-221,000","-587,000","-40,000","-422,000","-5,292,000","-161,000","-1,484,000","-134,000","-3,077,000","-3,418,000","-9,097,000","460,000","1,572,000","-3,523,000","151,000","-949,000",,"1,061,000","-453,000","12,000","1,531,000","363,000","4,496,000","486,000","-8,350,000","3,617,000","-1,410,000","3,337,000","17,342,000","713,000","12,447,000","2,830,000","-2,163,000","35,204,000","5,800,000","1,012,000","178,000","-2,250,000","602,000","-1,018,000","-10,856,000","-9,976,000","179,000","34,000","-4,457,000","-425,000","3,251,000","2,264,000","12,811,000","1,879,000","17,757,000","1,518,000","-14,197,000","1,826,000","-10,960,000","4,407,000","1,173,000","16,733,000","17,587,000","-1,831,000","-186,693,000","4,801,000","5,089,000","2,019,000","12,355,000","-9,000","-161,000","-762,000",,"327,563,000","-126,000,000","-108,600,000","-96,600,000","-1,105,000","-500,000","100,000","-300,000","-1,687,000","-700,000","-400,000","-86,400,000","-2,268,500,000","-300,000","-600,000","849,700,000","-553,500,000","-1,400,000","-600,000","-600,000","800,000","-600,000","-1,100,000","-700,000","-14,400,000","300,000","-100,000","-700,000",,,,
TotalUnusualItems,"46,591,000","0","46,309,000","215,000","67,000","-653,000","280,000","498,000","-1,627,000","-1,473,000","5,721,000","50,091,000","26,433,000","8,935,000","-1,005,000","-793,000","-462,000","-360,000","-292,000","371,000","-502,000","1,341,000","-2,545,000","-249,000","56,000","125,000","-644,000","-886,000","-228,000","-608,000","-221,000","-587,000","-40,000","-422,000","-5,292,000","-161,000","-1,484,000","-134,000","-3,077,000","-3,418,000","-9,097,000","460,000","1,572,000","-3,523,000","151,000","-949,000",,"1,061,000","-453,000","12,000","1,531,000","363,000","4,496,000","486,000","-8,350,000","3,617,000","-1,410,000","3,337,000","17,342,000","713,000","12,447,000","2,830,000","-2,163,000","35,204,000","5,800,000","1,012,000","178,000","-2,250,000","602,000","-1,018,000","-10,856,000","-9,976,000","179,000","34,000","-4,457,000","-425,000","3,251,000","2,264,000","12,811,000","1,879,000","17,757,000","1,518,000","-14,197,000","1,826,000","-10,960,000","4,407,000","1,173,000","16,733,000","17,587,000","-1,831,000","-186,693,000","4,801,000","5,089,000","2,019,000","12,355,000","-9,000","-161,000","-762,000",,"327,563,000","-126,000,000","-108,600,000","-96,600,000","-1,105,000","-500,000","100,000","-300,000","-1,687,000","-700,000","-400,000","-86,400,000","-2,268,500,000","-300,000","-600,000","849,700,000","-553,500,000","-1,400,000","-600,000","-600,000","800,000","-600,000","-1,100,000","-700,000","-14,400,000","300,000","-100,000","-700,000",,,,
NormalizedEBITDA,"83,017,000","36,007,000","18,916,000","22,990,000","5,104,000","39,064,000","9,675,000","14,395,000","-17,808,000","20,519,000","25,337,000","22,417,000","24,574,000","22,438,000","25,904,000","26,055,000","26,302,000","22,644,000","25,603,000","23,977,000","23,317,000","20,640,000","24,590,000","23,598,000","-112,000","23,161,000","21,044,000","21,049,000","22,647,000","20,489,000","21,827,000","20,086,000","20,155,000","16,932,000","18,414,000","18,701,000","17,674,000","18,359,000","18,833,000","20,357,000","25,889,000","20,147,000","17,421,000","23,037,000","20,522,000","18,153,000","15,763,000","22,700,000","20,466,000","18,576,000","32,179,000","26,500,000","21,710,000","21,020,000","37,466,000","27,323,000","22,115,000","27,363,000","26,361,000","31,717,000","25,870,000","23,644,000","35,556,000","36,539,000","27,524,000","29,657,000","28,938,000","28,146,000","30,005,000","28,670,000","36,803,000","41,258,000","31,386,000","26,306,000","33,289,000","29,629,000","25,675,000","22,446,000","10,978,000","37,738,000","22,047,000","31,642,000","35,936,000","41,086,000","38,515,000","24,836,000","35,660,000","35,244,000","30,539,000","39,636,000","51,075,000","52,298,000","46,527,000","35,909,000","42,440,000","62,031,000","57,823,000","47,837,000","675,800,000","-392,423,000","336,100,000","292,500,000","251,500,000","188,211,000","89,600,000","83,800,000","72,500,000","302,647,000","102,100,000","79,200,000","245,100,000","3,011,400,000","129,500,000","109,700,000","-1,609,000,000","1,239,200,000","145,000,000","117,800,000","95,100,000","114,400,000","130,400,000","111,500,000","87,700,000","126,100,000","128,900,000","115,300,000","90,800,000","-2,365,600,000","925,900,000","872,000,000","800,900,000"
TaxRateForCalcs,"0.253","0.271","0.257","0.25","0.27","0.259","0.27","0.112","0.181","0.205","0.215","0.237","0.165","0.231","0.104","0.206","0.181","0.158","0.138","0.368","0.36","0.362","0.144","0.352","0.4","0.355","0.299","0.301","0.358","0.354","0.321","0.33","0.364","0.289","0.206","0.38","0.29","0.335","0.278","0.374","0.35","0.399","0.35","0.048","0.048","0.046","0.12","0.04","0.062","0.048","0.018","0.078","0.062","0.35","0.35","0.061","0.037","0.117","0.119","0.078","0.156","0.238","0.223","0.348","0.151","0.093","0.4","0.269","0.099","0.088","0.4","0.4","0.4","0.4","0.003","0.4","0.4","0.4","0.4","0.4","0.018","0.342","0.4","0.4","0.4","0.4","0.4","0.4","0.4","0.4","0.4","0.007","0.008","0.005","0.062","0.4","0.4","0.4","0.4","0.11","0.393","0.098","0.099","0.005","0.4","0.01","0.4","0.4","0.4","0.4","0.129","0.043","0.4","0.4","0.197","0.077","0.101","0.223","0.073","0.4","0.4","0.095","0.4","0.4","0.4","0.4","0.4","0.4","0.4","0.4","0.4"
TaxEffectOfUnusualItems,"11,800,968.116","0","11,910,312.884","53,750","18,090","-169,127","75,600","55,776","-294,487","-301,965","1,230,577.543","11,871,567","4,361,445","2,063,985","-104,858.678","-163,358","-83,622","-56,880","-40,283.785","136,528","-180,720","485,442","-366,221.809","-87,648","22,400","44,375","-192,411.176","-266,686","-81,624","-215,232","-70,906.105","-193,891.877","-14,550.488","-122,123.536","-1,088,775.252","-61,256.322","-431,014.081","-44,905.728","-854,150.502","-1,277,559.318","-3,183,950","183,349.057","550,200","-170,460.97","7,215.741","-43,685.172","0","42,940.114","-28,176.289","570.48","27,582.555","28,290.047","278,289.389","170,100","-2,922,500","221,501.467","-51,727.301","390,150.321","2,061,693.906","55,556.842","1,939,732.878","673,191.35","-483,380.903","12,264,462.671","878,627.002","93,739.13","71,200","-605,363.985","59,518.293","-89,655.215","-4,342,400","-3,990,400","71,600","13,600","-15,286.337","-170,000","1,300,400","905,600","5,124,400","751,600","324,731.379","519,781.272","-5,678,800","730,400","-4,384,000","1,762,800","469,200","6,693,200","7,034,800","-732,400","-74,677,200","35,999.824","39,782.006","11,068.365","770,098.019","-3,600","-64,400","-304,800","0","36,138,316.568","-49,543,689.32","-10,691,191.71","-9,564,356.436","-5,020.522","-200,000","1,010.101","-120,000","-674,800","-280,000","-160,000","-11,148,387.097","-98,229,306.22","-120,000","-240,000","167,228,191.489","-42,830,357.143","-141,284.404","-133,714.286","-43,665.768","320,000","-240,000","-104,761.905","-280,000","-5,760,000","120,000","-40,000","-280,000","0","0","0","0"