name,ttm,03/31/2022,12/31/2021,09/30/2021,06/30/2021,03/31/2021,12/31/2020,09/30/2020,06/30/2020,03/31/2020,12/31/2019,09/30/2019,06/30/2019,03/31/2019,12/31/2018,09/30/2018,06/30/2018,03/31/2018,12/31/2017,09/30/2017,06/30/2017,03/31/2017,12/31/2016,09/30/2016,06/30/2016,03/31/2016,12/31/2015,09/30/2015,06/30/2015,03/31/2015,12/31/2014,09/30/2014,06/30/2014,03/31/2014,12/31/2013,09/30/2013,06/30/2013,03/31/2013,12/31/2012,09/30/2012,06/30/2012,03/31/2012,12/31/2011,09/30/2011,06/30/2011,03/31/2011,12/31/2010,09/30/2010,06/30/2010,03/31/2010,12/31/2009,09/30/2009,06/30/2009,03/31/2009,12/31/2008,09/30/2008,06/30/2008,03/31/2008,12/31/2007,09/30/2007,06/30/2007,03/31/2007,12/31/2006,09/30/2006,06/30/2006,03/31/2006,12/31/2005,09/30/2005,06/30/2005,03/31/2005,12/31/2004,09/30/2004,06/30/2004,03/31/2004,12/31/2003,09/30/2003,06/30/2003,03/31/2003,12/31/2002,09/30/2002,06/30/2002,03/31/2002,12/31/2001,09/30/2001,06/30/2001,03/31/2001,12/31/2000,09/30/2000,06/30/2000,03/31/2000,12/31/1999,09/30/1999,06/30/1999,03/31/1999,12/31/1998,09/30/1998,06/30/1998,03/31/1998,12/31/1997,09/30/1997,06/30/1997,03/31/1997,12/31/1996,09/30/1996,06/30/1996,03/31/1996,12/31/1995,09/30/1995,06/30/1995,03/31/1995,12/31/1994,09/30/1994,06/30/1994,03/31/1994,12/31/1993,09/30/1993,06/30/1993,03/31/1993,12/31/1992,09/30/1992,06/30/1992,03/31/1992,12/31/1991,09/30/1991,06/30/1991,03/31/1991,12/31/1990,09/30/1990,06/30/1990,03/31/1990,12/31/1989,09/30/1989,06/30/1989,03/31/1989,12/31/1988,09/30/1988,06/30/1988,03/31/1988,12/31/1987
TotalRevenue,"337,155,000","94,713,000","84,257,000","79,106,000","79,079,000","77,301,000","73,146,000","73,169,000","70,338,000","73,447,000","62,317,000","64,960,000","61,166,000","65,764,000","62,313,000","65,662,000","62,716,000","54,791,000","45,197,000","45,105,000","45,739,000","45,615,000","45,175,000","50,454,000","52,130,000","50,162,000","50,259,000","56,446,000","54,538,000","53,151,000","48,723,000","51,612,000","47,885,000","45,882,000","47,322,000","51,369,000","48,824,000","48,197,000","46,991,000","47,248,000","47,632,000","49,016,000","46,662,000","51,836,000","54,274,000","49,716,000","48,334,000","47,266,000","47,238,000","45,076,000","42,968,000","40,012,000","44,470,000","40,085,000","41,361,000","50,417,000","46,995,000","43,070,000","44,574,000","45,070,000","43,527,000","42,855,000","41,811,000","41,047,000","35,860,000","34,380,000","33,376,000","36,209,000","30,208,000","29,312,000","29,470,000","29,274,000","28,306,000","27,339,000","26,306,830","26,319,651","25,567,445","25,511,598","25,527,469","25,082,930","26,110,138","25,192,717","25,150,182","32,768,841","30,154,901","33,037,854","34,443,149","34,230,497","32,354,163","25,799,765","40,100,000","48,300,000","51,100,000","42,600,000","51,400,000","48,800,000","46,400,000","45,100,000","42,600,000","42,100,000","40,800,000","40,400,000","42,200,000","53,100,000","50,300,000","48,500,000","43,900,000","45,900,000","41,200,000","40,100,000","37,900,000","38,100,000","35,200,000","31,600,000","26,000,000","24,500,000","23,600,000","19,400,000","19,700,000","17,100,000","14,100,000","14,000,000","12,600,000","12,000,000","11,200,000","9,900,000","7,800,000","7,000,000","6,100,000","5,500,000","4,600,000","4,100,000","3,800,000","3,700,000","3,000,000","2,700,000","2,300,000","1,800,000","1,600,000"
	OperatingRevenue,"337,155,000","94,713,000","84,257,000","79,106,000","79,079,000","77,301,000","73,146,000","73,169,000","70,338,000","73,447,000","62,317,000","64,960,000","61,166,000","65,764,000","62,313,000","65,662,000","62,716,000","54,791,000","45,197,000","45,105,000","45,739,000","45,615,000","45,175,000","50,454,000","52,130,000","50,162,000","50,259,000","56,446,000","54,538,000","53,151,000","48,723,000","51,612,000","47,885,000","45,882,000","47,322,000","51,369,000","48,824,000","48,197,000","46,991,000","47,248,000","47,632,000","49,016,000","46,662,000","51,836,000","54,274,000","49,716,000","48,334,000","47,266,000","47,238,000","45,076,000","42,968,000","40,012,000","44,470,000","40,085,000","41,361,000","50,417,000","46,995,000","43,070,000","44,574,000","45,070,000","43,527,000","42,855,000","41,811,000","41,047,000","35,860,000","34,380,000","33,376,000","36,209,000","30,208,000","29,312,000","29,470,000","29,274,000","28,306,000","27,339,000","26,306,830","26,319,651","25,567,445","25,511,598","25,527,469","25,082,930","26,110,138","25,192,717","25,150,182","32,768,841","30,154,901","33,037,854","34,443,149","34,230,497","32,354,163","25,799,765","40,100,000","48,300,000","51,100,000","42,600,000","51,400,000","48,800,000","46,400,000","45,100,000","42,600,000","42,100,000","40,800,000","40,400,000","42,200,000","53,100,000","50,300,000","48,500,000","43,900,000","45,900,000","41,200,000","40,100,000","37,900,000","38,100,000","35,200,000","31,600,000","26,000,000","24,500,000","23,600,000","19,400,000","19,700,000","17,100,000","14,100,000","14,000,000","12,600,000","12,000,000","11,200,000","9,900,000","7,800,000","7,000,000","6,100,000","5,500,000","4,600,000","4,100,000","3,800,000","3,700,000","3,000,000","2,700,000","2,300,000","1,800,000","1,600,000"
CostOfRevenue,"152,109,000","42,729,000","36,376,000","36,480,000","36,523,000","36,844,000","32,127,000","35,651,000","32,989,000","34,806,000","31,853,000","34,365,000","32,838,000","35,435,000","32,530,000","34,699,000","33,387,000","28,137,000","23,260,000","23,771,000","23,254,000","23,713,000","23,722,000","25,850,000","26,153,000","25,420,000","25,902,000","29,764,000","29,189,000","29,073,000","26,801,000","27,965,000","25,736,000","24,102,000","24,414,000","25,406,000","24,104,000","23,236,000","22,512,000","22,428,000","22,328,000","23,233,000","22,232,000","24,320,000","25,519,000","24,065,000","23,668,000","23,236,000","23,520,000","22,328,000","21,255,000","20,601,000","23,033,000","19,908,000","20,113,000","27,458,000","21,200,000","19,893,000","20,679,000","21,251,000","20,524,000","20,344,000","19,798,000","23,032,000","15,222,000","14,894,000","14,010,000","15,027,000","12,003,000","11,328,000","11,159,000","11,390,000","11,045,000","10,804,000","10,202,785","10,765,861","10,316,051","10,317,250","10,180,837","11,064,682","11,227,836","12,019,152","11,700,323","19,596,635","14,473,872","15,839,973","16,282,069","13,869,983","12,429,762","9,646,999","14,200,000","14,700,000","19,100,000","21,000,000","21,600,000","20,600,000","20,400,000","20,300,000","19,500,000","19,700,000","19,200,000","19,300,000","20,600,000","23,100,000","23,900,000","21,100,000","18,700,000","22,000,000","18,100,000","18,000,000","17,300,000","18,600,000","16,900,000","14,200,000","10,600,000","10,300,000","9,800,000","7,600,000","8,000,000","6,700,000","5,100,000","4,900,000","4,500,000","4,800,000","4,300,000","4,000,000","3,100,000","2,800,000","2,600,000","2,400,000","1,900,000",,,,,,,,
GrossProfit,"185,046,000","51,984,000","47,881,000","42,626,000","42,556,000","40,457,000","41,019,000","37,518,000","37,349,000","38,641,000","30,464,000","30,595,000","28,328,000","30,329,000","29,783,000","30,963,000","29,329,000","26,654,000","21,937,000","21,334,000","22,485,000","21,902,000","21,453,000","24,604,000","25,977,000","24,742,000","24,357,000","26,682,000","25,349,000","24,078,000","21,922,000","23,647,000","22,149,000","21,780,000","22,908,000","25,963,000","24,720,000","24,961,000","24,479,000","24,820,000","25,304,000","25,783,000","24,430,000","27,516,000","28,755,000","25,651,000","24,666,000","24,030,000","23,718,000","22,748,000","21,713,000","19,411,000","21,437,000","19,169,000","21,248,000","22,959,000","25,795,000","23,177,000","23,895,000","23,819,000","23,003,000","22,511,000","22,013,000","18,015,000","20,638,000","19,486,000","19,366,000","21,182,000","18,205,000","17,984,000","18,311,000","17,884,000","17,261,000","16,535,000","16,104,045","15,553,790","15,251,394","15,194,348","15,346,632","14,018,248","14,882,302","13,173,565","13,449,859","13,172,206","15,681,029","17,197,881","18,161,080","20,360,514","19,924,401","16,152,766","25,900,000","33,600,000","32,000,000","21,600,000","29,800,000","28,200,000","26,000,000","24,800,000","23,100,000","22,400,000","21,600,000","21,100,000","21,600,000","30,000,000","26,400,000","27,400,000","25,200,000","23,900,000","23,100,000","22,100,000","20,600,000","19,500,000","18,300,000","17,400,000","15,400,000","14,200,000","13,800,000","11,800,000","11,700,000","10,400,000","9,000,000","9,100,000","8,100,000","7,200,000","6,900,000","5,900,000","4,700,000","4,200,000","3,500,000","3,100,000","2,700,000",,,,,,,,
OperatingExpense,"166,169,000","44,420,000","43,973,000","39,340,000","38,437,000","36,926,000","40,432,000","32,309,000","34,403,000","34,879,000","30,947,000","28,487,000","26,727,000","29,544,000","24,292,000","28,947,000","27,102,000","26,151,000","24,060,000","17,170,000","19,261,000","20,390,000","19,031,000","19,566,000","20,858,000","20,987,000","20,417,000","22,417,000","22,528,000","22,618,000","23,542,000","23,221,000","22,429,000","22,429,000","22,199,000","22,049,000","22,828,000","24,579,000","22,807,000","20,266,000","22,259,000","22,294,000","23,378,000","22,746,000","22,591,000","22,009,000","22,001,000","20,761,000","21,174,000","20,905,000","19,884,000","18,308,000","18,882,000","18,570,000","20,482,000","21,162,000","19,972,000","19,523,000","19,297,000","17,608,000","17,905,000","17,797,000","17,708,000","12,634,000","16,887,000","16,274,000","16,488,000","16,205,000","14,222,000","13,788,000","14,210,000","14,068,000","13,994,000","14,115,000","13,824,578","13,954,569","13,867,775","13,821,243","14,028,830","17,933,280","17,005,105","20,891,897","14,612,217","17,122,963","16,009,166","16,689,199","16,602,756","21,217,599","19,750,932","22,648,708","24,500,000","27,700,000","26,100,000","25,500,000","26,900,000","24,900,000","17,600,000","18,000,000","17,400,000","17,800,000","19,000,000","20,500,000","23,300,000","27,600,000","23,600,000","19,500,000","18,100,000","16,600,000","16,100,000","15,400,000","14,100,000","13,200,000","12,000,000","11,600,000","9,600,000","8,800,000","8,600,000","7,000,000","6,800,000","5,900,000","5,400,000","5,500,000","4,900,000","4,200,000","4,100,000","3,000,000","2,400,000","2,200,000","2,000,000","1,500,000","1,400,000",,,,,,,,
	SellingGeneralAndAdministration,"114,763,000","30,601,000","30,561,000","27,539,000","26,063,000","25,571,000","29,339,000","21,299,000","23,511,000","23,347,000","20,616,000","18,594,000","18,143,000","19,975,000","14,774,000","20,342,000","18,897,000","17,534,000","16,309,000","9,908,000","11,841,000","13,411,000","12,126,000","12,154,000","12,910,000","13,230,000","12,579,000","14,085,000","14,154,000","14,839,000","15,980,000","15,353,000","15,176,000","15,018,000","14,942,000","14,520,000","15,222,000","16,804,000","15,390,000","13,263,000","14,480,000","14,541,000","15,146,000","14,621,000","14,731,000","14,160,000","14,193,000","13,659,000","14,015,000","13,827,000","13,398,000","11,920,000","12,059,000","12,374,000","12,818,000","14,235,000","12,977,000","12,994,000","12,708,000","11,511,000","11,866,000","11,729,000","11,736,000","7,000,000","11,485,000","11,263,000","11,673,000","11,524,000","10,444,000","9,968,000","9,958,000","9,868,000","10,000,000","9,662,000","9,313,739","10,032,392","10,137,550","10,136,931","9,883,621","12,497,859","12,532,219","12,447,311","10,886,569","11,882,824","11,401,187","11,639,290","12,044,733","16,386,018","11,797,797","12,792,914","14,200,000","13,900,000","15,200,000","16,500,000","17,100,000","17,000,000","12,000,000","12,400,000","11,900,000","12,700,000","13,600,000","13,800,000","15,900,000","18,200,000","17,500,000","13,600,000","12,700,000","11,400,000","11,400,000","11,100,000","10,700,000","9,600,000","8,700,000","8,200,000","9,000,000","8,400,000","8,100,000","6,300,000","6,400,000","5,500,000","5,000,000","5,100,000","4,500,000","3,700,000","3,700,000","2,800,000","2,200,000","2,000,000","1,900,000","1,500,000","1,300,000",,,,,,,,
		GeneralAndAdministrativeExpense,"50,120,000","12,825,000","15,242,000","11,901,000","10,153,000","10,134,000","14,415,000","8,288,000","10,378,000","8,791,000","8,555,000","7,376,000","6,751,000","8,441,000","3,117,000","8,355,000","7,302,000","6,359,000","6,549,000","1,510,000","3,337,000","4,680,000","3,804,000","3,617,000","4,283,000","5,065,000","4,061,000","5,066,000","4,720,000","4,540,000","5,188,000","5,254,000","5,317,000","4,619,000","4,723,000","5,067,000","4,850,000","6,390,000","5,116,000","4,380,000","4,560,000","4,201,000","5,047,000","4,536,000","4,597,000","4,628,000","4,395,000","4,581,000","4,926,000","4,224,000","4,158,000","3,841,000","3,435,000","3,398,000",,,,,,,,,,,,,,,,,,,,,,,,,,,,,,,,,,,,,,,,,,,,,,,,,,,,,,,,,,,,,,,,,,,,,,,,,,,,,,,,,,,,,
			OtherGandA,"50,120,000","12,825,000","15,242,000","11,901,000","10,153,000","10,134,000","14,415,000","8,288,000","10,378,000","8,791,000","8,555,000","7,376,000","6,751,000","8,441,000","3,117,000","8,355,000","7,302,000","6,359,000","6,549,000","1,510,000","3,337,000","4,680,000","3,804,000","3,617,000","4,283,000","5,065,000","4,061,000","5,066,000","4,720,000","4,540,000","5,188,000","5,254,000","5,317,000","4,619,000","4,723,000","5,067,000","4,850,000","6,390,000","5,116,000","4,380,000","4,560,000","4,201,000","5,047,000","4,536,000","4,597,000","4,628,000","4,395,000","4,581,000","4,926,000","4,224,000","4,158,000","3,841,000","3,435,000","3,398,000",,,,,,,,,,,,,,,,,,,,,,,,,,,,,,,,,,,,,,,,,,,,,,,,,,,,,,,,,,,,,,,,,,,,,,,,,,,,,,,,,,,,,
		SellingAndMarketingExpense,"64,643,000","17,776,000","15,319,000","15,638,000","15,910,000","15,437,000","14,924,000","13,011,000","13,133,000","14,556,000","12,061,000","11,218,000","11,392,000","11,534,000","11,657,000","11,987,000","11,595,000","11,175,000","9,760,000","8,398,000","8,504,000","8,731,000","8,322,000","8,537,000","8,627,000","8,165,000","8,518,000","9,019,000","9,434,000","10,299,000","10,792,000","10,099,000","9,859,000","10,399,000","10,219,000","9,453,000","10,372,000","10,414,000","10,274,000","8,883,000","9,920,000","10,340,000","10,099,000","10,085,000","10,134,000","9,532,000","9,798,000","9,078,000","9,089,000","9,603,000","9,240,000","8,079,000","8,624,000","8,976,000",,,,,,,,,,,,,,,,,,,,,,,,,,,,,,,,,,,,,,,,,,,,,,,,,,,,,,,,,,,,,,,,,,,,,,,,,,,,,,,,,,,,,
	ResearchAndDevelopment,"51,406,000","13,819,000","13,412,000","11,801,000","12,374,000","11,355,000","11,093,000","11,010,000","10,892,000","11,532,000","10,331,000","9,893,000","8,584,000","9,569,000","9,518,000","8,605,000","8,205,000","8,617,000","7,751,000","7,262,000","7,420,000","6,979,000","6,905,000","7,412,000","7,948,000","7,757,000","7,838,000","8,332,000","8,374,000","7,779,000","7,562,000","7,868,000","7,253,000","7,411,000","7,257,000","7,529,000","7,606,000","7,775,000","7,417,000","7,003,000","7,779,000","7,753,000","8,232,000","8,125,000","7,860,000","7,849,000","7,808,000","7,102,000","7,159,000","7,078,000","6,486,000","6,388,000","6,823,000","6,196,000","6,974,000","6,927,000","6,995,000","6,529,000","6,589,000","6,097,000","6,039,000","6,068,000","5,972,000","5,634,000","5,402,000","5,011,000","4,815,000","4,681,000","3,778,000","3,820,000","4,252,000","4,200,000","3,994,000","4,453,000","4,510,839","4,176,806","3,962,011","3,684,312","4,145,209","5,435,420","5,540,653","4,827,941","3,725,648","4,119,018","4,607,979","5,049,909","4,558,023","2,500,857","5,203,702","5,976,235","6,500,000","6,300,000","6,000,000","5,900,000","6,500,000","5,100,000","4,100,000","3,900,000","3,800,000","3,700,000","3,900,000","4,900,000","5,400,000","6,700,000","5,300,000","4,400,000","4,100,000","4,400,000","3,800,000","3,400,000","2,600,000","2,800,000","2,700,000","2,600,000",,,,,,,,,,,,,,,,,,,,,,,,,
	DepreciationAmortizationDepletionIncomeStatement,,,,,,,,,,,,,,,,,,,,,,,,,,,,,,,,,,,,,,,,"498,000","504,000","520,000","573,000",,"684,000","694,000","692,000",,"700,000","709,000","716,000",,"692,000",,"690,000",,"938,000",,,,,,,,,,,,,,,,,,,,,,,,,,,,,,,"2,330,724","2,749,433","3,879,559","3,800,000","7,500,000","4,900,000","3,100,000","3,300,000","2,800,000","1,500,000","1,700,000","1,700,000","1,400,000","1,500,000","1,800,000","2,000,000","2,700,000","800,000","1,500,000","1,300,000","800,000","900,000","900,000","800,000","800,000","600,000","800,000","600,000","400,000","500,000","700,000","400,000","400,000","400,000","400,000","400,000","500,000","400,000","200,000","200,000","200,000","100,000",,"100,000",,,,,,,,
		DepreciationAndAmortizationInIncomeStatement,,,,,,,,,,,,,,,,,,,,,,,,,,,,,,,,,,,,,,,,"498,000","504,000","520,000","573,000",,"684,000","694,000","692,000",,"700,000","709,000","716,000",,"692,000",,"690,000",,"938,000",,,,,,,,,,,,,,,,,,,,,,,,,,,,,,,"2,330,724","2,749,433","3,879,559","3,800,000","7,500,000","4,900,000","3,100,000","3,300,000","2,800,000","1,500,000","1,700,000","1,700,000","1,400,000","1,500,000","1,800,000","2,000,000","2,700,000","800,000","1,500,000","1,300,000","800,000","900,000","900,000","800,000","800,000","600,000","800,000","600,000","400,000","500,000","700,000","400,000","400,000","400,000","400,000","400,000","500,000","400,000","200,000","200,000","200,000","100,000",,"100,000",,,,,,,,
			Amortization,,,,,,,,,,,,,,,,,,,,,,,,,,,,,,,,,,,,,,,,"498,000","504,000","520,000","573,000",,"684,000","694,000","692,000",,"700,000","709,000","716,000",,"692,000",,"690,000",,"938,000",,,,,,,,,,,,,,,,,,,,,,,,,,,,,,,,,,,,,,,,,,,,,,,,,,,,,,,,,,,,,,,,,,,,,,,,,,,,,,,,,,
				AmortizationOfIntangiblesIncomeStatement,,,,,,,,,,,,,,,,,,,,,,,,,,,,,,,,,,,,,,,,"498,000","504,000","520,000","573,000",,"684,000","694,000","692,000",,"700,000","709,000","716,000",,"692,000",,"690,000",,"938,000",,,,,,,,,,,,,,,,,,,,,,,,,,,,,,,,,,,,,,,,,,,,,,,,,,,,,,,,,,,,,,,,,,,,,,,,,,,,,,,,,,
	OtherOperatingExpenses,,,,,,,,,,,,,,,,,,,,,,,,,,,,,,,,,,,,,,,,,,,,,,,,,,,,,,,,,"-938,000",,,,,,,,,,,,,,,,,,,"-254,629","-231,786",,,"1","-1,067,767","3,616,645",,,,,,,,,,,,,,,,,,,,,,,,,,,,,,,,,,,,,,,,,,,,,,,,,,,,,,,,,
OperatingIncome,"18,877,000","7,564,000","3,908,000","3,286,000","4,119,000","3,531,000","587,000","5,209,000","2,946,000","3,762,000","-483,000","2,108,000","1,601,000","785,000","5,491,000","2,016,000","2,227,000","503,000","-2,123,000","4,164,000","3,224,000","1,512,000","2,422,000","5,038,000","5,119,000","3,755,000","3,940,000","4,265,000","2,821,000","1,460,000","-1,620,000","426,000","-280,000","-649,000","709,000","3,914,000","1,892,000","382,000","1,672,000","4,554,000","3,045,000","3,489,000","1,052,000","4,770,000","6,164,000","3,642,000","2,665,000","3,269,000","2,544,000","1,843,000","1,829,000","1,103,000","2,555,000","1,607,000","766,000","1,797,000","5,823,000","3,654,000","4,598,000","6,211,000","5,098,000","4,714,000","4,305,000","5,381,000","3,751,000","3,212,000","2,878,000","4,977,000","3,983,000","4,196,000","4,101,000","3,816,000","3,267,000","2,420,000","2,279,467","1,599,221","1,383,619","1,373,105","1,317,802","-3,915,032","-2,122,803","-7,718,332","-1,162,358","-3,950,757","-328,137","508,682","1,558,324","-857,085","173,469","-6,495,942","1,400,000","5,900,000","5,900,000","-3,900,000","2,900,000","3,300,000","8,400,000","6,800,000","5,700,000","4,600,000","2,600,000","600,000","-1,700,000","2,400,000","2,800,000","7,900,000","7,100,000","7,300,000","7,000,000","6,700,000","6,500,000","6,300,000","6,300,000","5,800,000","5,800,000","5,400,000","5,200,000","4,800,000","4,900,000","4,500,000","3,600,000","3,600,000","3,200,000","3,000,000","2,800,000","2,900,000","2,300,000","2,000,000","1,500,000","1,600,000","1,300,000","-6,600,000","3,800,000","3,700,000","3,000,000","-3,600,000","2,300,000","1,800,000","1,600,000"
NetNonOperatingInterestIncomeExpense,"-10,099,000","-4,463,000","-4,898,000","-370,000","-368,000","-245,000","-402,000","-525,000","-878,000","-1,684,000","-201,000","168,000","205,000","142,000","116,000","89,000","92,000","34,000","205,000","219,000","153,000","110,000","126,000","99,000","43,000","12,000","100,000","80,000","42,000","54,000","38,000","44,000","35,000","49,000","43,000","45,000","58,000","13,000","52,000","64,000","71,000","59,000","72,000","57,000","35,000","42,000","31,000","50,000","68,000","58,000","41,000","92,000","208,000","354,000",,,,,,,,,,,,,,,,,,,,,,,,,,,,,,,,,,,,,,,,,,,,,,,,,,,,,,,,,,,,,,,,,,,,,,,,,,,,,,,,,,,,,
	InterestIncomeNonOperating,"16,000","2,000","5,000","6,000","3,000","1,000","0","1,000","22,000","50,000","231,000","176,000","205,000","144,000","208,000","102,000","97,000","38,000","208,000","222,000","155,000","120,000","159,000","164,000","143,000",,,,,,"38,000","44,000","39,000","50,000","43,000","50,000","58,000","50,000","52,000","72,000","71,000","74,000","72,000","64,000","61,000","69,000",,"78,000","94,000","90,000",,"147,000","275,000","404,000",,,,,,,,,,,,,,,,,,,,,,,,,,,,,,,,,,,,,,,,,,,,,,,,,,,,,,,,,,,,,,,,,,,,,,,,,,,,,,,,,,,,,
	InterestExpenseNonOperating,"10,115,000","4,465,000","4,903,000","376,000","371,000","246,000","402,000","526,000","900,000","1,734,000","432,000","8,000","0","2,000","92,000","13,000","5,000","4,000","3,000","3,000","2,000","10,000","33,000","65,000","100,000",,,,,,,"0","4,000","1,000",,"5,000","0","37,000",,"8,000","0","15,000","0","7,000","26,000","27,000",,"28,000","26,000","32,000",,"55,000","67,000","50,000",,,,,,,,,,,,,,,,,,,,,,,,,,,,,,,,,,,,,,,,,,,,,,,,,,,,,,,,,,,,,,,,,,,,,,,,,,,,,,,,,,,,,
	TotalOtherFinanceCost,,,,,,,,,,,,,"-205,000","-142,000","-116,000","-89,000","-92,000","-34,000","-205,000","-219,000","-153,000",,"-126,000","-99,000","-43,000","-12,000","-100,000","-80,000","-42,000","-54,000",,,,,,,,,,"-64,000","-71,000","-59,000","-72,000",,"-35,000","-42,000","-31,000",,"-68,000","-58,000","-41,000",,"-208,000",,,,,,,,,,,,,,,,,,,,,,,,,,,,,,,,,,,,,,,,,,,,,,,,,,,,,,,,,,,,,,,,,,,,,,,,,,,,,,,,,,,,,,
OtherIncomeExpense,"-202,000","139,000","-211,000","85,000","-215,000","-84,000","-925,000","-340,000","-158,000","51,000","-236,000","311,000","-154,000","257,000","115,000","-26,000","345,000","-527,000","-45,000","-134,000","-2,736,000","-143,000","574,000","-149,000","-353,000","-386,000","-528,000","-117,000","428,000","806,000","388,000","456,000","-69,000","21,000","12,000","-330,000","-59,000","475,000","124,000","-213,000","-1,155,000","-52,000","-89,000","-298,000","-378,000","-203,000","19,000","218,000","-16,000","653,000","3,000","-301,000","-1,394,000","41,000","-236,000","-505,000","-1,900,000",,,,,,,,,,,"-1,260,000","6,000","312,000","190,000","-641,000","105,000","-6,000","73,543","246,271","588,427","40,308","147,481","-3,342,550","1,551,447","-6,612,702","345,424","-3,075,179","588,219","539,437","1,170,665","-7,471,690","772,443","-17,929,782","500,000","700,000","800,000","-1,500,000",,"-39,900,000","2,100,000","500,000","300,000","-7,100,000","-1,400,000","-12,000,000","-1,400,000","-3,800,000","-100,000","200,000","400,000","600,000","600,000","500,000","300,000","400,000","200,000","300,000","300,000","400,000","400,000","400,000","400,000","400,000","400,000","400,000","400,000","200,000","200,000","200,000","300,000","300,000","300,000","300,000","200,000",,,,,,,,
	SpecialIncomeCharges,"-210,000","0","-109,000","0","-101,000","-161,000","-733,000","12,000","-91,000","-38,000","0","0","20,000","0","67,000","-111,000","-190,000",,,"0","-2,515,000","0","0","0","6,000","-102,000","-651,000","0","9,000","-518,000","0","0","0","0","-81,000","-350,000","0","37,000","0","-213,000","-1,155,000","-52,000","-89,000","-298,000","-378,000","-203,000","19,000","218,000","-16,000","653,000","3,000","-301,000","-1,394,000","41,000","-236,000","-505,000","-1,900,000",,,,,,,,,,,"-1,260,000","6,000","312,000","190,000","-641,000","105,000","-6,000","73,543","246,271","588,427","40,308","147,481","-3,342,550","1,551,447","-6,612,702","345,424","-3,075,179","588,219","539,437","1,170,665","-7,471,690","772,443","-17,929,782","500,000","700,000","800,000","-1,500,000",,"-39,900,000","2,100,000","500,000","300,000","-7,100,000","-1,400,000","-12,000,000","-1,400,000","-3,800,000","-100,000","200,000","400,000","600,000","600,000","500,000","300,000","400,000","200,000","300,000","300,000","400,000","400,000","400,000","400,000","400,000","400,000","400,000","400,000","200,000","200,000","200,000","300,000","300,000","300,000","300,000","200,000",,,,,,,,
		RestructuringAndMergernAcquisition,"210,000","0","109,000","0","101,000","161,000","733,000","-12,000","91,000","38,000","0","0","-20,000","0","-67,000","111,000","190,000",,,"0","2,515,000","0","0","0","-6,000","102,000","651,000","0","-9,000","518,000","0","0","0","0","81,000","350,000","0","-37,000","0","0","963,000","60,000","236,000","224,000","0","-20,000",,"-116,000","0","-352,000",,"0","1,953,000",,,,,,,,,,,,,,,,,,,,,,,"-164,478","-168,940","-134,018","-132,138",,,,,,"-298","-47,731",,,,,,,,,,,,,,,,,,,,,,,,,,,,,,,,,,,,,,,,,,,,,,,,,,,,,
		OtherSpecialCharges,,,,,,,,,,,,,,,,,,,,,,,,,,,,,,,,,,,,,,,,"213,000","192,000","-8,000","-147,000","74,000","378,000","223,000",,"-102,000","16,000","-301,000",,"301,000","-559,000",,,,,,,,,,,,,,,,,,,,,,,"-81,793","-419,487","93,710","-15,343",,,,,,"-587,921","-491,706",,,,,,,,,,,,,,,,,,,,,,,,,,,,,,,,,,,,,,,,,,,,,,,,,,,,,
	OtherNonOperatingIncomeExpenses,"8,000","139,000","-102,000","85,000","-114,000","77,000","-192,000","-352,000","-67,000","89,000","-236,000","311,000","-174,000","257,000","48,000","85,000","535,000","-527,000","-45,000","-134,000","-221,000","-143,000","574,000","-149,000","-359,000","-284,000","123,000","-117,000","419,000","1,324,000","388,000","456,000","-69,000","21,000","93,000","20,000","-59,000","438,000","124,000",,,,,,,,,,,,,,,,,,,,,,,,,,,,,,,,,,,,,,,,,,,,,,,,,,,,,,,,,,,,,,,,,,,,,,,,,,,,,,,,,,,,,,,,,,,,,,,,,,,,
PretaxIncome,"8,576,000","3,240,000","-1,201,000","3,001,000","3,536,000","3,202,000","-740,000","4,344,000","1,910,000","2,129,000","-920,000","2,587,000","1,652,000","1,184,000","5,722,000","2,079,000","2,664,000","10,000","-1,963,000","4,249,000","641,000","1,479,000","3,122,000","4,988,000","4,809,000","3,381,000","3,512,000","4,228,000","3,291,000","2,320,000","-1,194,000","926,000","-314,000","-579,000","764,000","3,629,000","1,891,000","870,000","1,848,000","4,405,000","1,961,000","3,496,000","1,035,000","4,529,000","5,821,000","3,481,000","2,684,000","3,537,000","2,596,000","2,554,000","1,832,000","894,000","1,369,000","994,000","1,025,000","-13,082,000","3,697,000","4,662,000","5,638,000","7,222,000","5,953,000","5,473,000","5,076,000","3,964,000","4,326,000","3,766,000","3,211,000","5,194,000","3,989,000","4,508,000","4,291,000","4,012,000","3,372,000","2,414,000","2,353,010","1,950,151","1,740,260","1,413,413","1,465,283","-6,288,984","-1,639,123","-10,714,389","-816,934","-3,852,822","260,082","1,048,119","2,728,989","-8,328,775","945,912","-15,737,004","1,900,000","6,600,000","6,700,000","-5,400,000","2,700,000","-36,600,000","10,400,000","7,200,000","5,900,000","-2,400,000","1,200,000","-11,200,000","-3,200,000","-1,400,000","2,700,000","8,100,000","7,400,000","7,700,000","7,400,000","7,100,000","7,000,000","6,700,000","6,500,000","6,200,000","6,000,000","5,700,000","5,600,000","5,200,000","5,200,000","4,700,000","4,100,000","4,100,000","3,600,000","3,300,000","3,100,000","3,100,000","2,500,000","2,400,000","1,800,000","1,800,000","1,400,000",,,,,,,,
TaxProvision,"-3,203,000","393,000","-2,388,000","-1,587,000","379,000","274,000","-433,000","-89,000","144,000","125,000","-1,128,000","301,000","4,000","-158,000","1,040,000","-1,529,000","43,000","367,000","2,606,000","-94,000","-694,000","148,000","765,000","1,144,000","532,000","1,155,000","381,000","1,243,000","795,000","874,000","-855,000","500,000","-213,000","-1,317,000","76,000","1,582,000","363,000","-130,000","618,000","1,943,000","-346,000","1,374,000","311,000","1,680,000","2,206,000","1,242,000","368,000","1,293,000","-1,216,000","868,000","633,000","-65,000","-24,000","279,000","9,000","1,319,000","1,712,000","1,565,000","1,968,000","1,646,000","-845,000","1,876,000","1,274,000","949,000","978,000","1,199,000","1,028,000","1,773,000","1,505,000","-4,291,000","1,330,000","1,127,000","978,000","676,000","705,903","145,146","527,444","-1,090,954","395,628","-1,933,223","-1,051,338","-3,379,588","-310,435","-1,912,434","120,927","492,831","1,364,495","-1,255,345","-1,567,267","-2,455,067","900,000","3,900,000","4,400,000","-2,900,000","1,300,000","1,000,000","4,000,000","2,500,000","2,100,000","1,500,000","1,100,000","-1,800,000","-600,000","1,200,000","900,000","2,800,000","2,600,000","2,300,000","2,600,000","2,500,000","2,500,000","2,400,000","2,300,000","2,100,000","2,000,000","2,400,000","1,800,000","1,700,000","1,700,000","1,400,000","1,200,000","1,300,000","1,200,000","1,000,000","1,000,000","1,100,000","800,000","900,000","500,000","500,000","500,000",,,,,,,,
NetIncomeCommonStockholders,"11,779,000","2,847,000","1,187,000","4,588,000","3,157,000","2,928,000","-307,000","4,433,000","1,766,000","2,004,000","208,000","2,286,000","1,648,000","1,342,000","4,682,000","3,608,000","2,621,000","-357,000","-4,569,000","4,343,000","1,335,000","1,331,000","2,357,000","3,844,000","4,277,000","2,137,000","6,450,000","2,985,000","2,496,000","1,446,000","-339,000","426,000","-101,000","738,000","688,000","2,047,000","1,528,000","1,000,000","1,230,000","2,462,000","2,307,000","2,122,000","724,000","2,849,000","3,615,000","2,239,000","2,316,000","2,244,000","3,812,000","1,686,000","1,199,000","959,000","1,393,000","715,000","1,016,000","3,599,000","1,985,000","3,097,000","3,670,000","5,576,000","6,798,000","3,597,000","3,802,000","3,015,000","3,348,000","2,567,000","2,183,000","3,421,000","2,484,000","8,799,000","2,961,000","2,885,000","2,394,000","1,738,000","1,647,107","1,805,005","1,212,816","2,504,367","-42,796,317","-4,355,761","-587,785","-7,334,801","-506,499","-3,842,241","139,155","555,288","1,364,494","-7,073,430","2,513,179","-13,281,937","1,000,000","2,700,000","2,300,000","-2,500,000","1,400,000","-37,600,000","6,400,000","4,700,000","3,800,000","-3,900,000","100,000","-9,400,000","-2,600,000","-2,600,000","1,800,000","5,300,000","4,800,000","5,400,000","4,800,000","4,600,000","4,500,000","4,300,000","4,200,000","4,100,000","4,000,000","3,300,000","3,800,000","3,500,000","3,600,000","3,300,000","2,900,000","2,800,000","2,400,000","2,300,000","2,100,000","2,000,000","1,700,000","1,500,000","1,300,000","1,300,000","900,000",,,,,,,,
	NetIncome,"11,779,000","2,847,000","1,187,000","4,588,000","3,157,000","2,928,000","-307,000","4,433,000","1,766,000","2,004,000","208,000","2,286,000","1,648,000","1,342,000","4,682,000","3,608,000","2,621,000","-357,000","-4,569,000","4,343,000","1,335,000","1,331,000","2,357,000","3,844,000","4,277,000","2,137,000","6,450,000","2,985,000","2,496,000","1,446,000","-339,000","426,000","-101,000","738,000","688,000","2,047,000","1,528,000","1,000,000","1,230,000","2,462,000","2,307,000","2,122,000","724,000","2,849,000","3,615,000","2,239,000","2,316,000","2,244,000","3,812,000","1,686,000","1,199,000","959,000","1,393,000","715,000","1,016,000","3,599,000","1,985,000","3,097,000","3,670,000","5,576,000","6,798,000","3,597,000","3,802,000","3,015,000","3,348,000","2,567,000","2,183,000","3,421,000","2,484,000","8,799,000","2,961,000","2,885,000","2,394,000","1,738,000","1,647,107","1,805,005","1,212,816","2,504,367","-42,796,317","-4,355,761","-587,785","-7,334,801","-506,499","-3,842,241","139,155","555,288","1,364,494","-7,073,430","2,513,179","-13,281,937","1,000,000","2,700,000","2,300,000","-2,500,000","1,400,000","-37,600,000","6,400,000","4,700,000","3,800,000","-3,900,000","100,000","-9,400,000","-2,600,000","-2,600,000","1,800,000","5,300,000","4,800,000","5,400,000","4,800,000","4,600,000","4,500,000","4,300,000","4,200,000","4,100,000","4,000,000","3,300,000","3,800,000","3,500,000","3,600,000","3,300,000","2,900,000","2,800,000","2,400,000","2,300,000","2,100,000","2,000,000","1,700,000","1,500,000","1,300,000","1,300,000","900,000",,,,,,,,
		NetIncomeIncludingNoncontrollingInterests,"11,779,000","2,847,000","1,187,000","4,588,000","3,157,000","2,928,000","-307,000","4,433,000","1,766,000","2,004,000","208,000","2,286,000","1,648,000","1,342,000","4,682,000","3,608,000","2,621,000","-357,000","-4,569,000","4,343,000","1,335,000","1,331,000","2,357,000","3,844,000","4,277,000","2,137,000","6,450,000","2,985,000","2,496,000","1,446,000","-339,000","426,000","-101,000","738,000","688,000","2,047,000","1,528,000","1,000,000","1,230,000","2,462,000","2,307,000","2,122,000","724,000","2,849,000","3,615,000","2,239,000","2,316,000","2,244,000","3,812,000","1,686,000","1,199,000","959,000","1,393,000","715,000","1,016,000","3,599,000","1,985,000","3,097,000","3,670,000","5,576,000","6,798,000","3,597,000","3,802,000","3,015,000","3,348,000","2,567,000","2,183,000","3,421,000","2,484,000","8,799,000","2,961,000","2,885,000","2,394,000","1,738,000","1,647,107","1,805,005","1,212,816","2,504,367","-42,796,317","-4,355,761","-587,785","-7,334,801","-506,499","-3,842,241","139,155","555,288","1,364,494","-7,073,430","2,513,179","-13,281,937","1,000,000","2,700,000","2,300,000","-2,500,000","1,400,000","-37,600,000","6,400,000","4,700,000","3,800,000","-3,900,000","100,000","-9,400,000","-2,600,000","-2,600,000","1,800,000","5,300,000","4,800,000","5,400,000","4,800,000","4,600,000","4,500,000","4,300,000","4,200,000","4,100,000","4,000,000","3,300,000","3,800,000","3,500,000","3,600,000","3,300,000","2,900,000","2,800,000","2,400,000","2,300,000","2,100,000","2,000,000","1,700,000","1,500,000","1,300,000","1,300,000","900,000","700,000","800,000","800,000","500,000","500,000","400,000","300,000","300,000"
			NetIncomeContinuousOperations,"11,779,000","2,847,000","1,187,000","4,588,000","3,157,000","2,928,000","-307,000","4,433,000","1,766,000","2,004,000","208,000","2,286,000","1,648,000","1,342,000","4,682,000","3,608,000","2,621,000","-357,000","-4,569,000","4,343,000","1,335,000","1,331,000","2,357,000","3,844,000","4,277,000","2,226,000","3,131,000","2,985,000","2,496,000","1,446,000","-339,000","426,000","-101,000","738,000","688,000","2,047,000","1,528,000","1,000,000","1,230,000","2,462,000","2,307,000","2,122,000","724,000","2,849,000","3,615,000","2,239,000","2,316,000","2,244,000","3,812,000","1,686,000","1,199,000","959,000","1,393,000","715,000","1,016,000","3,599,000","1,985,000","3,097,000","3,670,000","5,576,000","6,798,000","3,597,000","3,802,000","3,015,000","3,348,000","2,567,000","2,183,000","3,421,000","2,484,000","8,799,000","2,961,000","2,885,000","2,394,000","1,738,000","1,647,107","1,805,005","1,212,816","2,504,367","1,069,655","-4,355,761","-587,785","-7,334,801","-506,499","-1,940,388","139,155","555,288","1,364,494","-7,073,430","2,513,179","-13,281,937","1,000,000","2,700,000","2,300,000","-2,500,000","1,400,000","-37,600,000","6,400,000","4,700,000","3,800,000","-3,900,000","100,000","-9,400,000","-2,600,000","-2,600,000","1,800,000","5,300,000","4,800,000","5,400,000","4,800,000","4,600,000","4,500,000","4,300,000","4,200,000","4,100,000","4,000,000","3,300,000","3,800,000","3,500,000","3,500,000","3,300,000","2,900,000","2,800,000","2,400,000","2,300,000","2,100,000","2,000,000","1,700,000","1,500,000","1,300,000","1,300,000","900,000","700,000","800,000","800,000","500,000","500,000","400,000","300,000","300,000"
			NetIncomeDiscontinuousOperations,,,,,,,,,,,,,,,,,,,,"0","0","0","0","0","0","-89,000","3,319,000",,,,,,,,,,,,,,,,,,,,,,,,,,,,,,,,,,,,,,,,,,,,,,,,,,,,,,,,,,,,,,,,,,,,,,,,,,,,,,,,,,,,,,,,,,,,,,,,,,,,,,,,,,,,,,,,
			NetIncomeExtraordinary,,,,,,,,,,,,,,,,,,,,,,,,,,,,,,,,,,,,,,,,,,,,,,,,,,,,,,,,,,,,,,,,,,,,,,,,,,,,"0",,,"-43,865,972",,,,,,,,,,,,,,,,,,,,,,,,,,,,,,,,,,,,,"0",,,"100,000",,,,,,,,,,,,,,,,,,,,
DilutedNIAvailtoComStockholders,"11,779,000","2,847,000","1,187,000","4,588,000","3,157,000","2,928,000","-307,000","4,433,000","1,766,000","2,004,000","208,000","2,286,000","1,648,000","1,342,000","4,682,000","3,608,000","2,621,000","-357,000","-4,569,000","4,343,000","1,335,000","1,331,000","2,357,000","3,844,000","4,277,000","2,137,000","6,450,000","2,985,000","2,496,000","1,446,000","-339,000","426,000","-101,000","738,000","688,000","2,047,000","1,528,000","1,000,000","1,230,000","2,462,000","2,307,000","2,122,000","724,000","2,849,000","3,615,000","2,239,000","2,316,000","2,244,000","3,812,000","1,686,000","1,199,000","959,000","1,393,000","715,000","1,016,000","3,599,000","1,985,000","3,097,000","3,670,000","5,576,000","6,798,000","3,597,000","3,802,000","3,015,000","3,348,000","2,567,000","2,183,000","3,421,000","2,484,000","8,799,000","2,961,000","2,885,000","2,394,000","1,738,000","1,647,107","1,805,005","1,212,816","2,504,367","-42,796,317","-4,355,761","-587,785","-7,334,801","-506,499","-3,842,241","139,155","555,288","1,364,494","-7,073,430","2,513,179","-13,281,937","1,000,000","2,700,000","2,300,000","-2,500,000","1,400,000","-37,600,000","6,400,000","4,700,000","3,800,000","-3,900,000","100,000","-9,400,000","-2,600,000","-2,600,000","1,800,000","5,300,000","4,800,000","5,400,000","4,800,000","4,600,000","4,500,000","4,300,000","4,200,000","4,100,000","4,000,000","3,300,000","3,800,000","3,500,000","3,600,000","3,300,000","2,900,000","2,800,000","2,400,000","2,300,000","2,100,000","2,000,000","1,700,000","1,500,000","1,300,000","1,300,000","900,000",,,,,,,,
BasicEPS,,"0.08","0.03","0.13","0.09","0.09","-0.01","0.15","0.06","0.07","0.01","0.08","0.06","0.05","0.17","0.13","0.1","-0.01","-0.17","0.16","0.05","0.05","0.09","0.15","0.17","0.08","0.25","0.12","0.1","0.06","-0.01","0.02","-0.004","0.03","0.03","0.08","0.06","0.04","0.05","0.1","0.09","0.08","0.03",,"0.14","0.09","0.09",,"0.15","0.07","0.05",,"0.06","0.03","0.04",,"0.08","0.12","0.14",,"0.27","0.14","0.15",,"0.14","0.11","0.1",,"0.11","0.39","0.13",,"0.11","0.08","0.08",,"0.06","0.12","-1.94",,"-0.03","-0.39","-0.03",,"0.01","0.04","0.09",,"0.17","-0.88","0.07",,"0.15","-0.17","0.09",,"0.47","0.35","0.28",,"0.01","-0.7","-0.19",,"0.13","0.39","0.35",,"0.35","0.33","0.32",,"0.29","0.28","0.28",,"0.26","0.25","0.26",,"0.21","0.133","0.113",,"0.113","0.107","0.047",,"0.037","0.033","0.027",,"0.03","0.03","0.02",,"0.017","0.01","0.013"
DilutedEPS,,"0.08","0.03","0.13","0.09","0.09","-0.01","0.15","0.06","0.07","0.01","0.08","0.06","0.05","0.17","0.13","0.09","-0.01","-0.17","0.16","0.05","0.05","0.09","0.14","0.16","0.08","0.25","0.12","0.1","0.06","-0.01","0.02","-0.004","0.03","0.03","0.08","0.06","0.04","0.05","0.09","0.09","0.08","0.03",,"0.14","0.09","0.09",,"0.15","0.07","0.05",,"0.06","0.03","0.04",,"0.08","0.12","0.14",,"0.26","0.14","0.15",,"0.14","0.11","0.09",,"0.11","0.37","0.127",,"0.11","0.08","0.08",,"0.06","0.12","-1.94",,"-0.03","-0.39","-0.03",,"0.01","0.04","0.09",,"0.17","-0.88","0.07",,"0.15","-0.17","0.09",,"0.45","0.33","0.27",,"0.01","-0.7","-0.19",,"0.13","0.39","0.35",,"0.35","0.33","0.32",,"0.29","0.28","0.28",,"0.26","0.25","0.26",,"0.21","0.133","0.113",,"0.113","0.107","0.047",,"0.037","0.033","0.027",,"0.03","0.03","0.02",,"0.017","0.01","0.013"
BasicAverageShares,,"35,015,000","34,560,000","34,161,000","34,057,000","30,900,000","29,374,000","29,079,000","28,972,000","28,881,000","28,467,000","28,172,000","28,072,000","27,866,000","27,513,000","27,323,000","27,177,000","27,084,000","26,748,000","26,557,000","26,522,000","26,477,000","26,175,000","25,987,000","25,904,000","25,820,000","25,331,000","24,998,000","24,938,000","24,492,000","24,150,000","24,715,000","25,274,000","25,644,000","25,716,000","25,666,000","25,849,000","26,138,000","26,188,000","25,853,000","25,770,000","25,709,000","25,639,000",,"25,369,000","25,230,000","25,110,000",,"24,930,000","24,816,000","24,701,000",,"24,607,000","24,953,000","25,381,000",,"25,742,000","25,714,000","25,619,000",,"25,294,000","25,186,000","25,078,000",,"23,124,000","23,001,000","22,781,000",,"22,588,000","22,477,000","22,082,000",,"21,468,000","21,091,000","20,497,909",,"20,599,156","21,234,643","22,068,349",,"22,176,086","18,924,732","15,369,376",,"15,243,716","15,207,896","15,166,642",,"15,095,436","15,062,575","14,967,793",,"15,333,333","14,705,882","15,555,556",,"13,617,021","13,428,571","13,571,429",,"10,000,000","13,428,571","13,684,211",,"13,846,154","13,589,744","13,714,286",,"13,714,286","13,939,394","14,062,500",,"14,482,759","14,642,857","14,285,714",,"14,615,385","14,000,000","13,846,154",,"13,809,524","13,532,000","13,515,000",,"11,900,000","11,958,000","11,849,000",,"11,789,000","11,549,000","11,450,000",,,,,,,,
DilutedAverageShares,,"35,608,000","35,767,000","35,421,000","35,148,000","32,223,000","29,374,000","29,678,000","29,187,000","29,486,000","29,614,000","28,916,000","28,589,000","28,438,000","28,075,000","28,160,000","27,764,000","27,084,000","26,748,000","26,885,000","26,956,000","27,252,000","26,972,000","26,621,000","26,300,000","25,998,000","26,171,000","25,846,000","25,710,000","25,273,000","24,150,000","24,988,000","25,274,000","26,144,000","26,229,000","26,039,000","26,114,000","26,476,000","26,434,000","26,188,000","26,043,000","26,205,000","26,143,000",,"25,879,000","25,692,000","25,445,000",,"25,272,000","25,213,000","24,979,000",,"24,875,000","25,195,000","25,679,000",,"26,079,000","26,312,000","26,593,000",,"26,152,000","25,959,000","25,983,000",,"23,904,000","23,687,000","23,486,000",,"23,296,000","23,645,000","23,309,000",,"22,224,000","22,005,000","21,276,303",,"20,785,859","21,314,533","22,085,535",,"22,176,086","18,924,732","15,369,376",,"15,319,619","15,215,892","15,184,697",,"15,100,718","15,337,788","15,337,788",,"15,333,333","14,705,882","15,555,556",,"14,222,222","14,242,424","14,074,074",,"10,000,000","13,428,571","13,684,211",,"13,846,154","13,589,744","13,714,286",,"13,714,286","13,939,394","14,062,500",,"14,482,759","14,642,857","14,285,714",,"14,615,385","14,000,000","13,846,154",,"13,809,524","13,532,000","13,515,000",,"11,900,000","11,958,000","11,849,000",,"11,789,000","11,549,000","11,450,000",,,,,,,,
TotalOperatingIncomeAsReported,"18,667,000","7,564,000","3,799,000","3,286,000","4,018,000","3,370,000","-146,000","5,221,000","2,855,000","3,724,000","-483,000","2,108,000","1,621,000","785,000","5,558,000","1,905,000","2,037,000","503,000","-2,123,000","4,164,000","709,000","1,512,000","2,422,000","5,038,000","5,125,000","3,653,000","3,289,000","4,265,000","2,830,000","942,000","-1,620,000","426,000","-280,000","-649,000","628,000","3,564,000","1,892,000","419,000","1,672,000","4,554,000","2,082,000","3,429,000","816,000","4,546,000","6,164,000","3,662,000","2,665,000","3,385,000","2,544,000","2,195,000","1,829,000","1,103,000","602,000","599,000","766,000","4,778,000","2,985,000","3,654,000","4,598,000","6,211,000","5,098,000","4,714,000","4,305,000","3,381,000","3,751,000","3,212,000","2,878,000","4,977,000","3,683,000","4,196,000","4,101,000","3,816,000","3,267,000","2,420,000","2,279,467","1,763,699","1,552,559","1,507,123","1,449,940","-6,611,012","-2,122,803","-10,818,332","-1,162,358","-4,180,824","-327,839","556,413","1,558,324","-857,085","173,469","-6,495,942","1,400,000","5,900,000","5,900,000","-3,900,000","2,900,000","3,300,000","8,400,000","6,800,000","5,700,000","4,600,000","2,600,000","600,000","-1,700,000","2,400,000","2,800,000","7,900,000","7,100,000","7,300,000","7,000,000","6,700,000","6,500,000","6,300,000","6,300,000","5,800,000","5,800,000","5,400,000","5,200,000","4,800,000","4,900,000","4,500,000","3,600,000","3,600,000","3,200,000","3,000,000","2,800,000","2,900,000","2,300,000","2,000,000","1,500,000","1,600,000","1,300,000",,,,,,,,
TotalExpenses,"318,278,000","87,149,000","80,349,000","75,820,000","74,960,000","73,770,000","72,559,000","67,960,000","67,392,000","69,685,000","62,800,000","62,852,000","59,565,000","64,979,000","56,822,000","63,646,000","60,489,000","54,288,000","47,320,000","40,941,000","42,515,000","44,103,000","42,753,000","45,416,000","47,011,000","46,407,000","46,319,000","52,181,000","51,717,000","51,691,000","50,343,000","51,186,000","48,165,000","46,531,000","46,613,000","47,455,000","46,932,000","47,815,000","45,319,000","42,694,000","44,587,000","45,527,000","45,610,000","47,066,000","48,110,000","46,074,000","45,669,000","43,997,000","44,694,000","43,233,000","41,139,000","38,909,000","41,915,000","38,478,000","40,595,000","48,620,000","41,172,000","39,416,000","39,976,000","38,859,000","38,429,000","38,141,000","37,506,000","35,666,000","32,109,000","31,168,000","30,498,000","31,232,000","26,225,000","25,116,000","25,369,000","25,458,000","25,039,000","24,919,000","24,027,363","24,720,430","24,183,826","24,138,493","24,209,667","28,997,962","28,232,941","32,911,049","26,312,540","36,719,598","30,483,038","32,529,172","32,884,825","35,087,582","32,180,694","32,295,707","38,700,000","42,400,000","45,200,000","46,500,000","48,500,000","45,500,000","38,000,000","38,300,000","36,900,000","37,500,000","38,200,000","39,800,000","43,900,000","50,700,000","47,500,000","40,600,000","36,800,000","38,600,000","34,200,000","33,400,000","31,400,000","31,800,000","28,900,000","25,800,000","20,200,000","19,100,000","18,400,000","14,600,000","14,800,000","12,600,000","10,500,000","10,400,000","9,400,000","9,000,000","8,400,000","7,000,000","5,500,000","5,000,000","4,600,000","3,900,000","3,300,000",,,,,,,,
NetIncomeFromContinuingAndDiscontinuedOperation,"11,779,000","2,847,000","1,187,000","4,588,000","3,157,000","2,928,000","-307,000","4,433,000","1,766,000","2,004,000","208,000","2,286,000","1,648,000","1,342,000","4,682,000","3,608,000","2,621,000","-357,000","-4,569,000","4,343,000","1,335,000","1,331,000","2,357,000","3,844,000","4,277,000","2,137,000","6,450,000","2,985,000","2,496,000","1,446,000","-339,000","426,000","-101,000","738,000","688,000","2,047,000","1,528,000","1,000,000","1,230,000","2,462,000","2,307,000","2,122,000","724,000","2,849,000","3,615,000","2,239,000","2,316,000","2,244,000","3,812,000","1,686,000","1,199,000","959,000","1,393,000","715,000","1,016,000","3,599,000","1,985,000","3,097,000","3,670,000","5,576,000","6,798,000","3,597,000","3,802,000","3,015,000","3,348,000","2,567,000","2,183,000","3,421,000","2,484,000","8,799,000","2,961,000","2,885,000","2,394,000","1,738,000","1,647,107","1,805,005","1,212,816","2,504,367","1,069,655","-4,355,761","-587,785","-7,334,801","-506,499","-1,940,388","139,155","555,288","1,364,494","-7,073,430","2,513,179","-13,281,937","1,000,000","2,700,000","2,300,000","-2,500,000","1,400,000","-37,600,000","6,400,000","4,700,000","3,800,000","-3,900,000","100,000","-9,400,000","-2,600,000","-2,600,000","1,800,000","5,300,000","4,800,000","5,400,000","4,800,000","4,600,000","4,500,000","4,300,000","4,200,000","4,100,000","4,000,000","3,300,000","3,800,000","3,500,000","3,500,000","3,300,000","2,900,000","2,800,000","2,400,000","2,300,000","2,100,000","2,000,000","1,700,000","1,500,000","1,300,000","1,300,000","900,000",,,,,,,,
NormalizedIncome,"11,905,000","2,847,000","1,266,570","4,588,000","3,247,174.491","3,075,222.986","228,090","4,424,240","1,850,139.267","2,039,768.906","208,000","2,286,000","1,628,048.426","1,342,000","4,627,177.56","3,689,030","2,807,933.183","-357,000","-4,569,000","4,343,000","2,844,000","1,331,000","2,357,000","3,844,000","4,271,663.755","2,293,155.28","3,711,376.139","2,985,000","2,489,174.111","1,768,856.897","-339,000","426,000","-101,000","738,000","760,981","2,274,500","1,528,000","975,950","1,230,000","2,600,450","3,057,750","2,153,562.929","786,257.005","3,036,459.042","3,849,748.325","2,369,570.813","2,299,605.067","2,105,692.96","3,822,400","1,254,927.956","1,197,036.572","1,154,650","2,299,100","685,508.048","1,249,927.805","3,927,250","3,220,000","3,097,000","3,670,000","5,576,000","6,798,000","3,597,000","3,802,000","3,015,000","3,348,000","2,567,000","2,183,000","4,250,892.183","2,480,263.725","8,611,800","2,829,890.701","3,345,938.435","2,319,453.737","1,742,319.801","1,595,626.9","1,577,063.478","802,731.484","2,480,182.2","961,994.03","-2,040,705.193","-1,518,653.2","-2,807,911.67","-720,661.846","-95,280.6","-213,776.4","231,625.8","662,095","-727,901.852","2,049,713.2","1,850,691.482","700,000","2,280,000","1,820,000","-1,600,000","1,400,000","-13,660,000","5,107,692.308","4,373,611.111","3,606,779.661","360,000","940,000","671,428.571","-1,462,500","-320,000","1,866,666.667","5,169,135.802","4,540,540.541","4,979,220.779","4,410,810.811","4,276,056.338","4,307,142.857","4,043,283.582","4,070,769.231","3,901,612.903","3,800,000","3,060,000","3,528,571.429","3,230,769.231","3,230,769.231","3,019,148.936","2,617,073.171","2,526,829.268","2,133,333.333","2,160,606.061","1,964,516.129","1,870,967.742","1,496,000","1,312,500","1,083,333.333","1,083,333.333","771,428.571",,,,,,,,
InterestIncome,"16,000","2,000","5,000","6,000","3,000","1,000","0","1,000","22,000","50,000","231,000","176,000","205,000","144,000","208,000","102,000","97,000","38,000","208,000","222,000","155,000","120,000","159,000","164,000","143,000",,,,,,"38,000","44,000","39,000","50,000","43,000","50,000","58,000","50,000","52,000","72,000","71,000","74,000","72,000","64,000","61,000","69,000",,"78,000","94,000","90,000",,"147,000","275,000","404,000",,,,,,,,,,,,,,,,,,,,,,,,,,,,,,,,,,,,,,,,,,,,,,,,,,,,,,,,,,,,,,,,,,,,,,,,,,,,,,,,,,,,,
InterestExpense,"10,115,000","4,465,000","4,903,000","376,000","371,000","246,000","402,000","526,000","900,000","1,734,000","432,000","8,000","0","2,000","92,000","13,000","5,000","4,000","3,000","3,000","2,000","10,000","33,000","65,000","100,000",,,,,,,"0","4,000","1,000",,"5,000","0","37,000",,"8,000","0","15,000","0","7,000","26,000","27,000",,"28,000","26,000","32,000",,"55,000","67,000","50,000",,,,,,,,,,,,,,,,,,,,,,,,,,,,,,,,,,,,,,,,,,,,,,,,,,,,,,,,,,,,,,,,,,,,,,,,,,,,,,,,,,,,,
NetInterestIncome,"-10,099,000","-4,463,000","-4,898,000","-370,000","-368,000","-245,000","-402,000","-525,000","-878,000","-1,684,000","-201,000","168,000","205,000","142,000","116,000","89,000","92,000","34,000","205,000","219,000","153,000","110,000","126,000","99,000","43,000","12,000","100,000","80,000","42,000","54,000","38,000","44,000","35,000","49,000","43,000","45,000","58,000","13,000","52,000","64,000","71,000","59,000","72,000","57,000","35,000","42,000","31,000","50,000","68,000","58,000","41,000","92,000","208,000","354,000",,,,,,,,,,,,,,,,,,,,,,,,,,,,,,,,,,,,,,,,,,,,,,,,,,,,,,,,,,,,,,,,,,,,,,,,,,,,,,,,,,,,,
EBIT,"18,691,000","7,705,000","3,702,000","3,377,000","3,907,000","3,448,000","-338,000","4,870,000","2,810,000","3,863,000","-488,000","2,595,000","1,652,000","1,186,000","5,814,000","2,092,000","2,669,000","14,000","-1,960,000","4,252,000","643,000","1,489,000","3,155,000","5,053,000","4,909,000","3,755,000","3,940,000","5,988,000","2,821,000","1,460,000","-1,620,000","926,000","-310,000","-578,000","709,000","3,634,000","1,891,000","907,000","1,672,000","4,413,000","1,961,000","3,511,000","1,035,000","4,536,000","5,847,000","3,508,000","2,665,000","3,565,000","2,622,000","2,586,000","1,829,000","949,000","1,436,000","1,044,000","766,000","1,797,000","5,823,000","3,654,000","4,598,000","6,211,000","5,098,000","4,714,000","4,305,000","5,381,000","3,751,000","3,212,000","2,878,000","4,977,000","3,983,000","4,196,000","4,101,000","3,816,000","3,267,000","2,420,000","2,279,467","1,599,221","1,383,619","1,373,105","1,317,802","-3,915,032","-2,122,803","-7,718,332","-1,162,358","-3,950,757","-328,137","508,682","1,558,324","-857,085","173,469","-6,495,942","1,400,000","5,900,000","5,900,000","-3,900,000","2,900,000","3,300,000","8,400,000","6,800,000","5,700,000","4,600,000","2,600,000","600,000","-1,700,000","2,400,000","2,800,000","7,900,000","7,100,000","7,300,000","7,000,000","6,700,000","6,500,000","6,300,000","6,300,000","5,800,000","5,800,000","5,400,000","5,200,000","4,800,000","4,900,000","4,500,000","3,600,000","3,600,000","3,200,000","3,000,000","2,800,000","2,900,000","2,300,000","2,000,000","1,500,000","1,600,000","1,300,000","-6,600,000","3,800,000","3,700,000","3,000,000","-3,600,000","2,300,000","1,800,000","1,600,000"
EBITDA,"46,162,000"
ReconciledCostOfRevenue,"152,109,000","42,729,000","36,376,000","36,480,000","36,523,000","36,844,000","32,127,000","35,651,000","32,989,000","34,806,000","31,853,000","34,365,000","32,838,000","35,435,000","32,530,000","34,699,000","33,387,000","28,137,000","23,260,000","23,771,000","23,254,000","23,713,000","23,722,000","25,850,000","26,153,000","25,420,000","25,902,000","29,764,000","29,189,000","29,073,000","26,801,000","27,965,000","25,736,000","24,102,000","24,414,000","25,406,000","24,104,000","23,236,000","22,512,000","22,428,000","22,328,000","23,233,000","22,232,000","24,320,000","25,519,000","24,065,000","23,668,000","23,236,000","23,520,000","22,328,000","21,255,000","20,601,000","23,033,000","19,908,000","18,359,000","27,458,000","20,003,000","19,893,000","20,679,000","21,251,000","20,524,000","20,344,000","19,798,000","23,032,000","15,222,000","14,894,000","14,010,000","15,027,000","12,003,000","11,328,000","11,159,000","11,390,000","11,045,000","10,804,000","10,202,785","10,765,861","10,316,051","10,317,250","10,180,837","11,064,682","11,227,836","12,019,152","11,700,323","19,596,635","14,473,872","15,839,973","16,282,069","13,869,983","12,429,762","9,646,999","14,200,000","14,700,000","19,100,000","21,000,000","21,600,000","20,600,000","20,400,000","20,300,000","19,500,000","19,700,000","19,200,000","19,300,000","20,600,000","23,100,000","23,900,000","21,100,000","18,700,000","22,000,000","18,200,000","17,900,000","17,300,000","18,600,000","17,200,000","14,100,000","10,600,000","10,300,000","9,900,000","7,600,000","8,000,000","6,700,000","5,100,000","4,800,000","4,500,000","4,800,000","4,300,000","4,000,000","3,100,000","2,800,000","2,600,000","2,400,000","1,900,000",,,,,,,,
ReconciledDepreciation,"27,471,000","8,784,000","7,862,000","5,677,000","5,148,000","5,002,000","5,050,000","5,140,000","5,306,000","5,236,000","3,617,000","3,384,000","3,186,000","3,153,000","3,673,000","3,264,000","3,313,000","3,288,000","2,405,000","1,468,000","1,639,000","1,389,000","1,001,000","1,052,000","1,156,000","1,214,000","1,192,000","1,403,000","1,474,000","1,460,000","1,522,000","1,665,000","1,762,000","1,870,000","1,849,000","2,000,000","1,968,000","1,990,000","1,919,000","1,795,000","1,977,000","2,014,000","2,029,000","2,069,000","2,262,000","2,436,000","2,410,000","2,388,000","2,542,000","2,594,000","2,609,000","2,627,000","2,565,000","2,421,000","2,444,000","2,391,000","2,135,000","2,295,000","2,497,000","2,518,000","2,517,000","2,538,000","2,592,000","2,873,000","2,596,000","2,577,000","2,520,000","2,493,000","2,188,000","2,051,000","2,138,000","2,101,000","2,131,000","2,158,187","2,206,813","2,338,590","2,662,294","2,789,085","2,512,879","3,268,808","3,228,212","2,816,419","2,254,713","2,735,725","2,363,265","2,123,632","2,675,447","2,330,724","2,749,433","3,879,559","3,800,000","7,500,000","4,900,000","3,100,000","3,300,000","2,800,000","1,500,000","1,700,000","1,700,000","1,400,000","1,500,000","1,800,000","2,000,000","2,700,000","800,000","1,500,000","1,300,000","800,000","800,000","1,000,000","800,000","800,000","300,000","900,000","600,000","400,000","400,000","700,000","400,000","400,000","400,000","500,000","400,000","500,000","400,000","200,000","200,000","200,000","100,000","0","100,000",,,,,,,,
NetIncomeFromContinuingOperationNetMinorityInterest,"11,779,000","2,847,000","1,187,000","4,588,000","3,157,000","2,928,000","-307,000","4,433,000","1,766,000","2,004,000","208,000","2,286,000","1,648,000","1,342,000","4,682,000","3,608,000","2,621,000","-357,000","-4,569,000","4,343,000","1,335,000","1,331,000","2,357,000","3,844,000","4,277,000","2,226,000","3,131,000","2,985,000","2,496,000","1,446,000","-339,000","426,000","-101,000","738,000","688,000","2,047,000","1,528,000","1,000,000","1,230,000","2,462,000","2,307,000","2,122,000","724,000","2,849,000","3,615,000","2,239,000","2,316,000","2,244,000","3,812,000","1,686,000","1,199,000","959,000","1,393,000","715,000","1,016,000","3,599,000","1,985,000","3,097,000","3,670,000","5,576,000","6,798,000","3,597,000","3,802,000","3,015,000","3,348,000","2,567,000","2,183,000","3,421,000","2,484,000","8,799,000","2,961,000","2,885,000","2,394,000","1,738,000","1,647,107","1,805,005","1,212,816","2,504,367","1,069,655","-4,355,761","-587,785","-7,334,801","-506,499","-1,940,388","139,155","555,288","1,364,494","-7,073,430","2,513,179","-13,281,937","1,000,000","2,700,000","2,300,000","-2,500,000","1,400,000","-37,600,000","6,400,000","4,700,000","3,800,000","-3,900,000","100,000","-9,400,000","-2,600,000","-2,600,000","1,800,000","5,300,000","4,800,000","5,400,000","4,800,000","4,600,000","4,500,000","4,300,000","4,200,000","4,100,000","4,000,000","3,300,000","3,800,000","3,500,000","3,500,000","3,300,000","2,900,000","2,800,000","2,400,000","2,300,000","2,100,000","2,000,000","1,700,000","1,500,000","1,300,000","1,300,000","900,000",,,,,,,,
TotalUnusualItemsExcludingGoodwill,"-210,000","0","-109,000","0","-101,000","-161,000","-733,000","12,000","-91,000","-38,000","0","0","20,000","0","67,000","-111,000","-190,000",,,"0","-2,515,000","0","0","0","6,000","-102,000","-651,000","0","9,000","-518,000","0","0","0","0","-81,000","-350,000","0","37,000","0","-213,000","-1,155,000","-52,000","-89,000","-298,000","-378,000","-203,000","19,000","218,000","-16,000","653,000","3,000","-301,000","-1,394,000","41,000","-236,000","-505,000","-1,900,000",,,,,,,,,,,"-1,260,000","6,000","312,000","190,000","-641,000","105,000","-6,000","73,543","246,271","588,427","40,308","147,481","-3,342,550","1,551,447","-6,612,702","345,424","-3,075,179","588,219","539,437","1,170,665","-7,471,690","772,443","-17,929,782","500,000","700,000","800,000","-1,500,000",,"-39,900,000","2,100,000","500,000","300,000","-7,100,000","-1,400,000","-12,000,000","-1,400,000","-3,800,000","-100,000","200,000","400,000","600,000","600,000","500,000","300,000","400,000","200,000","300,000","300,000","400,000","400,000","400,000","400,000","400,000","400,000","400,000","400,000","200,000","200,000","200,000","300,000","300,000","300,000","300,000","200,000",,,,,,,,
TotalUnusualItems,"-210,000","0","-109,000","0","-101,000","-161,000","-733,000","12,000","-91,000","-38,000","0","0","20,000","0","67,000","-111,000","-190,000",,,"0","-2,515,000","0","0","0","6,000","-102,000","-651,000","0","9,000","-518,000","0","0","0","0","-81,000","-350,000","0","37,000","0","-213,000","-1,155,000","-52,000","-89,000","-298,000","-378,000","-203,000","19,000","218,000","-16,000","653,000","3,000","-301,000","-1,394,000","41,000","-236,000","-505,000","-1,900,000",,,,,,,,,,,"-1,260,000","6,000","312,000","190,000","-641,000","105,000","-6,000","73,543","246,271","588,427","40,308","147,481","-3,342,550","1,551,447","-6,612,702","345,424","-3,075,179","588,219","539,437","1,170,665","-7,471,690","772,443","-17,929,782","500,000","700,000","800,000","-1,500,000",,"-39,900,000","2,100,000","500,000","300,000","-7,100,000","-1,400,000","-12,000,000","-1,400,000","-3,800,000","-100,000","200,000","400,000","600,000","600,000","500,000","300,000","400,000","200,000","300,000","300,000","400,000","400,000","400,000","400,000","400,000","400,000","400,000","400,000","200,000","200,000","200,000","300,000","300,000","300,000","300,000","200,000",,,,,,,,
NormalizedEBITDA,"46,372,000","16,489,000","11,673,000","9,054,000","9,156,000","8,611,000","5,445,000","9,998,000","8,207,000","9,137,000","3,129,000","5,979,000","4,818,000","4,339,000","9,420,000","5,467,000","6,172,000","3,302,000","445,000","5,720,000","4,797,000","2,878,000","4,156,000","6,105,000","6,059,000","5,071,000","5,783,000","7,391,000","4,286,000","3,438,000","-98,000","2,591,000","1,452,000","1,292,000","2,639,000","5,984,000","3,859,000","2,860,000","3,591,000","6,421,000","5,093,000","5,577,000","3,153,000","6,903,000","8,487,000","6,147,000","5,056,000","5,735,000","5,180,000","4,527,000","4,435,000","3,877,000","5,395,000","3,424,000","3,446,000","4,693,000","9,858,000","5,949,000","7,095,000","8,729,000","7,615,000","7,252,000","6,897,000","8,254,000","6,347,000","5,789,000","5,398,000","8,730,000","6,165,000","5,935,000","6,049,000","6,558,000","5,293,000","4,584,187","4,412,737","3,691,540","3,457,486","4,121,882","3,683,200","2,696,326","-446,038","1,710,789","746,931","1,860,147","1,446,909","2,092,877","3,063,106","8,945,329","2,150,459","15,313,399","4,700,000","12,700,000","10,000,000","700,000","6,200,000","46,000,000","7,800,000","8,000,000","7,100,000","13,100,000","5,500,000","14,400,000","1,700,000","8,900,000","3,700,000","9,200,000","8,000,000","7,500,000","7,300,000","7,200,000","7,000,000","6,700,000","6,700,000","6,400,000","6,100,000","5,400,000","5,300,000","5,100,000","4,900,000","4,500,000","3,600,000","3,700,000","3,200,000","3,300,000","3,000,000","2,900,000","2,200,000","1,900,000","1,300,000","1,300,000","1,200,000","-6,600,000","3,800,000","3,700,000","3,000,000","-3,600,000","2,300,000","1,800,000","1,600,000"
TaxRateForCalcs,"0.4","0.121","0.27","0.27","0.107","0.086","0.27","0.27","0.075","0.059","0.27","0.116","0.002","0.27","0.182","0.27","0.016","0.27","0.4","0.4","0.4","0.1","0.245","0.229","0.111","0.342","0.108","0.294","0.242","0.377","0.35","0.35","0.35","0.35","0.099","0.35","0.192","0.35","0.334","0.35","0.35","0.393","0.3","0.371","0.379","0.357","0.137","0.366","0.35","0.34","0.346","0.35","0.35","0.281","0.009","0.35","0.35","0.336","0.349","0.228","0.35","0.343","0.251","0.239","0.226","0.318","0.32","0.341","0.377","0.4","0.31","0.281","0.29","0.28","0.3","0.074","0.303","0.4","0.27","0.307","0.4","0.315","0.38","0.4","0.4","0.4","0.4","0.151","0.4","0.156","0.4","0.4","0.4","0.4","0.4","0.4","0.385","0.347","0.356","0.4","0.4","0.161","0.188","0.4","0.333","0.346","0.351","0.299","0.351","0.352","0.357","0.358","0.354","0.339","0.333","0.4","0.321","0.327","0.327","0.298","0.293","0.317","0.333","0.303","0.323","0.355","0.32","0.375","0.278","0.278","0.357",,,,,,,,
TaxEffectOfUnusualItems,"-84,000","0","-29,430","0","-10,825.509","-13,777.014","-197,910","3,240","-6,860.733","-2,231.094","0","0","48.426","0","12,177.56","-29,970","-3,066.817","0","0","0","-1,006,000","0","0","0","663.755","-34,844.72","-70,623.861","0","2,174.111","-195,143.103","0","0","0","0","-8,019","-122,500","0","12,950","0","-74,550","-404,250","-20,437.071","-26,742.995","-110,540.958","-143,251.675","-72,429.187","2,605.067","79,692.96","-5,600","221,927.956","1,036.572","-105,350","-487,900","11,508.048","-2,072.195","-176,750","-665,000","0","0","0","0","0","0","0","0","0","0","-430,107.817","2,263.725","124,800","58,890.701","-180,061.565","30,453.737","-1,680.199","22,062.9","18,329.478","178,342.484","16,123.2","39,820.03","-1,027,494.193","620,578.8","-2,085,812.67","131,261.154","-1,230,071.6","235,287.6","215,774.8","468,266","-1,126,161.852","308,977.2","-2,797,153.518","200,000","280,000","320,000","-600,000","0","-15,960,000","807,692.308","173,611.111","106,779.661","-2,840,000","-560,000","-1,928,571.429","-262,500","-1,520,000","-33,333.333","69,135.802","140,540.541","179,220.779","210,810.811","176,056.338","107,142.857","143,283.582","70,769.231","101,612.903","100,000","160,000","128,571.429","130,769.231","130,769.231","119,148.936","117,073.171","126,829.268","133,333.333","60,606.061","64,516.129","70,967.742","96,000","112,500","83,333.333","83,333.333","71,428.571",,,,,,,,