name,ttm,03/31/2022,12/31/2021,09/30/2021,06/30/2021,03/31/2021,12/31/2020,09/30/2020,06/30/2020,03/31/2020,12/31/2019,09/30/2019,06/30/2019,03/31/2019,12/31/2018,09/30/2018,06/30/2018,03/31/2018,12/31/2017,09/30/2017,06/30/2017,03/31/2017,12/31/2016,09/30/2016,06/30/2016,03/31/2016,12/31/2015,09/30/2015,06/30/2015,03/31/2015,12/31/2014,09/30/2014,06/30/2014,03/31/2014,12/31/2013,09/30/2013,06/30/2013,03/31/2013,12/31/2012,09/30/2012,06/30/2012,03/31/2012,12/31/2011,09/30/2011,06/30/2011,03/31/2011,12/31/2010,09/30/2010,06/30/2010,03/31/2010,12/31/2009,09/30/2009,06/30/2009,03/31/2009,12/31/2008,09/30/2008,06/30/2008,03/31/2008,12/31/2007,09/30/2007,06/30/2007,03/31/2007,12/31/2006,09/30/2006,06/30/2006,03/31/2006,12/31/2005,09/30/2005,06/30/2005,03/31/2005,12/31/2004,09/30/2004,06/30/2004,03/31/2004,12/31/2003,09/30/2003,06/30/2003,03/31/2003,12/31/2002,09/30/2002,06/30/2002,03/31/2002,12/31/2001,09/30/2001,06/30/2001,03/31/2001,12/31/2000,09/30/2000,06/30/2000,03/31/2000,12/31/1999,09/30/1999,06/30/1999,03/31/1999,12/31/1998,09/30/1998,06/30/1998,03/31/1998,12/31/1997,09/30/1997,06/30/1997,03/31/1997,12/31/1996,09/30/1996,06/30/1996,03/31/1996,12/31/1995,09/30/1995,06/30/1995,03/31/1995,12/31/1994,09/30/1994,06/30/1994,03/31/1994,12/31/1993,09/30/1993,06/30/1993,03/31/1993,12/31/1992,09/30/1992,06/30/1992,03/31/1992,12/31/1991,09/30/1991,06/30/1991,03/31/1991,12/31/1990,09/30/1990,06/30/1990,03/31/1990
TotalRevenue,"922,391,000","230,423,000","229,630,000","228,719,000","233,619,000","204,199,000","196,029,000","176,643,000","109,712,000","206,884,000","227,511,000","217,405,000","228,080,000","237,182,000","214,198,000","194,099,000","184,471,000","188,163,000","148,775,000","144,671,000","155,199,000","156,174,000","154,174,000","156,017,000","160,258,000","163,524,000","171,300,000","162,437,000","171,549,000","175,814,000","164,413,000","162,853,000","160,521,000","167,201,000","157,901,000","161,283,000","158,114,000","163,169,000","170,031,000","213,166,000","229,391,000","245,582,000","242,179,000","264,481,000","268,338,000","300,200,000","299,790,000","335,515,000","339,923,000","357,972,000","355,205,000","333,551,000","349,650,000","374,237,000","355,525,000","391,181,000","424,133,000","442,789,000","213,593,000","91,355,000","89,487,000","90,124,000","87,932,000","88,037,000","77,529,000","88,517,000","87,990,000","91,302,000","82,908,000","85,823,000","94,431,000","86,543,000","86,144,000","91,884,000","102,768,000","104,762,000","103,284,000","93,991,000","107,392,000","92,083,000","84,859,000","81,540,000","90,409,000","81,096,000","82,825,000","70,106,000","85,867,000","78,667,000","70,304,000","68,406,000","72,300,000","72,000,000","67,500,000","61,300,000","68,300,000","66,400,000","65,600,000","55,900,000","61,200,000","56,300,000","51,600,000","46,400,000","53,800,000","51,600,000","44,500,000","40,300,000","65,300,000","34,500,000","40,100,000","33,200,000","42,800,000","37,300,000","37,200,000","32,800,000","38,600,000","38,200,000","35,500,000","30,200,000","19,100,000","29,200,000","24,100,000","22,900,000","27,500,000","27,700,000","27,500,000","22,600,000","61,400,000","12,000,000","12,000,000","12,000,000"
	OperatingRevenue,"922,391,000","230,423,000","229,630,000","228,719,000","233,619,000","204,199,000","196,029,000","176,643,000","109,712,000","206,884,000","227,511,000","217,405,000","228,080,000","237,182,000","214,198,000","194,099,000","184,471,000","188,163,000","148,775,000","144,671,000","155,199,000","156,174,000","154,174,000","156,017,000","160,258,000","163,524,000","171,300,000","162,437,000","171,549,000","175,814,000","164,413,000","162,853,000","160,521,000","167,201,000","157,901,000","161,283,000","158,114,000","163,169,000","170,031,000","213,166,000","229,391,000","245,582,000","242,179,000","264,481,000","268,338,000","300,200,000","299,790,000","335,515,000","339,923,000","357,972,000","355,205,000","333,551,000","349,650,000","374,237,000","355,525,000","391,181,000","424,133,000","442,789,000","213,593,000","91,355,000","89,487,000","90,124,000","87,932,000","88,037,000","77,529,000","88,517,000","87,990,000","91,302,000","82,908,000","85,823,000","94,431,000","86,543,000","86,144,000","91,884,000","102,768,000","104,762,000","103,284,000","93,991,000","107,392,000","92,083,000","84,859,000","81,540,000","90,409,000","81,096,000","82,825,000","70,106,000","85,867,000","78,667,000","70,304,000","68,406,000","72,300,000","72,000,000","67,500,000","61,300,000","68,300,000","66,400,000","65,600,000","55,900,000","61,200,000","56,300,000","51,600,000","46,400,000","53,800,000","51,600,000","44,500,000","40,300,000","65,300,000","34,500,000","40,100,000","33,200,000","42,800,000","37,300,000","37,200,000","32,800,000","38,600,000","38,200,000","35,500,000","30,200,000","19,100,000","29,200,000","24,100,000","22,900,000","27,500,000","27,700,000","27,500,000","22,600,000","61,400,000","12,000,000","12,000,000","12,000,000"
CostOfRevenue,"539,699,000","137,670,000","133,171,000","134,116,000","134,742,000","118,913,000","128,646,000","109,859,000","79,590,000","122,457,000","131,843,000","127,685,000","133,225,000","134,611,000","115,827,000","101,473,000","105,881,000","104,663,000","71,583,000","64,567,000","63,350,000","63,673,000","63,239,000","64,333,000","62,883,000","64,100,000","66,072,000","65,752,000","74,742,000","75,528,000","72,472,000","71,224,000","66,048,000","70,129,000","66,702,000","68,240,000","67,088,000","68,745,000","69,899,000","119,941,000","131,137,000","137,007,000","146,157,000","163,928,000","168,053,000","189,431,000","199,620,000","227,942,000","231,849,000","242,333,000","242,200,000","228,961,000","240,531,000","253,262,000","257,199,000","285,425,000","309,216,000","327,971,000","107,574,000","90,941,000","53,849,000","52,742,000","52,793,000","52,037,000","46,864,000","51,942,000","54,741,000","56,444,000","46,317,000","50,515,000","50,724,000","50,350,000","50,944,000","53,674,000","56,250,000","59,470,000","59,774,000","56,294,000","64,969,000","54,022,000","48,382,000","45,897,000","51,894,000","45,212,000","47,050,000","39,396,000","51,084,000","44,269,000","39,156,000","38,914,000","39,500,000","41,200,000","38,500,000","35,000,000","109,000,000","14,300,000","31,100,000","33,600,000","71,100,000","13,100,000","12,500,000","11,900,000","63,000,000","11,900,000","11,600,000","11,400,000","53,000,000","11,100,000","10,400,000","10,600,000","47,900,000","10,300,000","9,500,000","9,500,000","-300,000","11,900,000","8,300,000","10,100,000","7,500,000","7,400,000","6,800,000","6,400,000","15,100,000","16,200,000","15,800,000","14,700,000",,,,
GrossProfit,"382,692,000","92,753,000","96,459,000","94,603,000","98,877,000","85,286,000","67,383,000","66,784,000","30,122,000","84,427,000","95,668,000","89,720,000","94,855,000","102,571,000","98,371,000","92,626,000","78,590,000","83,500,000","77,192,000","80,104,000","91,849,000","92,501,000","90,935,000","91,684,000","97,375,000","99,424,000","105,228,000","96,685,000","96,807,000","100,286,000","91,941,000","91,629,000","94,473,000","97,072,000","91,199,000","93,043,000","91,026,000","94,424,000","100,132,000","93,225,000","98,254,000","108,575,000","96,022,000","100,553,000","100,285,000","110,769,000","100,170,000","107,573,000","108,074,000","115,639,000","113,005,000","104,590,000","109,119,000","120,975,000","98,326,000","105,756,000","114,917,000","114,818,000","106,019,000","414,000","35,638,000","37,382,000","35,139,000","36,000,000","30,665,000","36,575,000","33,249,000","34,858,000","36,591,000","35,308,000","43,707,000","36,193,000","35,200,000","38,210,000","46,518,000","45,292,000","43,510,000","37,697,000","42,423,000","38,061,000","36,477,000","35,643,000","38,515,000","35,884,000","35,775,000","30,710,000","34,783,000","34,398,000","31,148,000","29,492,000","32,800,000","30,800,000","29,000,000","26,300,000","-40,700,000","52,100,000","34,500,000","22,300,000","-9,900,000","43,200,000","39,100,000","34,500,000","-9,200,000","39,700,000","32,900,000","28,900,000","12,300,000","23,400,000","29,700,000","22,600,000","-5,100,000","27,000,000","27,700,000","23,300,000","38,900,000","26,300,000","27,200,000","20,100,000","11,600,000","21,800,000","17,300,000","16,500,000","12,400,000","11,500,000","11,700,000","7,900,000",,,,
OperatingExpense,"184,131,000","44,213,000","51,611,000","46,368,000","41,939,000","42,599,000","42,103,000","39,532,000","33,625,000","40,434,000","44,638,000","41,847,000","42,289,000","45,743,000","47,852,000","43,258,000","41,265,000","44,413,000","42,480,000","40,537,000","39,866,000","52,805,000","39,499,000","38,502,000","39,011,000","41,904,000","47,544,000","44,077,000","37,077,000","36,730,000","45,925,000","36,906,000","37,886,000","37,256,000","41,652,000","38,403,000","38,710,000","37,103,000","40,678,000","51,809,000","40,314,000","42,707,000","39,642,000","41,787,000","41,535,000","45,158,000","47,116,000","42,671,000","40,322,000","40,989,000","38,384,000","37,693,000","24,429,000","18,559,000","30,555,000","44,865,000","52,310,000","50,473,000","34,663,000","17,842,000","14,103,000","16,121,000","17,035,000","16,230,000","15,188,000","15,090,000","15,843,000","14,881,000","12,514,000","15,563,000","16,476,000","15,734,000","14,045,000","13,635,000","16,002,000","12,744,000","13,562,000","12,267,000","16,699,000","16,957,000","16,312,000","14,252,000","14,625,000","13,593,000","14,099,000","13,122,000","13,328,000","12,254,000","12,884,000","11,577,000","11,600,000","12,000,000","12,000,000","11,300,000","-39,100,000","27,200,000","11,400,000","10,500,000","-31,900,000","24,900,000","23,500,000","22,900,000","-27,600,000","22,300,000","20,400,000","19,300,000","-30,000,000","21,400,000","17,400,000","16,100,000","-15,800,000","19,000,000","16,800,000","17,900,000","23,300,000","16,100,000","18,400,000","14,000,000","15,500,000","14,500,000","14,500,000","14,400,000","5,400,000","5,600,000","5,400,000","5,300,000",,,,
	SellingGeneralAndAdministration,"173,475,000","41,548,000","48,947,000","43,704,000","39,276,000","39,911,000","39,440,000","36,873,000","30,870,000","37,608,000","41,710,000","38,922,000","39,364,000","42,819,000","45,260,000","40,753,000","38,759,000","41,911,000","39,978,000","38,030,000","37,366,000","50,305,000","36,998,000","36,002,000","36,511,000","39,424,000","45,044,000","41,577,000","34,577,000","34,230,000","43,074,000","33,835,000","34,816,000","34,185,000","38,582,000","35,331,000","35,641,000","34,032,000","37,607,000","48,737,000","37,239,000","39,632,000","36,567,000","38,712,000","38,460,000","42,083,000","43,112,000","39,594,000","36,981,000","40,185,000","41,454,000","35,897,000","33,959,000","47,159,000","43,647,000","41,788,000","49,230,000","47,574,000","33,531,000","17,842,000","14,103,000","16,121,000","17,035,000","16,230,000","15,188,000","15,090,000","15,843,000","14,881,000","12,514,000","15,563,000","16,476,000","15,734,000","14,045,000","13,635,000","16,002,000","12,744,000","13,562,000","12,267,000","12,516,000","12,996,000","12,348,000","10,393,000","10,705,000","9,922,000","10,432,000","9,562,000","9,816,000","8,856,000","9,546,000","8,263,000","8,500,000","8,800,000","8,900,000","8,300,000","-42,000,000","24,300,000","8,600,000","7,800,000","-34,500,000","22,400,000","21,000,000","20,500,000","-29,900,000","20,200,000","18,400,000","17,400,000","-31,800,000","19,700,000","15,700,000","14,500,000","-17,400,000","17,400,000","15,200,000","16,300,000","24,300,000","14,600,000","17,000,000","12,700,000","14,300,000","13,200,000","13,200,000","13,200,000","4,300,000","4,400,000","4,100,000","4,000,000",,,,
		GeneralAndAdministrativeExpense,"173,475,000","41,548,000","48,947,000","43,704,000","39,276,000","39,911,000","39,440,000","36,873,000","30,870,000","37,608,000","41,710,000","38,922,000","39,364,000","42,819,000","45,260,000","40,753,000","38,759,000","41,911,000","39,978,000","38,030,000","37,366,000","50,305,000","36,998,000","36,002,000","36,511,000","39,424,000","45,044,000","41,577,000","34,577,000","34,230,000","43,074,000","33,835,000","34,816,000","34,185,000","38,582,000","35,331,000","35,641,000","34,032,000","37,607,000",,,,,,,,,,,,,,,,,,,,,,,,,,,,,,,,,,,,,,,,,,,,,,,,,,,,,,,,,,,,,,,,,,,,,,,,,,,,,,,,,,,,,,,,,,,
			OtherGandA,"173,475,000","41,548,000","48,947,000","43,704,000","39,276,000","39,911,000","39,440,000","36,873,000","30,870,000","37,608,000","41,710,000","38,922,000","39,364,000","42,819,000","45,260,000","40,753,000","38,759,000","41,911,000","39,978,000","38,030,000","37,366,000","50,305,000","36,998,000","36,002,000","36,511,000","39,424,000","45,044,000","41,577,000","34,577,000","34,230,000","43,074,000","33,835,000","34,816,000","34,185,000","38,582,000","35,331,000","35,641,000","34,032,000","37,607,000",,,,,,,,,,,,,,,,,,,,,,,,,,,,,,,,,,,,,,,,,,,,,,,,,,,,,,,,,,,,,,,,,,,,,,,,,,,,,,,,,,,,,,,,,,,
	DepreciationAmortizationDepletionIncomeStatement,"10,656,000","2,665,000","2,664,000","2,664,000","2,663,000","2,688,000","2,663,000","2,659,000","2,755,000","2,826,000","2,928,000","2,925,000","2,925,000","2,924,000","2,592,000","2,505,000","2,506,000","2,502,000","2,502,000","2,507,000","2,500,000","2,500,000","2,501,000","2,500,000","2,500,000","2,480,000","2,500,000","2,500,000","2,500,000","2,500,000","2,851,000","3,071,000","3,070,000","3,071,000","3,070,000","3,072,000","3,069,000","3,071,000","3,071,000","3,072,000","3,075,000","3,075,000","3,075,000","3,075,000","3,075,000","3,075,000","3,070,000","3,077,000","3,076,000","3,077,000","3,250,000","3,019,000","3,018,000","3,019,000","3,076,000","3,077,000","3,080,000","2,899,000",,,,,,,,,,,,,,,,,,,,,"4,183,000","3,961,000","3,964,000","3,859,000","3,920,000","3,671,000","3,667,000","3,560,000","3,512,000","3,398,000","3,338,000","3,314,000","3,100,000","3,200,000","3,100,000","3,000,000","2,900,000","2,900,000","2,800,000","2,700,000","2,600,000","2,500,000","2,500,000","2,400,000","2,300,000","2,100,000","2,000,000","1,900,000","1,800,000","1,700,000","1,700,000","1,600,000","1,600,000","1,600,000","1,600,000","1,600,000","1,500,000","1,500,000","1,400,000","1,300,000","1,200,000","1,300,000","1,300,000","1,200,000","1,100,000","1,200,000","1,300,000","1,300,000",,,,
		DepreciationAndAmortizationInIncomeStatement,"10,656,000","2,665,000","2,664,000","2,664,000","2,663,000","2,688,000","2,663,000","2,659,000","2,755,000","2,826,000","2,928,000","2,925,000","2,925,000","2,924,000","2,592,000","2,505,000","2,506,000","2,502,000","2,502,000","2,507,000","2,500,000","2,500,000","2,501,000","2,500,000","2,500,000","2,480,000","2,500,000","2,500,000","2,500,000","2,500,000","2,851,000","3,071,000","3,070,000","3,071,000","3,070,000","3,072,000","3,069,000","3,071,000","3,071,000","3,072,000","3,075,000","3,075,000","3,075,000","3,075,000","3,075,000","3,075,000","3,070,000","3,077,000","3,076,000","3,077,000","3,250,000","3,019,000","3,018,000","3,019,000","3,076,000","3,077,000","3,080,000","2,899,000",,,,,,,,,,,,,,,,,,,,,"4,183,000","3,961,000","3,964,000","3,859,000","3,920,000","3,671,000","3,667,000","3,560,000","3,512,000","3,398,000","3,338,000","3,314,000","3,100,000","3,200,000","3,100,000","3,000,000","2,900,000","2,900,000","2,800,000","2,700,000","2,600,000","2,500,000","2,500,000","2,400,000","2,300,000","2,100,000","2,000,000","1,900,000","1,800,000","1,700,000","1,700,000","1,600,000","1,600,000","1,600,000","1,600,000","1,600,000","1,500,000","1,500,000","1,400,000","1,300,000","1,200,000","1,300,000","1,300,000","1,200,000","1,100,000","1,200,000","1,300,000","1,300,000",,,,
			Amortization,"10,656,000","2,665,000","2,664,000","2,664,000","2,663,000","2,688,000","2,663,000","2,659,000","2,755,000","2,826,000","2,928,000","2,925,000","2,925,000","2,924,000","2,592,000","2,505,000","2,506,000","2,502,000","2,502,000","2,507,000","2,500,000","2,500,000","2,501,000","2,500,000","2,500,000","2,480,000","2,500,000","2,500,000","2,500,000","2,500,000","2,851,000","3,071,000","3,070,000","3,071,000","3,070,000","3,072,000","3,069,000","3,071,000","3,071,000","3,072,000","3,075,000","3,075,000","3,075,000","3,075,000","3,075,000","3,075,000","3,070,000","3,077,000","3,076,000","3,077,000","3,250,000","3,019,000","3,018,000","3,019,000","3,076,000","3,077,000","3,080,000","2,899,000",,,,,,,,,,,,,,,,,,,,,,,,,,,,,,,,,,,,,,,,,,,,,,,,,,,,,,,,,,,,,,,,,,,,,,,,
				AmortizationOfIntangiblesIncomeStatement,"10,656,000","2,665,000","2,664,000","2,664,000","2,663,000","2,688,000","2,663,000","2,659,000","2,755,000","2,826,000","2,928,000","2,925,000","2,925,000","2,924,000","2,592,000","2,505,000","2,506,000","2,502,000","2,502,000","2,507,000","2,500,000","2,500,000","2,501,000","2,500,000","2,500,000","2,480,000","2,500,000","2,500,000","2,500,000","2,500,000","2,851,000","3,071,000","3,070,000","3,071,000","3,070,000","3,072,000","3,069,000","3,071,000","3,071,000","3,072,000","3,075,000","3,075,000","3,075,000","3,075,000","3,075,000","3,075,000","3,070,000","3,077,000","3,076,000","3,077,000","3,250,000","3,019,000","3,018,000","3,019,000","3,076,000","3,077,000","3,080,000","2,899,000",,,,,,,,,,,,,,,,,,,,,,,,,,,,,,,,,,,,,,,,,,,,,,,,,,,,,,,,,,,,,,,,,,,,,,,,
	OtherOperatingExpenses,,,,,,,,,,,,,,,,,,,,,,,,,,,,,,,,,,,,,,,,,,,,,,,,,"265,000","-2,273,000","-6,320,000","-1,223,000","-12,548,000","-31,619,000",,,,,,,,,,,,,,,,,,,,,,,,,,,,,,,,,,,,,,,,,,,,,,,,,,,,,,,,,,,,,,,,,,,,,,,,,,,,
OperatingIncome,"198,561,000","48,540,000","44,848,000","48,235,000","56,938,000","42,687,000","25,280,000","27,252,000","-3,503,000","43,993,000","51,030,000","47,873,000","52,566,000","56,828,000","50,519,000","49,368,000","37,325,000","39,087,000","34,712,000","39,567,000","51,983,000","39,696,000","51,436,000","53,182,000","58,364,000","57,520,000","57,684,000","52,608,000","59,730,000","63,556,000","46,016,000","54,723,000","56,587,000","59,816,000","49,547,000","54,640,000","52,316,000","57,321,000","59,454,000","41,416,000","57,940,000","65,868,000","56,380,000","58,766,000","58,750,000","65,611,000","53,054,000","64,902,000","67,752,000","74,650,000","74,621,000","66,897,000","84,690,000","102,416,000","67,771,000","60,891,000","62,607,000","64,345,000","71,356,000","-17,428,000","21,535,000","21,261,000","18,104,000","19,770,000","15,477,000","21,485,000","17,406,000","19,977,000","24,077,000","19,745,000","27,231,000","20,459,000","21,155,000","24,575,000","30,516,000","32,548,000","29,948,000","25,430,000","25,724,000","21,104,000","20,165,000","21,391,000","23,890,000","22,291,000","21,676,000","17,588,000","21,455,000","22,144,000","18,264,000","17,915,000","21,200,000","18,800,000","17,000,000","15,000,000","-1,600,000","24,900,000","23,100,000","11,800,000","22,000,000","18,300,000","15,600,000","11,600,000","18,400,000","17,400,000","12,500,000","9,600,000","42,300,000","2,000,000","12,300,000","6,500,000","10,700,000","8,000,000","10,900,000","5,400,000","15,600,000","10,200,000","8,800,000","6,100,000","-3,900,000","7,300,000","2,800,000","2,100,000","7,000,000","5,900,000","6,300,000","2,600,000","-18,200,000","12,000,000","12,000,000","12,000,000"
NetNonOperatingInterestIncomeExpense,"-62,368,000","-15,533,000","-15,375,000","-15,721,000","-15,739,000","-16,496,000","-17,752,000","-16,844,000","-17,127,000","-15,172,000","-15,160,000","-15,238,000","-14,602,000","-15,393,000","-15,576,000","-15,430,000","-15,481,000","-15,199,000","-15,483,000","-15,353,000","-15,780,000","-15,363,000","-15,372,000","-15,358,000","-15,383,000","-15,366,000","-16,497,000","-15,434,000","-15,677,000","-15,646,000","-21,742,000","-24,984,000","-24,942,000","-24,969,000","-25,034,000","-24,979,000","-24,956,000","-25,295,000","-36,965,000","-25,744,000","-29,650,000","-30,221,000","-31,364,000","-32,170,000","-32,867,000","-36,306,000","-40,062,000","-42,814,000","-43,692,000","-44,878,000","-46,862,000","-45,231,000","-45,970,000","-48,532,000",,,,,,,,,,,,,,,,,,,,,,,,,,,,,,,,,,,,,,,,,,,,,,,,,,,,,,,,,,,,,,,,,,,,,,,,,,,,
	InterestIncomeNonOperating,,,,,,,,,"200,000",,,,,,,,,,,,,,,,,,,,,,,,,,,,,,,"3,152,000",,,,,,,,,,,,,,,,,,,,,,,,,,,,,,,,,,,,,,,,,,,,,,,,,,,,,,,,,,,,,,,,,,,,,,,,,,,,,,,,,,,,,,,,,,
	InterestExpenseNonOperating,"62,368,000","15,533,000","15,375,000","15,721,000","15,739,000","16,496,000","17,752,000","16,844,000","17,327,000","15,172,000","15,160,000","15,238,000","14,602,000","15,393,000","15,576,000","15,430,000","15,481,000","15,199,000","15,483,000","15,353,000","15,780,000","15,363,000","15,372,000","15,358,000","15,383,000","15,366,000","16,497,000","15,434,000","15,677,000","15,646,000","21,742,000","24,984,000","24,942,000","24,969,000","25,034,000","24,979,000","24,956,000","25,295,000","25,571,000","28,896,000","29,650,000","30,221,000","31,364,000","32,170,000","32,867,000","36,306,000","40,062,000","42,814,000","43,692,000","44,878,000","46,862,000","45,231,000","45,970,000","48,532,000",,,,,,,,,,,,,,,,,,,,,,,,,,,,,,,,,,,,,,,,,,,,,,,,,,,,,,,,,,,,,,,,,,,,,,,,,,,,
OtherIncomeExpense,"-4,127,000","1,150,000","-994,000","-1,742,000","-2,541,000","-2,177,000","-7,539,000","-1,287,000","-126,141,000","245,000","672,000","-903,000","-8,897,000","-303,000","-2,889,000","-2,691,000","2,752,000","-1,177,000","-300,000","-532,487,000","3,542,000","-108,000","-1,290,000","-319,000","-3,243,000","-1,049,000","-1,739,000","2,423,000","-541,000","-1,818,000","-67,275,000","12,000","-513,000","-1,133,000","-1,167,000","464,000","-404,000","-1,836,000","178,814,000","-71,764,000","619,000","18,622,000","-44,383,000","-1,369,000","-24,046,000","11,870,000","-97,417,000","-1,888,000","-1,687,000",,"-98,622,000","-4,471,000","-2,352,000",,"-176,127,000","-25,208,000","-41,077,000","1,782,000","-64,804,000","-1,315,000","-1,376,000","-3,332,000","-984,000","-1,567,000","-979,000","-1,172,000","-1,336,000","-844,000","-1,961,000","-54,000","-194,000","-4,248,000","-10,471,000","-1,906,000","-849,000","-3,544,000","-2,524,000","-9,056,000","-650,000","-290,000","1,000","-511,000","-121,000","208,000","143,000","-107,000","-59,000","-391,000","443,000","-560,000","-900,000",,"100,000","200,000","18,900,000","-8,500,000","-8,400,000",,"-7,100,000","-5,200,000","-3,800,000","-2,300,000","-5,500,000","-5,500,000","-2,500,000","-1,900,000","-30,600,000","8,100,000","-3,500,000","-1,400,000",,,,,,,,,"11,400,000","-2,000,000","1,300,000","700,000","-2,600,000","-1,300,000","-2,900,000","-300,000",,,,
	SpecialIncomeCharges,"-4,127,000","1,150,000","-994,000","-1,742,000","-2,541,000","-2,177,000","-7,539,000","-1,287,000","-126,141,000","245,000","672,000","-903,000","-8,897,000","-303,000","-2,898,000","-159,000","2,752,000","-1,177,000","-300,000","-532,487,000","3,542,000","-108,000","-1,290,000","-319,000","-3,243,000","-1,049,000","-1,739,000","2,423,000","-541,000","-1,818,000","-67,275,000","12,000","-513,000","-1,133,000","-1,167,000","464,000","-404,000","-1,836,000","178,814,000","-71,764,000","619,000","18,622,000","-44,383,000","-1,369,000","-24,046,000","11,870,000","-97,417,000","-1,888,000","-1,687,000",,"-98,622,000","-4,471,000","-2,352,000",,"-176,127,000","-25,208,000","-41,077,000","1,782,000","-64,804,000","-1,315,000","-1,376,000","-3,332,000","-984,000","-1,567,000","-979,000","-1,172,000","-1,336,000","-844,000","-1,961,000","-54,000","-194,000","-4,248,000","-10,471,000","-1,906,000","-849,000","-3,544,000","-2,524,000","-9,056,000","-650,000","-290,000","1,000","-511,000","-121,000","208,000","143,000","-107,000","-59,000","-391,000","443,000","-560,000","-900,000",,"100,000","200,000","18,900,000","-8,500,000","-8,400,000",,"-7,100,000","-5,200,000","-3,800,000","-2,300,000","-5,500,000","-5,500,000","-2,500,000","-1,900,000","-30,600,000","8,100,000","-3,500,000","-1,400,000",,,,,,,,,"11,400,000","-2,000,000","1,300,000","700,000","-2,600,000","-1,300,000","-2,900,000","-300,000",,,,
		RestructuringAndMergernAcquisition,,,,,,,,,,,,,,,,,,,,,,,,,,,,,,,,,,,,,,,,,,,,,,,,,,,,,,,,"28,345,000",,,,,,,,,,,,,,,,,,,,"1,104,000","811,000","6,709,000",,,,,,,,,,,,,,,,,,,,,,,,,,,,,,,,,,,,,,,,,,,,,,,,,,,,
		ImpairmentOfCapitalAssets,,"146,000",,"443,000",,"2,010,000","5,900,000","0","124,365,000","-12,000","847,000","157,000","289,000","194,000","-119,000","217,000","-2,702,000","2,604,000","162,000","532,522,000","2,701,000","217,000","1,160,000","206,000","3,291,000","435,000","346,000","-72,000","475,000","1,827,000","2,692,000","192,000","637,000","200,000","1,042,000","-392,000","324,000","838,000","2,954,000","420,000","122,000","722,000","2,918,000","193,000","21,816,000","4,938,000","397,000","1,143,000","1,687,000",,"98,622,000","4,471,000","2,352,000",,,,,,,,,,,,,,,,,,,,,,,,,,,,,,,,,,,,,,,,,,,,,,,,,,,,,,,,,,,,,,,,,,,,,,,,,,,,,
		WriteOff,,,"385,000",,"2,571,000",,"8,099,000",,"124,365,000",,"847,000","157,000","289,000","194,000","1,988,000","217,000","2,702,000","2,604,000","-531,472,000","532,522,000","2,701,000","217,000","1,160,000","206,000","3,291,000","435,000","346,000","72,000","475,000","1,827,000","2,692,000","192,000","637,000","200,000","1,042,000","-392,000","324,000","838,000","2,954,000",,,,,,,,,,,,,,,,,,,,,,,,,,,,,,,,,,,,,,,,,,,,,,,,,,,,,,,,,,,,,,,,,,,,,,,,,,,,,,,,,,,,,,,,,,,
		OtherSpecialCharges,,,,,,,,,,,"0",,"8,276,000",,,,,,,,,,,,,,,,,,"64,846,000","1,000","6,000","6,000","22,000",,"16,000","1,316,000","-79,171,000","71,344,000","-741,000","-19,344,000","41,465,000","1,176,000","2,230,000","-16,808,000",,"745,000",,,,"888,000",,,,"-3,137,000",,,,,,,,,,,,,,,,,,,,"2,440,000","1,713,000","2,347,000",,,,,,,,,,,,,,,,,,,,,,,,,,,,,,,,,,,,,,,,,,,,,,,,,,,,
		GainOnSaleOfBusiness,,,,,,,"-2,200,000","-200,000",,,,,,,,,,,,,,,,,,,,,,,,,,,,,,,,,,,,,,,,,,,,,,,,,,,,,,,,,,,,,,,,,,,,,,,,,,,,,,,,,,,,,,,,,,,,,,,,,,,,,,,,,,,,,,,,,,,,,,,,,,
		GainOnSaleOfPPE,"-582,000","1,296,000","-609,000","-1,299,000","30,000","-167,000","561,000","-1,087,000","-1,776,000","233,000","1,519,000","-746,000","-332,000","-109,000","-910,000","58,000","50,000","1,427,000","-138,000","35,000","6,243,000","109,000","-130,000","-113,000","48,000","-614,000","-1,393,000","2,351,000","-66,000","9,000","263,000","205,000","130,000","-927,000","-103,000","72,000","-64,000","318,000","12,955,000",,,,,,,,,,,,,,,,,,,,,,,,,,,,,,,,,,,,,,,,,,,,,,,,,,,,,,,,,,,,,,,,,,,,,,,,,,,,,,,,,,,,,,,,,,,
	OtherNonOperatingIncomeExpenses,,,,,,,,,,,,,,,"9,000","-2,532,000",,,,,,,,,,,,,,,,,,,,,,,,,,,,,,,,,,,,,,,,,,,,,,,,,,,,,,,,,,,,,,,,,,,,,,,,,,,,,,,,,,,,,,,,,,,,,,,,,,,,,,,,,,,,,,,,,,
PretaxIncome,"132,066,000","34,157,000","28,479,000","30,772,000","38,658,000","24,014,000","-10,000","9,153,000","-146,771,000","29,066,000","36,542,000","31,732,000","29,067,000","41,132,000","32,054,000","31,247,000","24,596,000","22,711,000","18,929,000","-508,273,000","39,745,000","24,225,000","34,774,000","37,505,000","39,738,000","41,105,000","39,448,000","39,597,000","43,512,000","46,092,000","-43,001,000","29,751,000","31,132,000","33,714,000","23,346,000","30,125,000","26,956,000","30,190,000","31,853,000","86,596,000","27,427,000","49,047,000","36,759,000","25,227,000","1,837,000","41,175,000","-84,425,000","20,200,000","22,373,000","29,772,000","-70,863,000","17,195,000","36,368,000","53,884,000","-158,799,000","-14,807,000","-30,031,000","15,480,000","-22,102,000","-18,743,000","20,159,000","17,929,000","17,120,000","18,203,000","17,214,000","20,313,000","16,070,000","19,133,000","19,333,000","16,330,000","17,443,000","12,285,000","6,983,000","17,456,000","14,084,000","17,669,000","17,556,000","9,541,000","19,126,000","15,741,000","14,880,000","15,610,000","18,512,000","17,263,000","16,533,000","12,153,000","15,830,000","16,389,000","13,486,000","11,755,000","14,700,000","14,000,000","12,800,000","10,700,000","12,600,000","11,800,000","10,600,000","7,700,000","10,800,000","9,400,000","8,200,000","5,900,000","9,500,000","8,900,000","7,300,000","5,100,000","9,200,000","7,800,000","6,800,000","3,000,000","8,900,000","6,300,000","6,100,000","3,800,000","7,600,000","6,300,000","2,300,000","2,400,000","6,200,000","4,100,000","2,900,000","1,700,000","3,100,000","3,300,000","1,800,000","700,000",,,,
TaxProvision,"34,955,000","9,307,000","8,691,000","7,661,000","9,296,000","-1,589,000","1,551,000","-865,000","-11,992,000","6,738,000","9,146,000","7,815,000","7,677,000","9,489,000","5,073,000","7,660,000","11,883,000","5,638,000","-66,607,000","-56,555,000","18,465,000","9,862,000","13,427,000","13,232,000","12,909,000","15,562,000","14,091,000","15,340,000","16,615,000","17,680,000","-20,576,000","10,864,000","11,965,000","12,890,000","5,215,000","11,395,000","10,019,000","11,951,000","13,034,000","26,023,000","10,489,000","17,703,000","8,139,000","8,702,000","1,489,000","11,476,000","-33,594,000","5,869,000","8,332,000","10,101,000","-26,812,000","3,690,000","11,554,000","16,743,000","-21,380,000","-3,096,000","-10,760,000","1,538,000","-7,765,000","-7,127,000","6,029,000","6,616,000","6,790,000","6,880,000","6,908,000","7,719,000","6,109,000","7,161,000","7,404,000","6,255,000","6,971,000","4,612,000","2,617,000","6,546,000","5,281,000","6,625,000","6,584,000","3,578,000","7,172,000","5,903,000","5,580,000","5,854,000","6,942,000","6,187,000","6,365,000","4,679,000","6,094,000","6,310,000","5,192,000","4,526,000","5,700,000","5,400,000","4,900,000","4,100,000","4,900,000","4,600,000","4,100,000","3,000,000","4,200,000","3,700,000","3,200,000","2,300,000","3,700,000","3,500,000","2,900,000","2,000,000","3,600,000","3,100,000","2,700,000","1,200,000","3,500,000","2,500,000","2,400,000","1,500,000","3,200,000","2,800,000","900,000","1,000,000","2,500,000","1,700,000","1,200,000","700,000","1,300,000","1,400,000","700,000","300,000",,,,
NetIncomeCommonStockholders,"94,766,000","24,252,000","19,413,000","22,609,000","28,705,000","25,055,000","-1,561,000","9,689,000","-130,016,000","21,580,000","26,485,000","23,122,000","20,671,000","30,532,000","26,063,000","22,788,000","12,285,000","16,505,000","85,134,000","-443,222,000","20,938,000","14,099,000","21,063,000","23,935,000","26,445,000","25,161,000","24,999,000","23,941,000","26,538,000","28,040,000","-22,019,000","18,608,000","18,860,000","20,481,000","17,856,000","18,434,000","16,639,000","17,910,000","18,113,000","58,698,000","15,873,000","29,880,000","27,288,000","15,519,000","-284,000","28,056,000","-57,994,000","7,772,000","7,442,000","12,807,000","-48,057,000","7,877,000","18,776,000","30,628,000","-136,008,000","-11,804,000","-23,740,000","13,854,000","-16,049,000","-11,616,000","14,130,000","11,313,000","10,330,000","11,323,000","10,306,000","12,594,000","9,961,000","11,972,000","11,929,000","10,075,000","10,472,000","7,673,000","4,366,000","10,910,000","8,803,000","11,044,000","10,972,000","5,963,000","11,954,000","9,838,000","9,300,000","9,756,000","11,570,000","11,076,000","10,168,000","7,474,000","9,736,000","10,079,000","8,294,000","7,229,000","9,000,000","8,600,000","7,900,000","6,600,000","7,700,000","7,200,000","6,500,000","4,700,000","6,600,000","5,700,000","5,000,000","3,600,000","5,800,000","5,400,000","4,400,000","3,100,000","5,600,000","4,700,000","4,100,000","1,800,000","5,400,000","3,800,000","3,700,000","2,300,000","4,400,000","3,500,000","1,400,000","1,400,000","2,900,000","2,400,000","1,700,000","1,000,000","1,800,000","1,900,000","1,100,000","400,000",,,,
	NetIncome,"97,111,000","24,850,000","19,788,000","23,111,000","29,362,000","25,603,000","-1,561,000","10,018,000","-134,779,000","22,328,000","27,396,000","23,917,000","21,390,000","31,643,000","26,981,000","23,587,000","12,713,000","17,073,000","85,536,000","-451,718,000","21,280,000","14,363,000","21,347,000","24,273,000","26,829,000","25,543,000","25,357,000","24,257,000","26,897,000","28,412,000","-22,425,000","18,887,000","19,167,000","20,824,000","18,131,000","18,730,000","16,937,000","18,239,000","18,819,000","60,573,000","16,938,000","31,344,000","28,620,000","16,525,000","348,000","29,699,000","-50,831,000","14,331,000","14,041,000","19,671,000","-44,051,000","13,505,000","24,814,000","37,141,000","-137,124,000","-11,804,000","-19,385,000","13,854,000","-14,307,000","-11,616,000","14,130,000","11,313,000","10,330,000","11,323,000","10,306,000","12,594,000","9,961,000","11,972,000","11,929,000","10,075,000","10,472,000","7,673,000","4,366,000","10,910,000","8,803,000","11,044,000","10,972,000","5,963,000","11,954,000","9,838,000","9,300,000","9,756,000","11,570,000","11,076,000","10,168,000","7,474,000","9,736,000","10,079,000","8,294,000","7,229,000","9,000,000","8,600,000","7,900,000","6,600,000","7,700,000","7,200,000","6,500,000","4,700,000","6,600,000","5,700,000","5,000,000","3,600,000","5,800,000","5,400,000","4,400,000","3,100,000","5,600,000","4,700,000","4,100,000","1,800,000","5,400,000","3,800,000","3,700,000","2,300,000","4,400,000","3,500,000","1,400,000","1,400,000","2,900,000","2,400,000","1,700,000","1,000,000","1,800,000","1,900,000","1,100,000","400,000",,,,
		NetIncomeIncludingNoncontrollingInterests,"97,111,000","24,850,000","19,788,000","23,111,000","29,362,000","25,603,000","-1,561,000","10,018,000","-134,779,000","22,328,000","27,396,000","23,917,000","21,390,000","31,643,000","26,981,000","23,587,000","12,713,000","17,073,000","85,536,000","-451,718,000","21,280,000","14,363,000","21,347,000","24,273,000","26,829,000","25,543,000","25,357,000","24,257,000","26,897,000","28,412,000","-22,425,000","18,887,000","19,167,000","20,824,000","18,131,000","18,730,000","16,937,000","18,239,000","18,819,000","60,573,000","16,938,000","31,344,000","28,620,000","16,525,000","348,000","29,699,000","-50,831,000","14,331,000","14,041,000","19,671,000","-44,051,000","13,505,000","24,814,000","37,141,000","-137,124,000","-11,804,000","-19,385,000","13,854,000","-14,307,000","-11,616,000","14,130,000","11,313,000","10,330,000","11,323,000","10,306,000","12,594,000","9,961,000","11,972,000","11,929,000","10,075,000","10,472,000","7,673,000","4,366,000","10,910,000","8,803,000","11,044,000","10,972,000","5,963,000","11,954,000","9,838,000","9,300,000","9,756,000","11,570,000","11,076,000","10,168,000","7,474,000","9,736,000","10,079,000","8,294,000","7,229,000","9,000,000","8,600,000","7,900,000","6,600,000","7,700,000","7,200,000","6,500,000","4,700,000","6,600,000","5,700,000","5,000,000","3,600,000","5,800,000","5,400,000","4,400,000","3,100,000","5,600,000","4,700,000","4,100,000","1,800,000","5,400,000","3,800,000","3,700,000","2,300,000","4,400,000","3,500,000","1,400,000","1,400,000","2,900,000","2,400,000","1,700,000","1,000,000","1,800,000","1,900,000","1,100,000","400,000","800,000","800,000","800,000","800,000"
			NetIncomeContinuousOperations,"97,111,000","24,850,000","19,788,000","23,111,000","29,362,000","25,603,000","-1,561,000","10,018,000","-134,779,000","22,328,000","27,396,000","23,917,000","21,390,000","31,643,000","26,981,000","23,587,000","12,713,000","17,073,000","85,536,000","-451,718,000","21,280,000","14,363,000","21,347,000","24,273,000","26,829,000","25,543,000","25,357,000","24,257,000","26,897,000","28,412,000","-22,425,000","18,887,000","19,167,000","20,824,000","18,131,000","18,730,000","16,937,000","18,239,000","18,819,000","60,573,000","16,938,000","31,344,000","28,620,000","16,525,000","348,000","29,699,000","-50,831,000","14,331,000","14,041,000","19,671,000","-44,051,000","13,505,000","24,814,000","37,141,000","-137,419,000","-11,711,000","-19,271,000","13,942,000","-14,337,000","-11,616,000","14,130,000","11,313,000","10,330,000","11,323,000","10,306,000","12,594,000","9,961,000","11,972,000","11,929,000","10,075,000","10,472,000","7,673,000","4,366,000","10,910,000","8,803,000","11,044,000","10,972,000","5,963,000","11,954,000","9,838,000","9,300,000","9,756,000","11,570,000","11,076,000","10,168,000","7,474,000","9,736,000","10,079,000","8,294,000","7,229,000","9,000,000","8,600,000","7,900,000","6,600,000","7,700,000","7,200,000","6,500,000","4,700,000","6,600,000","5,700,000","5,000,000","3,600,000","5,800,000","5,400,000","4,400,000","3,100,000","5,600,000","4,700,000","4,100,000","1,800,000","5,400,000","3,800,000","3,700,000","2,300,000","4,400,000","3,500,000","1,400,000","1,400,000","3,700,000","2,400,000","1,700,000","1,000,000","1,800,000","1,900,000","1,100,000","400,000","800,000","800,000","800,000","800,000"
			NetIncomeDiscontinuousOperations,,,,,,,,,,,,,,,,,,,,,,,,,,,,,,,,,,,,,,,,,,,,,,,,,,,,,,,,"-93,000","-114,000","-88,000",,,,,,,,,,,,,,,,,,,,,,,,,,,,,,,,,,,,,,,,,,,,,,,,,,,,,,,,,,,,,,,,,,,,,,,,
	PreferredStockDividends,,,,,,,,,,,,,,,,,,,,,,,,,,,,,,,,,,,,,,,"464,000",,,,,,,,"11,259,000","5,640,000","5,700,000","5,760,000","5,281,000","4,750,000","4,750,000","4,750,000","3,150,000",,"4,355,000",,,,,,,,,,,,,,,,,,,,,,,,,,,,,,,,,,,,,,,,,,,,,,,,,,,,,,,,,,,,,,,,,,,,,,,,,
	OtherunderPreferredStockDividend,"2,345,000","598,000","375,000","502,000","657,000","548,000","0","329,000","-4,763,000","748,000","911,000","795,000","719,000","1,111,000","918,000","799,000","428,000","568,000","402,000","-8,496,000","342,000","264,000","284,000","338,000","384,000","382,000","358,000","316,000","359,000","372,000","-406,000","279,000","307,000","343,000","275,000","296,000","298,000","329,000","-1,792,000","1,875,000","1,065,000","1,464,000",,"1,006,000","632,000","1,643,000","-4,096,000","919,000","899,000","1,104,000","-1,275,000","878,000","1,288,000","1,763,000",,,,,,,,,,,,,,,,,,,,,,,,,,,,,,,,,,,,,,,,,,,,,,,,,,,,,,,,,,,,,,,,,,,,,,,,,,,,
AverageDilutionEarnings,,"1,000",,"2,000",,"6,000","0","2,000","3,000","4,000","5,000","6,000","7,000","12,000",,"7,000",,"2,000",,,"0",,"-1,000","1,000","1,000","1,000","1,000","1,000",,,,,,,,,,,,,,,,,,,,,,,,,,,,,,,,,,,,,,,,,,,,,,,,,,,,,,,,,,,,,,,,,,,,,,,,,,,,,,,,,,,,,,,,,,,,,,,,,,,,,,
DilutedNIAvailtoComStockholders,"94,761,000","24,253,000","19,400,000","22,611,000","28,705,000","25,061,000","-1,561,000","9,691,000","-130,013,000","21,584,000","26,490,000","23,128,000","20,678,000","30,544,000","26,055,000","22,795,000","12,285,000","16,507,000","85,129,000","-443,222,000","20,938,000","14,099,000","21,062,000","23,936,000","26,446,000","25,162,000","25,000,000","23,942,000","26,538,000","28,040,000","-22,019,000","18,608,000","18,860,000","20,481,000","17,856,000","18,434,000","16,639,000","17,910,000","18,113,000","58,698,000","15,873,000","29,880,000","27,288,000","15,519,000","-284,000","28,056,000","-57,994,000","7,772,000","7,442,000","12,807,000","-48,057,000","7,877,000","18,776,000","30,628,000","-136,008,000","-11,804,000","-23,740,000","13,854,000","-16,049,000","-11,616,000","14,130,000","11,313,000","10,330,000","11,323,000","10,306,000","12,594,000","9,961,000","11,972,000","11,929,000","10,075,000","10,472,000","7,673,000","4,366,000","10,910,000","8,803,000","11,044,000","10,972,000","5,963,000","11,954,000","9,838,000","9,300,000","9,756,000","11,570,000","11,076,000","10,168,000","7,474,000","9,736,000","10,079,000","8,294,000","7,229,000","9,000,000","8,600,000","7,900,000","6,600,000","7,700,000","7,200,000","6,500,000","4,700,000","6,600,000","5,700,000","5,000,000","3,600,000","5,800,000","5,400,000","4,400,000","3,100,000","5,600,000","4,700,000","4,100,000","1,800,000","5,400,000","3,800,000","3,700,000","2,300,000","4,400,000","3,500,000","1,400,000","1,400,000","2,900,000","2,400,000","1,700,000","1,000,000","1,800,000","1,900,000","1,100,000","400,000",,,,
BasicEPS,,"1.45","1.14","1.34","1.7","1.52","-0.1","0.6","-8.04","1.33","1.61","1.38","1.2","1.76","1.49","1.31","0.7","0.93","4.68","-24.98","1.18","0.8","1.18","1.33","1.46","1.38","1.36","1.29","1.41","1.49","-1.18","0.99","1","1.09","0.95","0.98","0.88","0.95","0.98","3.26","0.89","1.69",,"0.86","-0.02","1.59",,"0.45","0.43","0.75",,"0.46","1.11","1.82",,"-0.98","-1.42","0.5",,"-0.69","0.82","0.63",,"0.63","0.57","0.68",,"0.62","0.6","0.5",,"0.38","0.21","0.51",,"0.51","0.51","0.28",,"0.47","0.44","0.47",,"0.54","0.5","0.37",,"0.5","0.41","0.36",,"0.43","0.39","0.165",,"0.185","0.165","0.12",,"0.15","0.135","0.095",,"0.145","0.115","0.08",,"0.125","0.11","0.05",,"0.1","0.1","0.06",,"0.095","0.04","0.04",,"0.07","0.05","0.03",,"0.06","0.05","0.02",,"0.035","0.035","0.035"
DilutedEPS,,"1.45","1.14","1.33","1.69","1.51","-0.1","0.6","-8.04","1.31","1.59","1.36","1.18","1.73","1.47","1.29","0.69","0.92","4.67","-24.98","1.18","0.79","1.18","1.33","1.45","1.37","1.35","1.28","1.4","1.47","-1.18","0.99","1","1.08","0.94","0.97","0.87","0.93","0.97","3.14","0.88","1.64",,"0.85","-0.02","1.53",,"0.44","0.42","0.75",,"0.46","1.09","1.8",,"-0.98","-1.42","0.5",,"-0.69","0.82","0.63",,"0.62","0.56","0.68",,"0.62","0.6","0.5",,"0.38","0.21","0.5",,"0.51","0.51","0.28",,"0.46","0.44","0.46",,"0.53","0.49","0.37",,"0.5","0.41","0.36",,"0.42","0.39","0.165",,"0.18","0.16","0.12",,"0.145","0.13","0.095",,"0.14","0.115","0.08",,"0.125","0.11","0.05",,"0.1","0.1","0.06",,"0.095","0.04","0.04",,"0.07","0.05","0.03",,"0.06","0.05","0.02",,"0.035","0.035","0.035"
BasicAverageShares,,"16,722,000","16,941,000","16,911,000","16,886,000","16,460,000","16,232,000","16,221,000","16,177,000","16,263,000","16,449,000","16,762,000","17,181,000","17,343,000","17,446,000","17,439,000","17,544,000","17,703,000","17,745,000","17,742,000","17,719,000","17,694,000","17,826,000","17,950,000","18,085,000","18,260,000","18,358,000","18,573,000","18,763,000","18,870,000","18,741,000","18,703,000","18,776,000","18,794,000","18,789,000","18,831,000","18,953,000","18,911,000","18,391,000","18,006,000","17,890,000","17,682,000",,"17,968,000","18,072,000","17,697,000",,"17,227,000","17,226,000","17,011,000",,"16,942,000","16,929,000","16,842,000",,"16,786,000","16,768,000","17,200,000",,"16,935,000","17,156,000","17,842,000",,"17,921,000","18,159,000","18,421,000",,"19,224,000","19,764,000","19,991,000",,"20,153,000","20,958,000","21,406,000",,"21,497,000","21,520,000","21,313,000",,"20,958,000","20,904,000","20,771,000",,"20,572,000","20,272,000","20,048,000",,"20,004,000","19,988,000","20,076,000",,"20,000,000","20,256,410","19,848,000",,"19,708,000","19,702,000","19,628,000",,"19,348,000","19,220,000","19,034,000",,"18,934,000","18,928,000","19,094,000",,"18,716,000","18,664,000","18,636,000",,"18,344,000","18,334,000","18,830,000",,"18,108,000","18,084,000","18,080,000",,"17,930,000","17,930,000","17,862,000",,"17,746,000","10,974,000","10,996,000",,"10,842,000","10,842,000","10,842,000"
DilutedAverageShares,,"16,758,000","16,991,000","16,971,000","16,977,000","16,630,000","16,232,000","16,283,000","16,177,000","16,470,000","16,698,000","17,055,000","17,563,000","17,690,000","17,785,000","17,738,000","17,803,000","17,845,000","17,764,000","17,742,000","17,725,000","17,737,000","17,916,000","18,041,000","18,188,000","18,373,000","18,475,000","18,706,000","18,895,000","19,019,000","18,741,000","18,890,000","18,955,000","19,054,000","19,062,000","19,085,000","19,222,000","19,193,000","18,637,000","18,924,000","18,138,000","18,651,000",,"18,243,000","18,072,000","18,763,000",,"17,568,000","17,560,000","17,972,000",,"16,942,000","17,845,000","17,394,000",,"16,786,000","16,768,000","17,424,000",,"16,935,000","17,328,000","18,046,000",,"18,123,000","18,369,000","18,650,000",,"19,394,000","19,968,000","20,213,000",,"20,318,000","21,134,000","21,613,000",,"21,721,000","21,705,000","21,443,000",,"21,235,000","21,340,000","21,169,000",,"20,948,000","20,625,000","20,420,000",,"20,268,000","20,202,000","20,255,000",,"20,476,190","20,256,410","19,848,000",,"19,708,000","19,702,000","19,628,000",,"19,348,000","19,220,000","19,034,000",,"18,934,000","18,928,000","19,094,000",,"18,716,000","18,664,000","18,636,000",,"18,344,000","18,334,000","18,830,000",,"18,108,000","18,084,000","18,080,000",,"17,930,000","17,930,000","17,862,000",,"17,746,000","10,974,000","10,996,000",,"10,842,000","10,842,000","10,842,000"
TotalOperatingIncomeAsReported,,,,,,,,,,,,,,,,,,,,,,,,,,,,,,,,,,,,,,,,,"28,168,000",,,,"4,067,000",,,,,,,,,,,"32,546,000","62,607,000","64,345,000","71,356,000","-17,428,000","21,535,000","21,261,000","18,104,000","19,770,000","15,477,000","21,485,000","17,406,000","19,977,000","24,077,000","19,745,000","27,231,000","20,459,000","21,155,000","24,575,000","39,140,000","31,444,000","29,137,000","18,721,000","25,724,000","21,104,000","20,165,000","21,391,000","23,890,000","22,291,000","21,676,000","17,588,000","21,455,000","22,144,000","18,264,000","17,915,000","21,200,000","18,800,000","17,000,000","15,000,000","-1,600,000","24,900,000","23,100,000","11,800,000","22,000,000","18,300,000","15,600,000","11,600,000","18,400,000","17,400,000","12,500,000","9,600,000","42,300,000","2,000,000","12,300,000","6,500,000","10,700,000","8,000,000","10,900,000","5,400,000","15,600,000","10,200,000","8,800,000","6,100,000","-3,900,000","7,300,000","2,800,000","2,100,000","7,000,000","5,900,000","6,300,000","2,600,000",,,,
RentExpenseSupplemental,"89,008,000","22,123,000","21,807,000","24,467,000","20,611,000","20,958,000","24,928,000","20,798,000","21,243,000","22,533,000","22,593,000","22,602,000","22,940,000","22,624,000","22,345,000","22,982,000","22,788,000","22,641,000","22,927,000","22,318,000","22,681,000","22,666,000","22,508,000","22,771,000","23,030,000","23,231,000","24,515,000","23,264,000","23,319,000","23,490,000","23,464,000","23,654,000","23,653,000","23,866,000","24,345,000","24,149,000","24,535,000","24,269,000","24,090,000",,,,,,,,,,,,,,,,,,,,,,,,,,,,,,,,,,,,,,,,,,,,,,,,,,,,,,,,,,,,,,,,,,,,,,,,,,,,,,,,,,,,,,,,,,,
TotalExpenses,"723,830,000","181,883,000","184,782,000","180,484,000","176,681,000","161,512,000","170,749,000","149,391,000","113,215,000","162,891,000","176,481,000","169,532,000","175,514,000","180,354,000","163,679,000","144,731,000","147,146,000","149,076,000","114,063,000","105,104,000","103,216,000","116,478,000","102,738,000","102,835,000","101,894,000","106,004,000","113,616,000","109,829,000","111,819,000","112,258,000","118,397,000","108,130,000","103,934,000","107,385,000","108,354,000","106,643,000","105,798,000","105,848,000","110,577,000","171,750,000","171,451,000","179,714,000","185,799,000","205,715,000","209,588,000","234,589,000","246,736,000","270,613,000","272,171,000","283,322,000","280,584,000","266,654,000","264,960,000","271,821,000","287,754,000","330,290,000","361,526,000","378,444,000","142,237,000","108,783,000","67,952,000","68,863,000","69,828,000","68,267,000","62,052,000","67,032,000","70,584,000","71,325,000","58,831,000","66,078,000","67,200,000","66,084,000","64,989,000","67,309,000","72,252,000","72,214,000","73,336,000","68,561,000","81,668,000","70,979,000","64,694,000","60,149,000","66,519,000","58,805,000","61,149,000","52,518,000","64,412,000","56,523,000","52,040,000","50,491,000","51,100,000","53,200,000","50,500,000","46,300,000","69,900,000","41,500,000","42,500,000","44,100,000","39,200,000","38,000,000","36,000,000","34,800,000","35,400,000","34,200,000","32,000,000","30,700,000","23,000,000","32,500,000","27,800,000","26,700,000","32,100,000","29,300,000","26,300,000","27,400,000","23,000,000","28,000,000","26,700,000","24,100,000","23,000,000","21,900,000","21,300,000","20,800,000","20,500,000","21,800,000","21,200,000","20,000,000",,,,
NetIncomeFromContinuingAndDiscontinuedOperation,"97,111,000","24,850,000","19,788,000","23,111,000","29,362,000","25,603,000","-1,561,000","10,018,000","-134,779,000","22,328,000","27,396,000","23,917,000","21,390,000","31,643,000","26,981,000","23,587,000","12,713,000","17,073,000","85,536,000","-451,718,000","21,280,000","14,363,000","21,347,000","24,273,000","26,829,000","25,543,000","25,357,000","24,257,000","26,897,000","28,412,000","-22,425,000","18,887,000","19,167,000","20,824,000","18,131,000","18,730,000","16,937,000","18,239,000","18,819,000","60,573,000","16,938,000","31,344,000","28,620,000","16,525,000","348,000","29,699,000","-50,831,000","14,331,000","14,041,000","19,671,000","-44,051,000","13,505,000","24,814,000","37,141,000","-137,124,000","-11,804,000","-19,385,000","13,854,000","-14,307,000","-11,616,000","14,130,000","11,313,000","10,330,000","11,323,000","10,306,000","12,594,000","9,961,000","11,972,000","11,929,000","10,075,000","10,472,000","7,673,000","4,366,000","10,910,000","8,803,000","11,044,000","10,972,000","5,963,000","11,954,000","9,838,000","9,300,000","9,756,000","11,570,000","11,076,000","10,168,000","7,474,000","9,736,000","10,079,000","8,294,000","7,229,000","9,000,000","8,600,000","7,900,000","6,600,000","7,700,000","7,200,000","6,500,000","4,700,000","6,600,000","5,700,000","5,000,000","3,600,000","5,800,000","5,400,000","4,400,000","3,100,000","5,600,000","4,700,000","4,100,000","1,800,000","5,400,000","3,800,000","3,700,000","2,300,000","4,400,000","3,500,000","1,400,000","1,400,000","3,700,000","2,400,000","1,700,000","1,000,000","1,800,000","1,900,000","1,100,000","400,000",,,,
NormalizedIncome,"100,145,672.792","24,012,800","20,478,658.801","24,419,242","31,293,160","27,192,210","3,942,470","10,957,510","-18,981,562","22,139,840","26,892,193.093","24,597,862","27,938,192","31,876,007","29,420,350.409","23,707,045","10,704,040","17,958,104","85,716,000","21,662,943","19,154,800","14,427,800","22,138,902.858","24,479,393","29,018,025","26,194,429","26,474,821.512","22,771,701","27,231,338","29,531,888","21,303,750","18,879,380","19,483,008","21,524,194","19,037,317.014","18,441,392","17,190,712","19,347,944","-97,410,100","110,771,170.493","16,555,726.255","19,443,415.499","63,175,930.792","17,421,766.361","15,977,900","21,137,321.069","7,822,284.3","15,670,451.881","15,099,738.971","19,671,000","17,255,996.91","17,016,535.621","26,418,776.947","37,141,000","14,995,034.175","8,226,251.84","7,088,257.667","12,337,048.837","27,699,691.159","-10,801,026.943","15,094,476.413","13,415,455.017","10,923,733.645","12,297,737.186","10,893,400","13,320,636.538","10,789,120.473","12,500,112.058","13,138,991.672","10,108,315.983","10,588,468.956","10,326,227.839","10,912,811.686","12,101,250","9,333,655.141","13,259,175.505","12,549,428.116","11,622,881.354","12,360,258.496","10,019,247.697","9,299,375","10,075,366.816","11,645,625","10,942,546.487","10,080,053.227","7,539,804.164","9,772,287.05","10,319,459.393","8,021,551.387","7,573,384.517","9,551,020.408","8,600,000","7,838,281.25","6,476,635.514","-3,850,000","12,386,440.678","11,650,943.396","4,700,000","10,938,888.889","8,853,191.489","7,317,073.171","5,003,389.831","9,157,894.737","8,737,078.652","5,906,849.315","4,254,901.961","24,226,086.957","-180,769.231","6,210,294.118","2,640,000","5,400,000","3,800,000","3,700,000","2,300,000","4,400,000","3,500,000","1,400,000","1,400,000","-3,140,000","3,600,000","920,000","580,000","3,360,000","2,680,000","2,872,222.222","580,000",,,,
InterestIncome,,,,,,,,,"200,000",,,,,,,,,,,,,,,,,,,,,,,,,,,,,,,"3,152,000",,,,,,,,,,,,,,,,,,,,,,,,,,,,,,,,,,,,,,,,,,,,,,,,,,,,,,,,,,,,,,,,,,,,,,,,,,,,,,,,,,,,,,,,,,
InterestExpense,"62,368,000","15,533,000","15,375,000","15,721,000","15,739,000","16,496,000","17,752,000","16,844,000","17,327,000","15,172,000","15,160,000","15,238,000","14,602,000","15,393,000","15,576,000","15,430,000","15,481,000","15,199,000","15,483,000","15,353,000","15,780,000","15,363,000","15,372,000","15,358,000","15,383,000","15,366,000","16,497,000","15,434,000","15,677,000","15,646,000","21,742,000","24,984,000","24,942,000","24,969,000","25,034,000","24,979,000","24,956,000","25,295,000","25,571,000","28,896,000","29,650,000","30,221,000","31,364,000","32,170,000","32,867,000","36,306,000","40,062,000","42,814,000","43,692,000","44,878,000","46,862,000","45,231,000","45,970,000","48,532,000",,,,,,,,,,,,,,,,,,,,,,,,,,,,,,,,,,,,,,,,,,,,,,,,,,,,,,,,,,,,,,,,,,,,,,,,,,,,
NetInterestIncome,"-62,368,000","-15,533,000","-15,375,000","-15,721,000","-15,739,000","-16,496,000","-17,752,000","-16,844,000","-17,127,000","-15,172,000","-15,160,000","-15,238,000","-14,602,000","-15,393,000","-15,576,000","-15,430,000","-15,481,000","-15,199,000","-15,483,000","-15,353,000","-15,780,000","-15,363,000","-15,372,000","-15,358,000","-15,383,000","-15,366,000","-16,497,000","-15,434,000","-15,677,000","-15,646,000","-21,742,000","-24,984,000","-24,942,000","-24,969,000","-25,034,000","-24,979,000","-24,956,000","-25,295,000","-36,965,000","-25,744,000","-29,650,000","-30,221,000","-31,364,000","-32,170,000","-32,867,000","-36,306,000","-40,062,000","-42,814,000","-43,692,000","-44,878,000","-46,862,000","-45,231,000","-45,970,000","-48,532,000",,,,,,,,,,,,,,,,,,,,,,,,,,,,,,,,,,,,,,,,,,,,,,,,,,,,,,,,,,,,,,,,,,,,,,,,,,,,
EBIT,"194,434,000","49,690,000","43,854,000","46,493,000","54,397,000","40,510,000","17,742,000","25,997,000","-129,444,000","44,238,000","51,702,000","46,970,000","43,669,000","56,525,000","47,630,000","46,677,000","40,077,000","37,910,000","34,412,000","-492,920,000","55,525,000","39,588,000","50,146,000","52,863,000","55,121,000","56,471,000","55,945,000","55,031,000","59,189,000","61,738,000","-21,259,000","54,735,000","56,074,000","58,683,000","48,380,000","55,104,000","51,912,000","55,485,000","57,424,000","115,492,000","57,077,000","79,268,000","68,123,000","57,397,000","34,704,000","77,481,000","-44,363,000","63,014,000","66,065,000","74,650,000","-24,001,000","62,426,000","82,338,000","102,416,000","-172,859,000","60,891,000","62,607,000","64,345,000","71,356,000","-17,428,000","21,535,000","21,261,000","18,104,000","19,770,000","15,477,000","21,485,000","17,406,000","19,977,000","24,077,000","19,745,000","27,231,000","20,459,000","21,155,000","24,575,000","30,516,000","32,548,000","29,948,000","25,430,000","25,724,000","21,104,000","20,165,000","21,391,000","23,890,000","22,291,000","21,676,000","17,588,000","21,455,000","22,144,000","18,264,000","17,915,000","21,200,000","18,800,000","17,000,000","15,000,000","-1,600,000","24,900,000","23,100,000","11,800,000","22,000,000","18,300,000","15,600,000","11,600,000","18,400,000","17,400,000","12,500,000","9,600,000","42,300,000","2,000,000","12,300,000","6,500,000","10,700,000","8,000,000","10,900,000","5,400,000","15,600,000","10,200,000","8,800,000","6,100,000","-3,900,000","7,300,000","2,800,000","2,100,000","7,000,000","5,900,000","6,300,000","2,600,000","-18,200,000","12,000,000","12,000,000","12,000,000"
EBITDA,"234,262,000"
ReconciledCostOfRevenue,"510,527,000","130,397,000","125,945,000","126,761,000","127,424,000","111,606,000","120,533,000","101,810,000","71,641,000","114,642,000","123,793,000","119,895,000","125,529,000","127,356,000","109,974,000","96,090,000","100,485,000","99,225,000","66,490,000","59,443,000","58,134,000","58,467,000","58,058,000","59,463,000","57,903,000","58,506,000","59,866,000","59,973,000","69,202,000","70,213,000","66,815,000","65,556,000","60,403,000","64,417,000","60,933,000","62,432,000","61,357,000","62,980,000","64,188,000","113,213,000","123,719,000","129,619,000","137,611,000","154,743,000","158,079,000","179,216,000","188,857,000","215,589,000","218,917,000","229,254,000","228,477,000","235,236,000","218,001,000","230,167,000","230,737,000","261,392,000","285,710,000","302,087,000","107,574,000","90,941,000","53,849,000","52,742,000","52,793,000","52,037,000","46,864,000","51,942,000","54,741,000","56,444,000","46,317,000","50,515,000","50,724,000","50,350,000","50,944,000","53,674,000","56,250,000","59,470,000","59,774,000","56,294,000","64,969,000","54,022,000","48,382,000","45,897,000","51,894,000","45,212,000","47,050,000","39,396,000","51,084,000","44,269,000","39,156,000","38,914,000","39,500,000","41,300,000","38,500,000","35,000,000","109,000,000","14,300,000","31,100,000","33,600,000","71,100,000","13,100,000","12,500,000","11,900,000","63,000,000","11,900,000","11,600,000","11,400,000","53,000,000","11,100,000","10,300,000","10,600,000","47,900,000","10,300,000","9,500,000","9,500,000","-300,000","11,900,000","8,300,000","10,100,000","7,500,000","7,400,000","6,800,000","6,400,000","15,100,000","16,100,000","15,900,000","14,700,000",,,,
ReconciledDepreciation,"39,828,000","9,938,000","9,890,000","10,019,000","9,981,000","9,995,000","10,776,000","10,708,000","10,704,000","10,641,000","10,978,000","10,715,000","10,621,000","10,179,000","8,445,000","7,888,000","7,902,000","7,940,000","7,595,000","7,631,000","7,716,000","7,706,000","7,682,000","7,370,000","7,480,000","8,074,000","8,706,000","8,279,000","8,040,000","7,815,000","8,508,000","8,739,000","8,715,000","8,783,000","8,839,000","8,880,000","8,800,000","8,836,000","8,782,000","9,800,000","10,493,000","10,463,000","11,621,000","12,260,000","13,049,000","13,290,000","13,833,000","15,430,000","16,008,000","16,156,000","16,973,000","-3,256,000","25,548,000","26,114,000","29,538,000","27,110,000","26,586,000","28,783,000","15,368,000","5,631,000","5,650,000","5,180,000","5,008,000","5,054,000","4,963,000","5,025,000","5,193,000","5,050,000","4,996,000","4,914,000","4,869,000","4,535,000","4,617,000","4,715,000","4,798,000","4,816,000","4,597,000","4,414,000","4,183,000","3,961,000","3,964,000","3,859,000","3,920,000","3,671,000","3,667,000","3,560,000","3,512,000","3,398,000","3,338,000","3,314,000","3,100,000","3,100,000","3,100,000","3,000,000","2,900,000","2,900,000","2,800,000","2,700,000","2,600,000","2,500,000","2,500,000","2,400,000","2,300,000","2,100,000","2,000,000","1,900,000","1,800,000","1,700,000","1,800,000","1,600,000","1,600,000","1,600,000","1,600,000","1,600,000","1,500,000","1,500,000","1,400,000","1,300,000","1,200,000","1,300,000","1,300,000","1,200,000","1,100,000","1,300,000","1,200,000","1,300,000",,,,
NetIncomeFromContinuingOperationNetMinorityInterest,"97,111,000","24,850,000","19,788,000","23,111,000","29,362,000","25,603,000","-1,561,000","10,018,000","-134,779,000","22,328,000","27,396,000","23,917,000","21,390,000","31,643,000","26,981,000","23,587,000","12,713,000","17,073,000","85,536,000","-451,718,000","21,280,000","14,363,000","21,347,000","24,273,000","26,829,000","25,543,000","25,357,000","24,257,000","26,897,000","28,412,000","-22,425,000","18,887,000","19,167,000","20,824,000","18,131,000","18,730,000","16,937,000","18,239,000","18,819,000","60,573,000","16,938,000","31,344,000","28,620,000","16,525,000","348,000","29,699,000","-50,831,000","14,331,000","14,041,000","19,671,000","-44,051,000","13,505,000","24,814,000","37,141,000","-137,419,000","-11,711,000","-19,271,000","13,942,000","-14,337,000","-11,616,000","14,130,000","11,313,000","10,330,000","11,323,000","10,306,000","12,594,000","9,961,000","11,972,000","11,929,000","10,075,000","10,472,000","7,673,000","4,366,000","10,910,000","8,803,000","11,044,000","10,972,000","5,963,000","11,954,000","9,838,000","9,300,000","9,756,000","11,570,000","11,076,000","10,168,000","7,474,000","9,736,000","10,079,000","8,294,000","7,229,000","9,000,000","8,600,000","7,900,000","6,600,000","7,700,000","7,200,000","6,500,000","4,700,000","6,600,000","5,700,000","5,000,000","3,600,000","5,800,000","5,400,000","4,400,000","3,100,000","5,600,000","4,700,000","4,100,000","1,800,000","5,400,000","3,800,000","3,700,000","2,300,000","4,400,000","3,500,000","1,400,000","1,400,000","3,700,000","2,400,000","1,700,000","1,000,000","1,800,000","1,900,000","1,100,000","400,000",,,,
TotalUnusualItemsExcludingGoodwill,"-4,127,000","1,150,000","-994,000","-1,742,000","-2,541,000","-2,177,000","-7,539,000","-1,287,000","-126,141,000","245,000","672,000","-903,000","-8,897,000","-303,000","-2,898,000","-159,000","2,752,000","-1,177,000","-300,000","-532,487,000","3,542,000","-108,000","-1,290,000","-319,000","-3,243,000","-1,049,000","-1,739,000","2,423,000","-541,000","-1,818,000","-67,275,000","12,000","-513,000","-1,133,000","-1,167,000","464,000","-404,000","-1,836,000","178,814,000","-71,764,000","619,000","18,622,000","-44,383,000","-1,369,000","-24,046,000","11,870,000","-97,417,000","-1,888,000","-1,687,000",,"-98,622,000","-4,471,000","-2,352,000",,"-176,127,000","-25,208,000","-41,077,000","1,782,000","-64,804,000","-1,315,000","-1,376,000","-3,332,000","-984,000","-1,567,000","-979,000","-1,172,000","-1,336,000","-844,000","-1,961,000","-54,000","-194,000","-4,248,000","-10,471,000","-1,906,000","-849,000","-3,544,000","-2,524,000","-9,056,000","-650,000","-290,000","1,000","-511,000","-121,000","208,000","143,000","-107,000","-59,000","-391,000","443,000","-560,000","-900,000",,"100,000","200,000","18,900,000","-8,500,000","-8,400,000",,"-7,100,000","-5,200,000","-3,800,000","-2,300,000","-5,500,000","-5,500,000","-2,500,000","-1,900,000","-30,600,000","8,100,000","-3,500,000","-1,400,000",,,,,,,,,"11,400,000","-2,000,000","1,300,000","700,000","-2,600,000","-1,300,000","-2,900,000","-300,000",,,,
TotalUnusualItems,"-4,127,000","1,150,000","-994,000","-1,742,000","-2,541,000","-2,177,000","-7,539,000","-1,287,000","-126,141,000","245,000","672,000","-903,000","-8,897,000","-303,000","-2,898,000","-159,000","2,752,000","-1,177,000","-300,000","-532,487,000","3,542,000","-108,000","-1,290,000","-319,000","-3,243,000","-1,049,000","-1,739,000","2,423,000","-541,000","-1,818,000","-67,275,000","12,000","-513,000","-1,133,000","-1,167,000","464,000","-404,000","-1,836,000","178,814,000","-71,764,000","619,000","18,622,000","-44,383,000","-1,369,000","-24,046,000","11,870,000","-97,417,000","-1,888,000","-1,687,000",,"-98,622,000","-4,471,000","-2,352,000",,"-176,127,000","-25,208,000","-41,077,000","1,782,000","-64,804,000","-1,315,000","-1,376,000","-3,332,000","-984,000","-1,567,000","-979,000","-1,172,000","-1,336,000","-844,000","-1,961,000","-54,000","-194,000","-4,248,000","-10,471,000","-1,906,000","-849,000","-3,544,000","-2,524,000","-9,056,000","-650,000","-290,000","1,000","-511,000","-121,000","208,000","143,000","-107,000","-59,000","-391,000","443,000","-560,000","-900,000",,"100,000","200,000","18,900,000","-8,500,000","-8,400,000",,"-7,100,000","-5,200,000","-3,800,000","-2,300,000","-5,500,000","-5,500,000","-2,500,000","-1,900,000","-30,600,000","8,100,000","-3,500,000","-1,400,000",,,,,,,,,"11,400,000","-2,000,000","1,300,000","700,000","-2,600,000","-1,300,000","-2,900,000","-300,000",,,,
NormalizedEBITDA,"238,389,000","58,478,000","54,738,000","58,254,000","66,919,000","52,682,000","36,057,000","37,992,000","7,401,000","54,634,000","62,008,000","58,588,000","63,187,000","67,007,000","58,973,000","54,724,000","45,227,000","47,027,000","42,307,000","47,198,000","59,699,000","47,402,000","59,118,000","60,552,000","65,844,000","65,594,000","66,390,000","60,887,000","67,770,000","71,371,000","54,524,000","63,462,000","65,302,000","68,599,000","58,386,000","63,520,000","61,116,000","66,157,000","-112,608,000","197,056,000","66,951,000","71,109,000","124,127,000","71,026,000","71,799,000","78,901,000","66,887,000","80,332,000","83,760,000","90,806,000","91,594,000","69,916,000","110,238,000","128,530,000","32,806,000","113,209,000","130,270,000","91,346,000","151,528,000","-10,482,000","28,561,000","29,773,000","24,096,000","26,391,000","21,419,000","27,682,000","23,935,000","25,871,000","31,034,000","24,713,000","32,294,000","29,242,000","36,243,000","31,196,000","36,163,000","40,908,000","37,069,000","38,900,000","30,557,000","25,355,000","24,128,000","25,761,000","27,931,000","25,754,000","25,200,000","21,255,000","25,026,000","25,933,000","21,159,000","21,789,000","25,200,000","22,000,000","20,000,000","17,800,000","-17,600,000","36,300,000","34,300,000","14,500,000","31,700,000","26,000,000","21,900,000","16,300,000","26,200,000","25,000,000","17,000,000","13,400,000","74,700,000","-4,400,000","17,600,000","9,500,000","12,300,000","9,600,000","12,500,000","7,000,000","17,100,000","11,700,000","10,200,000","7,400,000","-14,100,000","10,600,000","2,800,000","2,600,000","10,700,000","8,500,000","10,500,000","4,200,000","-18,200,000","12,000,000","12,000,000","12,000,000"
TaxRateForCalcs,"0.265","0.272","0.305","0.249","0.24","0.27","0.27","0.27","0.082","0.232","0.25","0.246","0.264","0.231","0.158","0.245","0.27","0.248","0.4","0.111","0.4","0.4","0.386","0.353","0.325","0.379","0.357","0.387","0.382","0.384","0.35","0.365","0.384","0.382","0.223","0.378","0.372","0.396","0.35","0.301","0.382","0.361","0.221","0.345","0.35","0.279","0.398","0.291","0.372","0.339","0.378","0.215","0.318","0.311","0.135","0.209","0.358","0.099","0.351","0.38","0.299","0.369","0.397","0.378","0.4","0.38","0.38","0.374","0.383","0.383","0.4","0.375","0.375","0.375","0.375","0.375","0.375","0.375","0.375","0.375","0.375","0.375","0.375","0.358","0.385","0.385","0.385","0.385","0.385","0.385","0.388","0.386","0.383","0.383","0.389","0.39","0.387","0.39","0.389","0.394","0.39","0.39","0.389","0.393","0.397","0.392","0.391","0.397","0.397","0.4","0.393","0.397","0.393","0.395","0.4","0.4","0.391","0.4","0.4","0.4","0.4","0.4","0.4","0.4","0.389","0.4",,,,
TaxEffectOfUnusualItems,"-1,092,327.208","312,800","-303,341.199","-433,758","-609,840","-587,790","-2,035,530","-347,490","-10,343,562","56,840","168,193.093","-222,138","-2,348,808","-69,993","-458,649.591","-38,955","743,040","-291,896","-120,000","-59,106,057","1,416,800","-43,200","-498,097.142","-112,607","-1,053,975","-397,571","-621,178.488","937,701","-206,662","-698,112","-23,546,250","4,380","-196,992","-432,806","-260,682.986","175,392","-150,288","-727,056","62,584,900","-21,565,829.507","236,726.255","6,721,415.499","-9,827,069.208","-472,233.639","-8,416,100","3,308,321.069","-38,763,715.7","-548,548.119","-628,261.029","0","-37,315,003.09","-959,464.379","-747,223.053","0","-23,712,965.825","-5,270,748.16","-14,717,742.333","177,048.837","-22,767,308.841","-500,026.943","-411,523.587","-1,229,544.983","-390,266.355","-592,262.814","-391,600","-445,363.462","-507,879.527","-315,887.942","-751,008.328","-20,684.017","-77,531.044","-1,594,772.161","-3,924,188.314","-714,750","-318,344.859","-1,328,824.495","-946,571.884","-3,396,118.646","-243,741.504","-108,752.303","375","-191,633.184","-45,375","74,546.487","55,053.227","-41,195.836","-22,712.95","-150,540.607","170,551.387","-215,615.483","-348,979.592","0","38,281.25","76,635.514","7,350,000","-3,313,559.322","-3,249,056.604","0","-2,761,111.111","-2,046,808.511","-1,482,926.829","-896,610.169","-2,142,105.263","-2,162,921.348","-993,150.685","-745,098.039","-11,973,913.043","3,219,230.769","-1,389,705.882","-560,000","0","0","0","0","0","0","0","0","4,560,000","-800,000","520,000","280,000","-1,040,000","-520,000","-1,127,777.778","-120,000",,,,