name,ttm,03/31/2022,12/31/2021,09/30/2021,06/30/2021,03/31/2021,12/31/2020,09/30/2020,06/30/2020,03/31/2020,12/31/2019,09/30/2019,06/30/2019,03/31/2019,12/31/2018,09/30/2018,06/30/2018,03/31/2018,12/31/2017,09/30/2017,06/30/2017,03/31/2017,12/31/2016,09/30/2016,06/30/2016,03/31/2016,12/31/2015,09/30/2015,06/30/2015,03/31/2015,12/31/2014,09/30/2014,06/30/2014,03/31/2014,12/31/2013,09/30/2013,06/30/2013,03/31/2013,12/31/2012,09/30/2012,06/30/2012,03/31/2012,12/31/2011,09/30/2011,06/30/2011,03/31/2011,12/31/2010,09/30/2010,06/30/2010,03/31/2010,12/31/2009,09/30/2009,06/30/2009,03/31/2009,12/31/2008,09/30/2008,06/30/2008,03/31/2008,12/31/2007,09/30/2007,06/30/2007,03/31/2007,12/31/2006,09/30/2006,06/30/2006,03/31/2006,12/31/2005,09/30/2005,06/30/2005,03/31/2005,12/31/2004,09/30/2004,06/30/2004,03/31/2004,12/31/2003,09/30/2003,06/30/2003,03/31/2003,12/31/2002,09/30/2002,06/30/2002,03/31/2002,12/31/2001,09/30/2001,06/30/2001,03/31/2001,12/31/2000,09/30/2000,06/30/2000,03/31/2000,12/31/1999,09/30/1999,06/30/1999,03/31/1999,12/31/1998,09/30/1998,06/30/1998,03/31/1998,12/31/1997,09/30/1997,06/30/1997,03/31/1997,12/31/1996,09/30/1996,06/30/1996,03/31/1996,12/31/1995,09/30/1995,06/30/1995,03/31/1995,12/31/1994,09/30/1994,06/30/1994,03/31/1994,12/31/1993,09/30/1993,06/30/1993,03/31/1993,12/31/1992,09/30/1992,06/30/1992,03/31/1992,12/31/1991,09/30/1991,06/30/1991,03/31/1991,10/31/1990,07/31/1990,04/30/1990,01/31/1990,10/31/1989,07/31/1989,04/30/1989,01/31/1989,10/31/1988,07/31/1988,04/30/1988,01/31/1988,10/31/1987,07/31/1987,04/30/1987,01/31/1987,10/31/1986,07/31/1986,04/30/1986,01/31/1986,10/31/1985
TotalRevenue,"1,874,164,000","482,123,000","480,171,000","471,422,000","440,448,000","413,121,000","350,370,000","309,459,000","288,669,000","280,717,000","301,157,000","323,674,000","322,006,000","302,293,000","314,446,000","320,946,000","304,085,000","274,512,000","268,430,000","285,247,000","264,224,000","236,303,000","232,085,000","250,694,000","236,645,000","222,738,000","214,382,000","208,888,000","219,453,000","206,182,000","223,671,000","233,777,000","223,217,000","209,986,000","210,993,000","224,510,000","214,379,000","176,964,000","163,287,000","166,617,000","159,239,000","144,663,000","143,313,000","160,577,000","169,806,000","161,555,000","163,766,000","163,120,000","149,153,000","136,847,000","130,287,000","122,122,000","103,898,000","78,050,000","87,140,000","134,047,000","116,018,000","95,580,000","107,592,000","105,264,000","96,283,000","92,020,000","94,432,000","92,575,000","82,712,000","73,589,000","61,367,000","54,200,000","50,598,000","48,600,000","47,908,000","49,353,000","47,012,000","41,430,000","39,120,000","34,941,000","33,391,000","29,453,000","28,664,000","30,287,000","29,946,000","26,924,000","25,786,000","22,698,000","21,001,000","25,814,000","26,093,000","32,332,000","32,600,000","27,437,000","23,300,000","21,800,000","18,000,000","15,600,000","14,500,000","14,600,000","14,300,000","16,800,000","16,700,000","16,900,000","15,500,000","16,500,000","14,900,000","14,400,000","13,500,000","13,200,000","14,100,000","15,400,000","14,500,000","14,200,000","10,200,000","9,900,000","9,400,000","8,800,000","7,600,000","7,200,000","6,400,000","5,200,000","5,000,000","4,700,000","4,600,000","4,100,000","3,800,000","3,700,000","3,600,000","3,500,000","4,000,000","3,700,000","3,400,000","3,100,000","3,100,000","3,200,000","3,100,000","3,100,000","3,900,000","3,700,000","3,500,000","3,500,000","4,100,000","4,100,000","3,500,000","2,900,000","3,100,000","2,800,000","2,800,000","2,800,000","2,800,000"
	OperatingRevenue,"1,874,164,000","482,123,000","480,171,000","471,422,000","440,448,000","413,121,000","350,370,000","309,459,000","288,669,000","280,717,000","301,157,000","323,674,000","322,006,000","302,293,000","314,446,000","320,946,000","304,085,000","274,512,000","268,430,000","285,247,000","264,224,000","236,303,000","232,085,000","250,694,000","236,645,000","222,738,000","214,382,000","208,888,000","219,453,000","206,182,000","223,671,000","233,777,000","223,217,000","209,986,000","210,993,000","224,510,000","214,379,000","176,964,000","163,287,000","166,617,000","159,239,000","144,663,000","143,313,000","160,577,000","169,806,000","161,555,000","163,766,000","163,120,000","149,153,000","136,847,000","130,287,000","122,122,000","103,898,000","78,050,000","87,140,000","134,047,000","116,018,000","95,580,000","107,592,000","105,264,000","96,283,000","92,020,000","94,432,000","92,575,000","82,712,000","73,589,000","61,367,000","54,200,000","50,598,000","48,600,000","47,908,000","49,353,000","47,012,000","41,430,000","39,120,000","34,941,000","33,391,000","29,453,000","28,664,000","30,287,000","29,946,000","26,924,000","25,786,000","22,698,000","21,001,000","25,748,000","26,093,000","32,332,000","32,600,000","27,437,000","23,300,000","21,800,000","18,000,000","15,600,000","14,500,000","14,600,000","14,300,000","16,800,000","16,700,000","16,900,000","15,500,000","16,500,000","14,900,000","14,400,000","13,500,000","13,200,000","14,100,000","15,400,000","14,500,000","14,200,000","10,200,000","9,900,000","9,400,000","8,800,000","7,600,000","7,200,000","6,400,000","5,200,000","5,000,000","4,700,000","4,600,000","4,100,000","3,800,000","3,700,000","3,600,000","3,500,000","4,000,000","3,700,000","3,400,000","3,100,000","3,100,000","3,200,000","3,100,000","3,100,000","3,900,000","3,700,000","3,500,000","3,500,000","4,100,000","4,100,000","3,500,000","2,900,000","3,100,000","2,800,000","2,800,000","2,800,000","2,800,000"
CostOfRevenue,"1,145,743,000","285,426,000","289,480,000","290,191,000","280,646,000","274,485,000","227,673,000","198,369,000","187,177,000","184,875,000","191,795,000","201,628,000","200,018,000","189,882,000","200,247,000","205,732,000","196,817,000","175,917,000","172,051,000","188,900,000","174,085,000","162,392,000","164,822,000","170,071,000","161,828,000","158,518,000","160,785,000","147,252,000","150,016,000","142,269,000","153,009,000","159,045,000","152,913,000","148,405,000","150,192,000","154,951,000","153,086,000","130,781,000","120,040,000","123,012,000","118,211,000","110,957,000","107,818,000","115,383,000","114,191,000","104,162,000","101,124,000","102,143,000","95,686,000","89,064,000","88,518,000","84,547,000","76,528,000","63,557,000","64,264,000","95,929,000","76,400,000","63,664,000","71,566,000","71,112,000","65,605,000","62,496,000","62,884,000","61,879,000","55,279,000","49,375,000","39,960,000","35,323,000","33,101,000","32,004,000","31,697,000","32,607,000","31,984,000","28,680,000","27,561,000","25,779,000","25,045,000","22,205,000","21,411,000","22,420,000","22,815,000","22,572,000","22,191,000","20,279,000","16,957,000","19,544,000","17,046,000","19,962,000","21,022,000","18,002,000","15,600,000","15,200,000","13,100,000","11,300,000","10,700,000","10,700,000","10,500,000","12,100,000","11,900,000","12,300,000","10,700,000","11,600,000","10,300,000","10,800,000","10,000,000","9,400,000","10,000,000","10,900,000","10,300,000","10,200,000","7,200,000","7,000,000","6,800,000","6,400,000","5,600,000","5,100,000","4,600,000","3,800,000","3,700,000","3,400,000",,,"2,600,000","2,600,000",,,,,,,,,,,,,,,,,,,,,,,
GrossProfit,"728,421,000","196,697,000","190,691,000","181,231,000","159,802,000","138,636,000","122,697,000","111,090,000","101,492,000","95,842,000","109,362,000","122,046,000","121,988,000","112,411,000","114,199,000","115,214,000","107,268,000","98,595,000","96,379,000","96,347,000","90,139,000","73,911,000","67,263,000","80,623,000","74,817,000","64,220,000","53,597,000","61,636,000","69,437,000","63,913,000","70,662,000","74,732,000","70,304,000","61,581,000","60,801,000","69,559,000","61,293,000","46,183,000","43,247,000","43,605,000","41,028,000","33,706,000","35,495,000","45,194,000","55,615,000","57,393,000","62,642,000","60,977,000","53,467,000","47,783,000","41,769,000","37,575,000","27,370,000","14,493,000","22,876,000","38,118,000","39,618,000","31,916,000","36,026,000","34,152,000","30,678,000","29,524,000","31,548,000","30,696,000","27,433,000","24,214,000","21,407,000","18,877,000","17,497,000","16,596,000","16,211,000","16,746,000","15,028,000","12,750,000","11,559,000","9,162,000","8,346,000","7,248,000","7,253,000","7,867,000","7,131,000","4,352,000","3,595,000","2,419,000","4,044,000","6,270,000","9,047,000","12,370,000","11,578,000","9,435,000","7,700,000","6,600,000","4,900,000","4,300,000","3,800,000","3,900,000","3,800,000","4,700,000","4,800,000","4,600,000","4,800,000","4,900,000","4,600,000","3,600,000","3,500,000","3,800,000","4,100,000","4,500,000","4,200,000","4,000,000","3,000,000","2,900,000","2,600,000","2,400,000","2,000,000","2,100,000","1,800,000","1,400,000","1,300,000","1,300,000",,,"1,200,000","1,100,000",,,,,,,,,,,,,,,,,,,,,,,
OperatingExpense,"406,522,000","103,639,000","104,454,000","103,984,000","94,445,000","91,246,000","82,835,000","73,235,000","70,623,000","69,990,000","72,538,000","73,331,000","73,472,000","70,288,000","69,949,000","69,376,000","68,898,000","71,975,000","68,674,000","68,598,000","64,473,000","62,323,000","61,892,000","60,670,000","63,540,000","62,765,000","60,312,000","50,242,000","47,439,000","47,010,000","49,624,000","49,728,000","47,161,000","47,238,000","45,727,000","49,297,000","51,055,000","42,407,000","43,233,000","36,083,000","32,724,000","28,206,000","30,556,000","31,828,000","30,261,000","29,063,000","30,408,000","31,147,000","29,315,000","28,923,000","28,019,000","26,634,000","21,743,000","22,422,000","23,633,000","29,857,000","22,121,000","18,350,000","18,640,000","18,161,000","16,553,000","15,623,000","15,453,000","13,798,000","13,793,000","13,370,000","9,844,000","8,519,000","8,046,000","7,487,000","6,341,000","7,112,000","7,224,000","6,262,000","6,973,000","6,001,000","5,196,000","4,409,000","4,093,000","4,770,000","4,830,000","4,078,000","105,719,000","3,845,000","3,453,000","5,267,000","5,760,000","6,299,000","6,359,000","5,540,000","4,500,000","4,300,000","4,000,000","3,700,000","2,900,000","3,100,000","3,100,000","3,100,000","2,900,000","2,800,000","3,300,000","3,200,000","3,500,000","2,500,000","2,600,000","2,600,000","2,200,000","2,500,000","2,500,000","2,500,000","2,300,000","1,900,000","1,800,000","1,700,000","1,600,000","1,600,000","1,500,000","1,500,000","1,300,000","1,300,000",,,"1,100,000","1,200,000",,,,,,,,,,,,,,,,,,,,,,,
	SellingGeneralAndAdministration,"270,477,000","71,443,000","70,951,000","67,803,000","60,280,000","58,676,000","52,829,000","44,651,000","45,372,000","42,215,000","44,200,000","46,123,000","47,333,000","43,688,000","44,419,000","42,475,000","42,153,000","47,150,000","44,727,000","43,525,000","39,697,000","39,690,000","39,091,000","38,321,000","41,390,000","39,454,000","40,963,000","34,669,000","31,882,000","31,731,000","34,183,000","33,897,000","33,291,000","32,330,000","32,840,000","33,810,000","35,080,000","30,376,000","28,661,000","25,796,000","24,760,000","22,146,000","22,585,000","23,404,000","22,575,000","21,410,000","23,106,000","22,837,000","21,422,000","21,419,000","20,021,000","19,079,000","15,240,000","16,056,000","15,718,000","20,914,000","17,127,000","14,659,000","14,779,000","14,607,000","13,397,000","12,679,000","13,121,000","11,825,000","11,716,000","11,284,000","8,816,000","7,581,000","7,196,000","6,692,000","5,424,000","6,171,000","6,417,000","5,491,000","5,489,000","5,089,000","4,796,000","4,149,000","3,852,000","4,311,000","4,370,000","3,765,000","3,229,000","3,845,000","3,453,000","3,184,000","4,093,000","5,050,000","5,270,000","4,542,000","3,600,000","3,600,000","3,400,000","3,100,000","2,500,000","2,800,000","2,900,000","2,800,000","2,500,000","2,600,000","3,100,000","3,000,000","3,000,000","2,400,000","2,600,000","2,500,000","2,100,000","2,500,000","2,400,000","2,400,000","2,200,000","1,800,000","1,800,000","1,700,000","1,600,000","1,500,000","1,400,000","1,400,000","1,200,000","1,200,000",,,"1,000,000","1,100,000",,,,,,,,,,,,,,,,,,,,,,,
	ResearchAndDevelopment,"120,218,000","28,677,000","30,096,000","31,458,000","29,987,000","27,659,000","24,819,000","24,469,000","21,322,000","23,678,000","21,951,000","22,689,000","21,707,000","22,170,000","21,487,000","22,549,000","22,050,000","20,200,000","19,662,000","20,379,000","19,796,000","18,040,000","17,690,000","17,088,000","17,010,000","18,149,000","16,383,000","13,745,000","13,590,000","13,309,000","12,571,000","13,864,000","12,781,000","12,920,000","12,466,000","13,611,000","12,145,000","10,080,000","9,295,000","9,084,000","8,218,000","7,164,000","6,876,000","7,304,000","6,533,000","6,518,000","6,181,000","7,212,000","6,815,000","6,376,000","6,813,000","6,284,000","5,385,000","5,275,000","5,792,000","7,360,000","4,994,000","3,736,000","3,861,000","3,554,000","3,156,000","2,944,000","2,332,000","1,941,000","2,077,000","1,966,000","1,025,000","938,000","850,000","900,000","917,000","942,000","815,000","748,000","691,000","612,000","400,000","260,000","241,000","459,000","460,000","313,000",,,,,,,,,,,,,,,,,,,,,,,,,,,,,,,,,,,,,,,,,,,,,,,,,,,,,,,,,,,,,,,,,
	DepreciationAmortizationDepletionIncomeStatement,"16,055,000","3,862,000","4,077,000","4,056,000","4,060,000","4,023,000","4,012,000","4,007,000","4,021,000","4,221,000","4,502,000","4,519,000","4,536,000","4,484,000","4,488,000","4,418,000","4,678,000","4,767,000","4,700,000","4,694,000","4,646,000","4,758,000","5,099,000","5,117,000","5,131,000","5,131,000","2,966,000","1,828,000",,,"1,954,000",,,"1,981,000","2,003,000",,"2,295,000",,"1,721,000",,,,,"1,120,000","1,153,000",,"1,121,000","1,098,000","1,078,000","1,128,000","1,185,000","1,271,000","1,118,000","1,091,000","2,123,000","1,583,000",,,,,,,,,,,,,,,,,,,,,,,,,,,,,,"2,083,000","1,667,000","1,249,000","1,089,000","998,000","900,000","700,000","600,000","600,000","400,000","300,000","200,000","300,000","400,000","200,000","200,000","200,000","500,000","100,000",,"100,000","100,000",,"100,000","100,000","100,000","100,000",,,"0","100,000","100,000","100,000","100,000","100,000",,,"100,000","100,000",,,,,,,,,,,,,,,,,,,,,,,
		DepreciationAndAmortizationInIncomeStatement,"16,055,000","3,862,000","4,077,000","4,056,000","4,060,000","4,023,000","4,012,000","4,007,000","4,021,000","4,221,000","4,502,000","4,519,000","4,536,000","4,484,000","4,488,000","4,418,000","4,678,000","4,767,000","4,700,000","4,694,000","4,646,000","4,758,000","5,099,000","5,117,000","5,131,000","5,131,000","2,966,000","1,828,000",,,"1,954,000",,,"1,981,000","2,003,000",,"2,295,000",,"1,721,000",,,,,"1,120,000","1,153,000",,"1,121,000","1,098,000","1,078,000","1,128,000","1,185,000","1,271,000","1,118,000","1,091,000","2,123,000","1,583,000",,,,,,,,,,,,,,,,,,,,,,,,,,,,,,"2,083,000","1,667,000","1,249,000","1,089,000","998,000","900,000","700,000","600,000","600,000","400,000","300,000","200,000","300,000","400,000","200,000","200,000","200,000","500,000","100,000",,"100,000","100,000",,"100,000","100,000","100,000","100,000",,,"0","100,000","100,000","100,000","100,000","100,000",,,"100,000","100,000",,,,,,,,,,,,,,,,,,,,,,,
			Amortization,"16,055,000","3,862,000","4,077,000","4,056,000","4,060,000","4,023,000","4,012,000","4,007,000","4,021,000","4,221,000","4,502,000","4,519,000","4,536,000","4,484,000","4,488,000","4,418,000","4,678,000","4,767,000","4,700,000","4,694,000","4,646,000","4,758,000","5,099,000","5,117,000","5,131,000","5,131,000","2,966,000","1,828,000",,,"1,954,000",,,"1,981,000","2,003,000",,"2,295,000",,"1,721,000",,,,,"1,120,000","1,153,000",,"1,121,000","1,098,000","1,078,000","1,128,000","1,185,000","1,271,000","1,118,000","1,091,000","2,123,000","1,583,000",,,,,,,,,,,,,,,,,,,,,,,,,,,,,,,,,,,,,,,,,,,,,,,,,,,,,,,,,,,,,,,,,,,,,,,,,,,,,,,,,,,,,,,,,,,
				AmortizationOfIntangiblesIncomeStatement,"16,055,000","3,862,000","4,077,000","4,056,000","4,060,000","4,023,000","4,012,000","4,007,000","4,021,000","4,221,000","4,502,000","4,519,000","4,536,000","4,484,000","4,488,000","4,418,000","4,678,000","4,767,000","4,700,000","4,694,000","4,646,000","4,758,000","5,099,000","5,117,000","5,131,000","5,131,000","2,966,000","1,828,000",,,"1,954,000",,,"1,981,000","2,003,000",,"2,295,000",,"1,721,000",,,,,"1,120,000","1,153,000",,"1,121,000","1,098,000","1,078,000","1,128,000","1,185,000","1,271,000","1,118,000","1,091,000","2,123,000","1,583,000",,,,,,,,,,,,,,,,,,,,,,,,,,,,,,,,,,,,,,,,,,,,,,,,,,,,,,,,,,,,,,,,,,,,,,,,,,,,,,,,,,,,,,,,,,,
	OtherOperatingExpenses,"-228,000","-343,000","-670,000","667,000","118,000","888,000","1,175,000","108,000","-92,000","-124,000","1,885,000",,"-104,000","-54,000","-445,000","-66,000","17,000","-142,000","-415,000",,"334,000","-165,000","12,000","144,000","9,000","31,000",,,"1,967,000","1,970,000",,"1,967,000","1,089,000","1,988,000",,"1,876,000","3,830,000","1,951,000",,"1,203,000","-254,000","-1,104,000",,"1,120,000","1,153,000","1,135,000",,,,,,,,,,,,"-45,000",,,,,"0","32,000",,"120,000","3,000",,,"-105,000","0","-1,000","-8,000","23,000","793,000","300,000",,,,,,,,,,,,,,,,,,,,,,,,,,,,,,,,,,,,,,,,,,,,,,,,,,,,,,,,,,,,,,,,,,,,,,,
OperatingIncome,"321,899,000","93,058,000","86,237,000","77,247,000","65,357,000","47,390,000","39,862,000","37,855,000","30,869,000","25,852,000","36,824,000","48,715,000","48,516,000","42,123,000","44,250,000","45,838,000","38,370,000","26,620,000","27,705,000","27,749,000","25,666,000","11,588,000","5,371,000","19,953,000","11,277,000","1,455,000","-6,715,000","11,394,000","21,998,000","16,903,000","21,038,000","25,004,000","23,143,000","14,343,000","15,074,000","20,262,000","10,238,000","3,776,000","14,000","7,522,000","8,304,000","5,500,000","4,939,000","13,366,000","25,354,000","28,330,000","32,234,000","29,830,000","24,152,000","18,860,000","13,750,000","10,941,000","5,627,000","-7,929,000","-757,000","8,261,000","17,497,000","13,566,000","17,386,000","15,991,000","14,125,000","13,901,000","16,095,000","16,898,000","13,640,000","10,844,000","11,563,000","10,358,000","9,451,000","9,109,000","9,870,000","9,634,000","7,804,000","6,488,000","4,586,000","3,161,000","3,150,000","2,839,000","3,160,000","3,097,000","2,301,000","274,000","-102,124,000","-1,426,000","591,000","1,003,000","3,287,000","6,071,000","5,219,000","3,895,000","3,200,000","2,300,000","900,000","600,000","900,000","800,000","700,000","1,600,000","1,900,000","1,800,000","1,500,000","1,700,000","1,100,000","1,100,000","900,000","1,200,000","1,900,000","2,000,000","1,700,000","1,500,000","700,000","1,000,000","800,000","700,000","400,000","500,000","300,000","-100,000","0","0","4,600,000","4,100,000","100,000","-100,000","3,600,000","3,500,000","4,000,000","3,700,000","-9,700,000","3,100,000","3,100,000","3,200,000","-11,000,000","3,100,000","3,900,000","3,700,000","-10,800,000","3,500,000","4,100,000","4,100,000","-8,900,000","2,900,000","3,100,000","2,800,000","-8,800,000","2,800,000","2,800,000"
NetNonOperatingInterestIncomeExpense,"-2,544,000","-288,000","-405,000","-652,000","-1,199,000","-2,096,000","-3,532,000","-3,607,000","-2,485,000","-972,000","-1,321,000","-1,735,000","-1,378,000","-1,270,000","-1,735,000","-1,844,000","-2,101,000","-2,243,000","-2,472,000","-3,172,000","-3,139,000","-3,190,000","-3,095,000","-3,363,000","-3,386,000","-2,056,000","-1,319,000","-628,000",,,"-531,000",,,"-863,000","-1,135,000",,"-1,244,000",,"-113,000",,,,,"-737,000","-724,000","-756,000","5,056,000","-2,666,000","-400,000","-670,000","-798,000","-979,000","-532,000","-291,000",,,,,,,,,,,,,,,,,,,,,,,,,,,,,,,,,,,,,,,,,,,,,,,,,,,,,,,,,,,,,,,,,,,,,,,,,,,,,,,,,,,,,,,,,,,,,
	InterestIncomeNonOperating,"3,197,000","826,000","788,000","765,000","818,000","768,000","487,000","138,000","168,000","273,000","409,000","272,000","633,000","875,000","547,000","474,000","443,000","514,000","483,000","389,000","308,000","295,000","282,000","321,000","298,000","456,000","311,000","153,000",,,"312,000",,,"397,000","295,000",,"323,000",,"194,000",,,,,"316,000","312,000",,"255,000","279,000","996,000","1,312,000","964,000","805,000","1,345,000","1,757,000",,,,,,,,,,,,,,,,,,,,,,,,,,,,,,,,,,,,,,,,,,,,,,,,,,,,,,,,,,,,,,,,,,,,,,,,,,,,,,,,,,,,,,,,,,,,,
	InterestExpenseNonOperating,"5,741,000","1,114,000","1,193,000","1,417,000","2,017,000","2,864,000","4,019,000","3,745,000","2,653,000","1,245,000","1,730,000","2,007,000","2,011,000","2,145,000","2,282,000","2,318,000","2,544,000","2,757,000","2,955,000","3,561,000","3,447,000","3,485,000","3,377,000","3,684,000","3,684,000","2,512,000","1,630,000","781,000",,,"843,000",,,"1,260,000","1,430,000",,"1,567,000",,"307,000",,,,,"1,053,000","1,036,000","756,000","-4,801,000","2,945,000","1,396,000","1,982,000","1,762,000","1,784,000","1,877,000","2,048,000",,,,,,,,,,,,,,,,,,,,,,,,,,,,,,,,,,,,,,,,,,,,,,,,,,,,,,,,,,,,,,,,,,,,,,,,,,,,,,,,,,,,,,,,,,,,,
OtherIncomeExpense,"36,572,000","-1,951,000","22,964,000","8,971,000","6,588,000","4,693,000","-260,000","-991,000","-2,326,000","76,000","24,097,000","1,755,000","739,000","1,181,000","324,000","406,000","151,000","1,926,000","-4,437,000","-4,747,000","-2,664,000","-6,296,000","373,000","-959,000","901,000","-1,436,000","3,088,000","-1,166,000","-741,000","-939,000","5,017,000","1,300,000","359,000","-1,350,000","-4,489,000","-2,768,000","277,000","521,000","6,704,000","1,923,000","251,000","687,000","1,234,000","-2,300,000","-1,913,000","-2,475,000","-6,191,000","251,000","-3,167,000","814,000","-1,534,000","-2,752,000","-2,308,000","-2,045,000","14,899,000","-8,762,000","-1,202,000","-249,000","613,000","-13,000","-1,698,000","-448,000","284,000","-1,595,000","12,000","-327,000","308,000","116,000","12,000","71,000","-385,000","92,000","32,000","-170,000","-827,000","-174,000","-20,000","42,000","272,000","-195,000","109,000","16,000","566,000","94,000","220,000","-96,000","320,000","135,000","40,000","6,000","100,000","100,000","100,000","200,000","400,000","200,000","200,000","200,000","300,000","200,000","200,000","100,000","100,000","100,000","100,000","200,000","200,000","200,000","100,000","100,000","100,000","100,000","-100,000","100,000","0",,,"100,000","100,000","100,000",,,,,,,,,,,,,,,,,,,,,,,,,,,
	GainOnSaleOfSecurity,"19,708,000","-3,827,000","12,057,000","6,727,000","4,751,000","2,376,000","-3,671,000","-2,618,000","-3,600,000","75,000","-2,355,000","-822,000","-496,000","-64,000","-317,000","-655,000","300,000","-3,029,000","-1,261,000","-1,312,000","-1,628,000","-3,794,000",,,,,"545,000","-91,000",,,"-410,000",,,"-256,000","-511,000",,,,"3,724,000",,,,,,,,,,,,,,,,,,,,,,,,,,,,,,,,,,,,,,,,,,,,,,,,,,,,,,,,,,,,,,,,,,,,,,,,,,,,,,,,,,,,,,,,,,,,,,,,,,,,,,,,,,,,
	SpecialIncomeCharges,,,"-177,000",,,,"-214,000",,,,"24,271,000",,,,"-390,000","0","-526,000","320,000","-4,247,000","-4,032,000","-1,838,000","-2,231,000","-3,218,000",,,,"-57,000","-1,421,000",,,"67,000",,,"-7,000","-5,487,000",,"-1,535,000",,"695,000","1,923,000","251,000","687,000","1,234,000","-2,300,000","-1,913,000","-2,475,000","-4,442,000","0","-3,167,000","814,000","-1,534,000","-2,752,000","-2,308,000","-2,045,000","14,899,000","-8,762,000","-1,202,000","-249,000","613,000","-13,000","-1,698,000","-448,000","284,000","-1,595,000","12,000","-327,000","308,000","116,000","12,000","71,000","-385,000","92,000","32,000","-170,000","-827,000","-174,000","-20,000","42,000","272,000","-195,000","109,000","16,000","566,000","94,000","220,000","-96,000","320,000","135,000","40,000","6,000","100,000","100,000","100,000","200,000","400,000","200,000","200,000","200,000","300,000","200,000","200,000","100,000","100,000","100,000","100,000","200,000","200,000","200,000","100,000","100,000","100,000","100,000","-100,000","100,000","0",,,"100,000","100,000","100,000",,,,,,,,,,,,,,,,,,,,,,,,,,,
		RestructuringAndMergernAcquisition,,,,,,,,,,,,,,,"0","0","526,000","-320,000","4,029,000","2,039,000","1,838,000","2,231,000",,,,,,,,,"0",,,,"0",,"1,535,000",,,,,,,,,,"0","0","0","0","0","-291,000","-248,000","99,000",,,,,"-768,000",,"1,770,000",,,,,,,,,,,,,,,,,,,,,,,,,,,,,,,,,,,,,,,,,,,,,,,,,,,,,,,,,,,,,,,,,,,,,,,,,,,,,,,,,,,,,,
		ImpairmentOfCapitalAssets,,,,,,,,,,,,,,,"390,000","0",,,"218,000","1,993,000",,,,,,,,,,,,,,,"5,318,000",,,,,,,,,,"0",,"0","0","144,000",,,,,,,,,,,,,,,,,,,,,,,,,,,,,,,,,,,,,,,,,,,,,,,,,,,,,,,,,,,,,,,,,,,,,,,,,,,,,,,,,,,,,,,,,,,,,,,,,,
		WriteOff,,,,,,,,,,,,,,,,,,,"0",,,,"3,218,000",,,,,,,,,,,,,,,,,,,,,,,,,,,,,,,,,,,,,,,,,,,,,,,,,,,,,,,,,,,,,,,,,,,,,,,,,,,,,,,,,,,,,,,,,,,,,,,,,,,,,,,,,,,,,,,,,,,,,,,,,,,,
		OtherSpecialCharges,,,,,,,,,,,,,,,,,,,,,,,,,,,,,,,,,,,,,,,,,,,,,"1,189,000",,"478,000","1,755,000","3,023,000","-814,000","1,534,000","3,043,000","2,556,000","1,946,000",,,,,"155,000",,"-72,000",,,,,,,,,,,,,,,,,,,,,,,,,,,,,,,,,,,,,,,,,,,,,,,,,,,,,,,,,,,,,,,,,,,,,,,,,,,,,,,,,,,,,,
		GainOnSaleOfPPE,,,"-177,000",,,,"-214,000",,,,"24,271,000",,,,,,,,,,,,,,,,"-57,000","-1,421,000",,,"67,000",,,"-7,000","-169,000",,"0",,"0",,,,,,,,,,,,,,,,,,,,,,,,,,,,,,,,,,,,,,,,,,,,,,,,,,,,,,,,,,,,,,,,,,,,,,,,,,,,,,,,,,,,,,,,,,,,,,,,,,,,,,,,,,,,
	OtherNonOperatingIncomeExpenses,"17,110,000","1,876,000","11,153,000","2,244,000","1,837,000","2,317,000","3,517,000","1,627,000","1,274,000","1,000","2,023,000","2,577,000","1,235,000","1,245,000","1,031,000","1,061,000","377,000","4,635,000","1,071,000","597,000","802,000","-271,000","3,591,000","-959,000","901,000","-1,436,000","2,745,000","255,000","-741,000","-939,000","2,670,000","1,300,000","359,000","-1,350,000","1,979,000","-2,768,000","277,000","521,000","-561,000",,,,,,,,,"251,000",,,,,,,,,,,,,,,,,,,,,,,,,,,,,,,,,,,,,,,,,,,,,,,,,,,,,,,,,,,,,,,,,,,,,,,,,,,,,,,,,,,,,,,,,,,,,,,,,,,
PretaxIncome,"355,927,000","90,819,000","108,796,000","85,566,000","70,746,000","49,987,000","36,070,000","33,257,000","26,058,000","24,956,000","59,600,000","48,735,000","47,877,000","42,034,000","42,839,000","44,400,000","36,420,000","26,303,000","20,796,000","19,830,000","19,863,000","2,102,000","2,649,000","15,631,000","8,792,000","-2,037,000","-6,853,000","10,228,000","21,257,000","15,964,000","23,193,000","26,304,000","23,502,000","12,993,000","6,279,000","17,494,000","10,515,000","4,297,000","6,620,000","9,445,000","8,555,000","6,187,000","4,058,000","11,066,000","23,441,000","25,099,000","31,099,000","27,415,000","20,585,000","19,004,000","11,418,000","7,210,000","2,787,000","-10,265,000","14,233,000","-1,968,000","16,564,000","17,022,000","21,380,000","18,984,000","15,016,000","16,082,000","19,052,000","16,315,000","14,523,000","11,231,000","12,494,000","10,309,000","9,384,000","8,921,000","9,335,000","9,565,000","7,683,000","6,159,000","4,364,000","3,078,000","2,912,000","2,637,000","3,144,000","2,621,000","2,134,000","-48,000","-53,000","-1,844,000","265,000","92,000","3,084,000","5,820,000","4,855,000","3,632,000","3,200,000","2,200,000","900,000",,"1,000,000","800,000","700,000","1,700,000","2,500,000","1,900,000","1,600,000","1,600,000","1,300,000","1,200,000","900,000","1,300,000","1,800,000","2,100,000","1,800,000","1,600,000","800,000","1,000,000","900,000","800,000","500,000","500,000",,,"200,000",,,,"0",,,,,,,,,,,,,,,,,,,,,,,,
TaxProvision,"86,019,000","16,646,000","42,487,000","14,766,000","12,120,000","9,434,000","6,015,000","5,871,000","4,670,000","4,556,000","12,046,000","10,613,000","11,174,000","10,298,000","12,830,000","13,190,000","10,753,000","7,783,000","50,674,000","5,052,000","6,039,000","560,000","617,000","4,097,000","2,396,000","-552,000","-2,097,000","6,593,000","5,399,000","4,187,000","5,989,000","6,172,000","5,651,000","2,547,000","2,828,000","3,604,000","1,475,000","6,574,000","2,842,000","509,000","856,000","618,000","245,000","359,000","4,718,000","4,835,000","6,134,000","5,346,000","3,035,000","3,324,000","-3,622,000","-629,000","5,156,000","397,000","-730,000","319,000","2,781,000","2,215,000","2,306,000","2,243,000","2,221,000","2,658,000","3,911,000","3,212,000","2,885,000","1,690,000","2,162,000","1,621,000","1,461,000","1,442,000","1,836,000","2,134,000","1,383,000","1,160,000","776,000","416,000","651,000","617,000","780,000","771,000","473,000","-295,000","-28,000","-1,052,000","-260,000","-429,000","299,000","1,170,000","535,000","492,000","800,000","500,000","100,000",,"600,000","200,000","200,000","500,000","1,200,000","600,000","400,000","400,000","500,000","400,000","300,000","500,000","500,000","800,000","700,000","600,000","100,000","400,000","300,000","300,000","-500,000","100,000",,,"100,000",,,,"0",,,,,,,,,,,,,,,,,,,,,,,,
NetIncomeCommonStockholders,"262,002,000","72,691,000","65,513,000","68,424,000","55,374,000","39,452,000","29,735,000","27,152,000","21,033,000","20,168,000","47,190,000","38,060,000","36,284,000","31,716,000","29,519,000","30,908,000","25,068,000","18,526,000","-30,651,000","14,450,000","13,179,000","1,217,000","1,268,000","10,648,000","5,752,000","-1,733,000","-4,773,000","2,837,000","15,078,000","11,132,000","16,664,000","19,427,000","17,385,000","10,202,000","6,204,000","13,619,000","8,635,000","-1,926,000","4,075,000","8,553,000","6,653,000","4,871,000","3,115,000","9,957,000","17,981,000","19,684,000","23,966,000","21,162,000","16,647,000","14,958,000","14,212,000","7,020,000","-2,953,000","-10,766,000","14,611,000","-2,946,000","13,108,000","14,203,000","18,299,000","16,101,000","12,249,000","13,009,000","14,676,000","12,770,000","11,385,000","9,312,000","10,040,000","8,383,000","7,665,000","7,240,000","7,330,000","7,242,000","6,123,000","4,856,000","3,437,000","2,563,000","2,172,000","1,923,000","2,263,000","1,767,000","1,563,000","208,000","-75,000","-847,000","525,000","521,000","2,785,000","4,650,000","4,320,000","3,140,000","2,400,000","1,700,000","800,000","700,000","400,000","600,000","500,000","1,200,000","1,300,000","1,300,000","1,200,000","1,200,000","800,000","800,000","600,000","800,000","1,300,000","1,300,000","1,100,000","1,000,000","700,000","600,000","600,000","500,000","1,000,000","400,000","300,000",,"200,000",,"100,000","100,000","0",,,,,,,,,,,,,,,,,,,,,,,,
	NetIncome,"262,002,000","72,691,000","65,513,000","68,424,000","55,374,000","39,452,000","29,735,000","27,152,000","21,033,000","20,168,000","47,190,000","38,060,000","36,284,000","31,716,000","29,519,000","30,908,000","25,068,000","18,526,000","-30,651,000","14,450,000","13,179,000","1,217,000","1,268,000","10,648,000","5,752,000","-1,733,000","-4,773,000","2,837,000","15,078,000","11,132,000","16,664,000","19,427,000","17,385,000","10,202,000","6,204,000","13,619,000","8,635,000","-1,926,000","4,075,000","8,553,000","6,653,000","4,871,000","3,115,000","9,957,000","17,981,000","19,684,000","23,966,000","21,162,000","16,647,000","14,958,000","14,212,000","7,020,000","-2,953,000","-10,766,000","14,611,000","-2,946,000","13,108,000","14,203,000","18,299,000","16,101,000","12,249,000","13,009,000","14,676,000","12,770,000","11,385,000","9,312,000","10,040,000","8,383,000","7,665,000","7,240,000","7,330,000","7,242,000","6,123,000","4,856,000","3,437,000","2,563,000","2,172,000","1,923,000","2,263,000","1,767,000","1,563,000","208,000","-75,000","-847,000","525,000","521,000","2,785,000","4,650,000","4,320,000","3,140,000","2,400,000","1,700,000","800,000","700,000","400,000","600,000","500,000","1,200,000","1,300,000","1,300,000","1,200,000","1,200,000","800,000","800,000","600,000","800,000","1,300,000","1,300,000","1,100,000","1,000,000","700,000","600,000","600,000","500,000","1,000,000","400,000","300,000",,"200,000",,"100,000","100,000","0",,,,,,,,,,,,,,,,,,,,,,,,
		NetIncomeIncludingNoncontrollingInterests,"269,908,000","74,173,000","66,309,000","70,800,000","58,626,000","40,553,000","30,055,000","27,386,000","21,388,000","20,400,000","47,554,000","38,122,000","36,703,000","31,736,000","30,009,000","31,210,000","25,667,000","18,520,000","-29,878,000","14,778,000","13,824,000","1,542,000","2,032,000","11,534,000","6,396,000","-1,485,000","-4,756,000","3,635,000","15,858,000","11,777,000","17,204,000","20,132,000","17,851,000","10,446,000","3,451,000","13,890,000","9,040,000","-2,277,000","3,778,000","8,936,000","7,699,000","5,569,000","3,813,000","10,707,000","18,723,000","20,264,000","24,965,000","22,069,000","17,550,000","15,680,000","15,040,000","7,839,000","-2,369,000","-10,662,000","14,963,000","-2,287,000","13,783,000","14,807,000","19,074,000","16,741,000","12,795,000","13,424,000","15,141,000","13,103,000","11,638,000","9,541,000","10,332,000","8,688,000","7,923,000","7,479,000","7,499,000","7,431,000","6,300,000","4,999,000","3,588,000","2,662,000","2,261,000","2,020,000","2,364,000","1,850,000","1,661,000","247,000","-25,000","-792,000","570,000","596,000","2,965,000","4,832,000","4,495,000","3,245,000","2,500,000","1,800,000","800,000","700,000","400,000","600,000","500,000","1,200,000","1,000,000","1,300,000","1,400,000","1,300,000","500,000","900,000","600,000","800,000","1,300,000","1,300,000","1,100,000","1,000,000","700,000","600,000","600,000","500,000","1,000,000","400,000","300,000",,"200,000",,"100,000","100,000","0",,"100,000",,,"200,000","-100,000","-500,000",,,"-3,000,000","-100,000","100,000","100,000","0","100,000","200,000","200,000","-500,000",,,"-100,000","-600,000","100,000",
			NetIncomeContinuousOperations,"269,908,000","74,173,000","66,309,000","70,800,000","58,626,000","40,553,000","30,055,000","27,386,000","21,388,000","20,400,000","47,554,000","38,122,000","36,703,000","31,736,000","30,009,000","31,210,000","25,667,000","18,520,000","-29,878,000","14,778,000","13,824,000","1,542,000","2,032,000","11,534,000","6,396,000","-1,485,000","-4,756,000","3,635,000","15,858,000","11,777,000","17,204,000","20,132,000","17,851,000","10,446,000","3,451,000","13,890,000","9,040,000","-2,277,000","3,778,000","8,936,000","7,699,000","5,569,000","3,813,000","10,707,000","18,723,000","20,264,000","24,965,000","22,069,000","17,550,000","15,680,000","15,040,000","7,839,000","-2,369,000","-10,662,000","16,901,000","-2,946,000","13,108,000","14,203,000","18,299,000","16,101,000","12,249,000","13,009,000","14,676,000","12,770,000","11,385,000","9,312,000","10,040,000","8,383,000","7,665,000","7,240,000","7,330,000","7,242,000","6,123,000","4,856,000","3,437,000","2,563,000","2,172,000","1,923,000","2,263,000","1,767,000","1,563,000","208,000","-75,000","-847,000","525,000","521,000","2,785,000","4,650,000","4,320,000","3,140,000","2,400,000","1,700,000","800,000","700,000","400,000","600,000","500,000","1,200,000","1,300,000","1,300,000","1,200,000","1,200,000","800,000","800,000","600,000","800,000","1,300,000","1,300,000","1,100,000","1,000,000","700,000","600,000","600,000","500,000","1,000,000","400,000","300,000",,"100,000",,"100,000","100,000","0",,"100,000",,,"200,000","-100,000","-500,000",,,"-3,000,000","-100,000","100,000","100,000","0","100,000","200,000","200,000","-500,000",,,"-100,000","-600,000","100,000",
		MinorityInterests,"-7,906,000","-1,482,000","-796,000","-2,376,000","-3,252,000","-1,101,000","-320,000","-234,000","-355,000","-232,000","-364,000","-62,000","-419,000","-20,000","-490,000","-302,000","-599,000","6,000","-773,000","-328,000","-645,000","-325,000","-764,000","-886,000","-644,000","-248,000","-17,000","-798,000","-780,000","-645,000","-540,000","-705,000","-466,000","-244,000","2,753,000","-271,000","-405,000","351,000","297,000","-383,000","-1,046,000","-698,000","-698,000","-750,000","-742,000","-580,000","-999,000","-907,000","-903,000","-722,000","-828,000","-819,000","-584,000","-104,000","-352,000","-659,000","-675,000","-604,000","-775,000","-640,000","-546,000","-415,000","-465,000","-333,000","-253,000","-229,000","-292,000","-305,000","-258,000","-239,000","-169,000","-189,000","-177,000","-143,000","-151,000","-99,000","-89,000","-97,000","-101,000","-83,000","-98,000","-39,000","-50,000","-55,000","-45,000","-75,000","-180,000","-182,000","-175,000","-105,000","-100,000","-100,000",,,,,,,,,"-200,000","-100,000","300,000","-100,000",,,,,,,,,,,,,,,,,,,,,,,,,,,,,,,,,,,,,,,,,,,
DilutedNIAvailtoComStockholders,"262,002,000","72,691,000","65,513,000","68,424,000","55,374,000","39,452,000","29,735,000","27,152,000","21,033,000","20,168,000","47,190,000","38,060,000","36,284,000","31,716,000","29,519,000","30,908,000","25,068,000","18,526,000","-30,651,000","14,450,000","13,179,000","1,217,000","1,268,000","10,648,000","5,752,000","-1,733,000","-4,773,000","2,837,000","15,078,000","11,132,000","16,664,000","19,427,000","17,385,000","10,202,000","6,204,000","13,619,000","8,635,000","-1,926,000","4,075,000","8,553,000","6,653,000","4,871,000","3,115,000","9,957,000","17,981,000","19,684,000","23,966,000","21,162,000","16,647,000","14,958,000","14,212,000","7,020,000","-2,953,000","-10,766,000","14,611,000","-2,946,000","13,108,000","14,203,000","18,299,000","16,101,000","12,249,000","13,009,000","14,676,000","12,770,000","11,385,000","9,312,000","10,040,000","8,383,000","7,665,000","7,240,000","7,330,000","7,242,000","6,123,000","4,856,000","3,437,000","2,563,000","2,172,000","1,923,000","2,263,000","1,767,000","1,563,000","208,000","-75,000","-847,000","525,000","521,000","2,785,000","4,650,000","4,320,000","3,140,000","2,400,000","1,700,000","800,000","700,000","400,000","600,000","500,000","1,200,000","1,300,000","1,300,000","1,200,000","1,200,000","800,000","800,000","600,000","800,000","1,300,000","1,300,000","1,100,000","1,000,000","700,000","600,000","600,000","500,000","1,000,000","400,000","300,000",,"200,000",,"100,000","100,000","0",,,,,,,,,,,,,,,,,,,,,,,,
BasicEPS,,"1.61","1.46","1.52","1.24","0.89","0.6","0.52","0.41","0.39","0.92","0.75","0.72","0.63","0.59","0.62","0.5","0.38","-0.62","0.29","0.27","0.03","0.03","0.22","0.12","-0.04","0.02","0.06","0.31","0.23","0.35","0.41","0.37","0.22","0.13","0.29","0.19","-0.04","0.09","0.19","0.15","0.11",,"0.22","0.4","0.44",,"0.48","0.38","0.34",,"0.17","-0.07","-0.26",,"-0.07","0.32","0.35",,"0.4","0.207","0.333",,"0.333","0.3","0.247",,"0.253","0.236","0.227",,"0.24","0.204","0.164",,"0.089","0.077","0.068",,"0.065","0.056","0.009",,"-0.03","0.018","0.018",,"0.169","0.107","0.117",,"0.013","0.006","0.005",,"0.004","0.004","0.009",,"0.011","0.01","0.009",,"0.006","0.004","0.006",,"0.009","0.009","0.008",,"0.005","0.004","0.004",,"0.003","0.002","0",,"0.001","0.001","0.001",,"0","0.001","0.001","-0.001","0.002",,"-0.006","0.001","0.001",,"-0.001","0.001","0.001",,"0.001","0.003","0.003",,"0.001","0.001","-0.003",,"0.002","0.001"
DilutedEPS,,"1.59","1.43","1.5","1.22","0.87","0.59","0.51","0.4","0.38","0.9","0.73","0.7","0.62","0.58","0.61","0.49","0.37","-0.62","0.29","0.26","0.02","0.03","0.21","0.12","-0.04","0.01","0.06","0.31","0.23","0.34","0.4","0.36","0.21","0.13","0.28","0.18","-0.04","0.09","0.18","0.14","0.1",,"0.21","0.38","0.42",,"0.46","0.37","0.33",,"0.16","-0.07","-0.26",,"-0.07","0.31","0.33",,"0.38","0.193","0.313",,"0.3","0.273","0.227",,"0.227","0.209","0.204",,"0.209","0.178","0.142",,"0.077","0.068","0.062",,"0.059","0.053","0.006",,"-0.03","0.018","0.018",,"0.148","0.091","0.101",,"0.012","0.006","0.005",,"0.004","0.004","0.009",,"0.009","0.009","0.009",,"0.005","0.004","0.006",,"0.009","0.008","0.008",,"0.005","0.004","0.004",,"0.003","0.002","0",,"0.001","0.001","0.001",,"0","0.001","0.001","-0.001","0.002",,"-0.006","0.001","0.001",,"-0.001","0.001","0.001",,"0.001","0.003","0.003",,"0.001","0.001","-0.003",,"0.002","0.001"
BasicAverageShares,,"45,104,000","45,018,000","44,986,000","44,667,000","44,408,000","49,340,000","51,825,000","51,527,000","51,335,000","51,086,000","50,998,000","50,658,000","50,398,000","50,221,000","50,115,000","49,680,000","49,337,000","49,391,000","49,057,000","48,518,000","48,316,000","48,897,000","48,814,000","48,383,000","48,288,000","48,495,000","48,586,000","48,076,000","47,667,000","47,587,000","47,548,000","46,889,000","46,699,000","46,666,000","46,605,000","46,148,000","46,021,000","46,011,000","45,997,000","45,642,000","45,460,000",,"45,603,000","45,325,000","44,820,000",,"44,346,000","43,975,000","43,767,000",,"42,533,000","41,587,000","41,146,000",,"40,889,000","40,616,000","40,245,000",,"39,844,587","59,095,963","39,040,534",,"38,530,369","38,281,716","38,023,479",,"33,015,352","32,442,342","31,990,297",,"30,050,493","29,846,578","29,467,881",,"28,830,357","28,525,935","28,061,984",,"27,644,243","27,594,084","27,557,971",,"27,499,169","27,483,698","27,447,386",,"27,343,126","40,868,980","26,952,562",,"25,499,402","25,499,402","25,499,402",,"25,499,402","25,499,402","25,297,307",,"25,181,102","25,085,102","25,054,793",,"25,054,793","25,054,793","25,054,793",,"23,372,345","23,766,432","23,372,345",,"22,882,262","23,144,990","22,882,262",,"22,811,528","26,434,093","21,725,268",,"21,725,268","21,725,268","21,725,268",,"21,725,268","21,725,268","21,401,916","22,321,448","18,421,006",,"18,855,510","18,830,247","19,032,343",,"19,123,289","19,446,642","19,588,108",,"19,825,568","10,842,424","10,706,012",,"10,291,714","10,291,714","10,291,714",,"9,842,052","9,816,789"
DilutedAverageShares,,"45,844,000","45,942,000","45,642,000","45,380,000","45,243,000","50,418,000","52,729,000","52,569,000","52,422,000","52,144,000","51,869,000","51,620,000","51,462,000","50,929,000","51,077,000","50,792,000","50,622,000","49,391,000","50,416,000","49,944,000","49,663,000","50,038,000","49,922,000","49,500,000","48,288,000","49,518,000","49,564,000","49,250,000","48,978,000","48,739,000","48,736,000","48,423,000","47,996,000","47,909,000","48,023,000","47,507,000","46,021,000","46,900,000","46,995,000","46,859,000","46,935,000",,"47,093,000","47,148,000","46,680,000",,"45,673,000","45,510,000","45,323,000",,"44,013,000","41,587,000","41,146,000",,"40,889,000","42,843,000","42,534,000",,"42,445,255","63,034,468","41,775,829",,"42,228,888","41,991,175","41,518,605",,"37,097,271","36,471,714","35,287,533",,"34,576,760","34,491,960","34,394,436",,"32,729,076","32,103,897","30,886,299",,"29,910,168","29,951,154","29,612,304",,"29,752,585","30,026,511","30,474,994",,"31,255,081","47,286,306","31,065,155",,"25,499,402","25,499,402","25,499,402",,"25,499,402","25,499,402","25,297,307",,"25,181,102","25,085,102","25,054,793",,"25,054,793","25,054,793","25,054,793",,"23,372,345","23,766,432","23,372,345",,"22,882,262","23,144,990","22,882,262",,"22,811,528","26,434,093","21,725,268",,"21,725,268","21,725,268","21,725,268",,"21,725,268","21,725,268","21,401,916","22,321,448","18,421,006",,"18,855,510","18,830,247","19,032,343",,"19,123,289","19,446,642","19,588,108",,"19,825,568","10,842,424","10,706,012",,"10,291,714","10,291,714","10,291,714",,"9,842,052","9,816,789"
TotalOperatingIncomeAsReported,"321,653,000","93,058,000","85,991,000","77,247,000","65,357,000","47,390,000","39,756,000","37,855,000","30,869,000","25,852,000","61,253,000","48,715,000","48,516,000","42,123,000","43,860,000","45,838,000","37,844,000","26,940,000","23,458,000","23,717,000","23,828,000","9,357,000","5,371,000","19,953,000","11,277,000","1,455,000","-6,772,000","9,973,000","21,998,000","16,903,000","22,021,000","25,004,000","23,143,000","14,343,000","8,005,000","20,262,000","10,238,000","3,776,000","3,570,000","7,522,000","8,304,000","5,500,000","4,939,000","13,366,000","25,354,000","28,330,000","32,234,000","29,830,000","24,008,000","18,860,000","13,750,000","11,232,000","5,875,000","-8,028,000","-4,846,000","396,000","17,497,000","13,566,000","18,154,000","15,991,000","12,355,000","13,901,000","16,095,000","16,898,000","13,640,000","10,844,000","11,563,000","10,358,000","9,451,000","9,109,000","9,870,000","9,634,000","7,804,000","6,488,000","4,586,000","3,161,000","3,150,000","2,839,000","3,160,000","3,097,000","2,301,000","274,000","-102,124,000","-1,426,000","591,000","-1,146,000","3,287,000","6,071,000","5,219,000","3,895,000","3,200,000","2,300,000","900,000","600,000","900,000","800,000","700,000","1,600,000","1,900,000","1,800,000","1,500,000","1,700,000","1,100,000","1,100,000","900,000","1,200,000","1,900,000","2,000,000","1,700,000","1,500,000","700,000","1,000,000","800,000","700,000","400,000","500,000","300,000","-100,000","0",,,,"100,000","-100,000",,,,,,,,,,,,,,,,,,,,,,,
TotalExpenses,"1,552,265,000","389,065,000","393,934,000","394,175,000","375,091,000","365,731,000","310,508,000","271,604,000","257,800,000","254,865,000","264,333,000","274,959,000","273,490,000","260,170,000","270,196,000","275,108,000","265,715,000","247,892,000","240,725,000","257,498,000","238,558,000","224,715,000","226,714,000","230,741,000","225,368,000","221,283,000","221,097,000","197,494,000","197,455,000","189,279,000","202,633,000","208,773,000","200,074,000","195,643,000","195,919,000","204,248,000","204,141,000","173,188,000","163,273,000","159,095,000","150,935,000","139,163,000","138,374,000","147,211,000","144,452,000","133,225,000","131,532,000","133,290,000","125,001,000","117,987,000","116,537,000","111,181,000","98,271,000","85,979,000","87,897,000","125,786,000","98,521,000","82,014,000","90,206,000","89,273,000","82,158,000","78,119,000","78,337,000","75,677,000","69,072,000","62,745,000","49,804,000","43,842,000","41,147,000","39,491,000","38,038,000","39,719,000","39,208,000","34,942,000","34,534,000","31,780,000","30,241,000","26,614,000","25,504,000","27,190,000","27,645,000","26,650,000","127,910,000","24,124,000","20,410,000","24,811,000","22,806,000","26,261,000","27,381,000","23,542,000","20,100,000","19,500,000","17,100,000","15,000,000","13,600,000","13,800,000","13,600,000","15,200,000","14,800,000","15,100,000","14,000,000","14,800,000","13,800,000","13,300,000","12,600,000","12,000,000","12,200,000","13,400,000","12,800,000","12,700,000","9,500,000","8,900,000","8,600,000","8,100,000","7,200,000","6,700,000","6,100,000","5,300,000","5,000,000","4,700,000",,,"3,700,000","3,800,000",,,,,,,,,,,,,,,,,,,,,,,
NetIncomeFromContinuingAndDiscontinuedOperation,"262,002,000","72,691,000","65,513,000","68,424,000","55,374,000","39,452,000","29,735,000","27,152,000","21,033,000","20,168,000","47,190,000","38,060,000","36,284,000","31,716,000","29,519,000","30,908,000","25,068,000","18,526,000","-30,651,000","14,450,000","13,179,000","1,217,000","1,268,000","10,648,000","5,752,000","-1,733,000","-4,773,000","2,837,000","15,078,000","11,132,000","16,664,000","19,427,000","17,385,000","10,202,000","6,204,000","13,619,000","8,635,000","-1,926,000","4,075,000","8,553,000","6,653,000","4,871,000","3,115,000","9,957,000","17,981,000","19,684,000","23,966,000","21,162,000","16,647,000","14,958,000","14,212,000","7,020,000","-2,953,000","-10,766,000","14,611,000","-2,946,000","13,108,000","14,203,000","18,299,000","16,101,000","12,249,000","13,009,000","14,676,000","12,770,000","11,385,000","9,312,000","10,040,000","8,383,000","7,665,000","7,240,000","7,330,000","7,242,000","6,123,000","4,856,000","3,437,000","2,563,000","2,172,000","1,923,000","2,263,000","1,767,000","1,563,000","208,000","-75,000","-847,000","525,000","521,000","2,785,000","4,650,000","4,320,000","3,140,000","2,400,000","1,700,000","800,000","700,000","400,000","600,000","500,000","1,200,000","1,300,000","1,300,000","1,200,000","1,200,000","800,000","800,000","600,000","800,000","1,300,000","1,300,000","1,100,000","1,000,000","700,000","600,000","600,000","500,000","1,000,000","400,000","300,000",,"100,000",,"100,000","100,000","0",,,,,,,,,,,,,,,,,,,,,,,,
NormalizedIncome,"247,243,497.566","75,817,659","58,314,430.209","62,860,771","51,435,421","37,525,064","32,882,150.956","29,306,614","23,988,600","20,106,725","29,577,466.51","38,702,804","36,664,432","31,764,320","30,014,258.129","31,368,465","25,227,330","20,433,136","-27,346,200","18,431,280","15,591,336","5,639,350","1,268,000","10,648,000","5,752,000","-1,733,000","-5,011,042.901","3,689,600","15,078,000","11,132,000","16,664,000","19,427,000","17,385,000","10,202,000","6,204,000","13,619,000","8,635,000","-1,926,000","-991,750","6,733,632.292","6,427,114.67","4,252,622.273","1,955,502.218","12,182,384.059","19,508,968.047","21,682,223.037","27,531,855.172","21,162,000","19,347,065.582","14,286,377.184","15,209,100","8,808,800","-1,452,800","-9,436,750","4,926,650","2,749,300","14,108,191.137","14,419,598.696","17,752,116.838","16,112,464.022","13,695,850.693","13,382,955.478","14,450,299.601","14,050,985.903","11,375,383.805","9,589,794.23","9,785,297.263","8,285,239.984","7,654,868.286","7,180,476.516","7,639,278.522","7,170,525.666","6,096,760.25","4,993,981.815","4,116,944.088","2,713,483.431","2,187,528.846","1,890,827.076","2,058,480.916","1,904,638.306","1,478,159.794","198,400","-414,600","-903,400","393,000","578,600","2,496,024.643","4,542,139.175","4,284,407.827","3,134,812.775","2,325,000","1,622,727.273","711,111.111","580,000","160,000","450,000","357,142.857","1,058,823.529","1,120,000","1,163,157.895","1,050,000","1,125,000","738,461.538","733,333.333","533,333.333","676,923.077","1,155,555.556","1,176,190.476","1,038,888.889","937,500","612,500","540,000","666,666.667","437,500","1,000,000","400,000","300,000",,"40,000",,"100,000","100,000","0",,,,,,,,,,,,,,,,,,,,,,,,
InterestIncome,"3,197,000","826,000","788,000","765,000","818,000","768,000","487,000","138,000","168,000","273,000","409,000","272,000","633,000","875,000","547,000","474,000","443,000","514,000","483,000","389,000","308,000","295,000","282,000","321,000","298,000","456,000","311,000","153,000",,,"312,000",,,"397,000","295,000",,"323,000",,"194,000",,,,,"316,000","312,000",,"255,000","279,000","996,000","1,312,000","964,000","805,000","1,345,000","1,757,000",,,,,,,,,,,,,,,,,,,,,,,,,,,,,,,,,,,,,,,,,,,,,,,,,,,,,,,,,,,,,,,,,,,,,,,,,,,,,,,,,,,,,,,,,,,,,
InterestExpense,"5,741,000","1,114,000","1,193,000","1,417,000","2,017,000","2,864,000","4,019,000","3,745,000","2,653,000","1,245,000","1,730,000","2,007,000","2,011,000","2,145,000","2,282,000","2,318,000","2,544,000","2,757,000","2,955,000","3,561,000","3,447,000","3,485,000","3,377,000","3,684,000","3,684,000","2,512,000","1,630,000","781,000",,,"843,000",,,"1,260,000","1,430,000",,"1,567,000",,"307,000",,,,,"1,053,000","1,036,000","756,000","-4,801,000","2,945,000","1,396,000","1,982,000","1,762,000","1,784,000","1,877,000","2,048,000",,,,,,,,,,,,,,,,,,,,,,,,,,,,,,,,,,,,,,,,,,,,,,,,,,,,,,,,,,,,,,,,,,,,,,,,,,,,,,,,,,,,,,,,,,,,,
NetInterestIncome,"-2,544,000","-288,000","-405,000","-652,000","-1,199,000","-2,096,000","-3,532,000","-3,607,000","-2,485,000","-972,000","-1,321,000","-1,735,000","-1,378,000","-1,270,000","-1,735,000","-1,844,000","-2,101,000","-2,243,000","-2,472,000","-3,172,000","-3,139,000","-3,190,000","-3,095,000","-3,363,000","-3,386,000","-2,056,000","-1,319,000","-628,000",,,"-531,000",,,"-863,000","-1,135,000",,"-1,244,000",,"-113,000",,,,,"-737,000","-724,000","-756,000","5,056,000","-2,666,000","-400,000","-670,000","-798,000","-979,000","-532,000","-291,000",,,,,,,,,,,,,,,,,,,,,,,,,,,,,,,,,,,,,,,,,,,,,,,,,,,,,,,,,,,,,,,,,,,,,,,,,,,,,,,,,,,,,,,,,,,,,
EBIT,"361,668,000","91,933,000","109,989,000","86,983,000","72,763,000","52,851,000","40,089,000","37,002,000","28,711,000","26,201,000","61,330,000","50,742,000","49,888,000","44,179,000","45,121,000","46,718,000","38,964,000","29,060,000","23,751,000","23,391,000","23,310,000","5,587,000","6,026,000","19,315,000","12,476,000","475,000","-5,603,000","11,394,000","21,998,000","16,903,000","27,834,000","25,004,000","23,143,000","14,343,000","9,889,000","20,262,000","10,238,000","3,776,000","10,357,000","7,522,000","8,304,000","5,500,000","-247,000","13,366,000","25,354,000","25,855,000","26,298,000","30,360,000","21,981,000","20,986,000","13,180,000","8,994,000","4,664,000","-8,217,000","15,874,000","8,261,000","17,497,000","13,566,000","17,386,000","15,991,000","14,125,000","13,901,000","16,095,000","16,898,000","13,640,000","10,844,000","11,563,000","10,358,000","9,451,000","9,109,000","9,870,000","9,634,000","7,804,000","6,488,000","4,586,000","3,161,000","3,150,000","2,839,000","3,160,000","3,097,000","2,301,000","274,000","-102,124,000","-1,426,000","591,000","1,003,000","3,287,000","6,071,000","5,219,000","3,895,000","3,200,000","2,300,000","900,000","600,000","900,000","800,000","700,000","1,600,000","1,900,000","1,800,000","1,500,000","1,700,000","1,100,000","1,100,000","900,000","1,200,000","1,900,000","2,000,000","1,700,000","1,500,000","700,000","1,000,000","800,000","700,000","400,000","500,000","300,000","-100,000","0","0","4,600,000","4,100,000","100,000","-100,000","3,600,000","3,500,000","4,000,000","3,700,000","-9,700,000","3,100,000","3,100,000","3,200,000","-11,000,000","3,100,000","3,900,000","3,700,000","-10,800,000","3,500,000","4,100,000","4,100,000","-8,900,000","2,900,000","3,100,000","2,800,000","-8,800,000","2,800,000","2,800,000"
EBITDA,"482,231,000"
ReconciledCostOfRevenue,"1,041,235,000","260,697,000","262,992,000","263,565,000","253,981,000","248,045,000","204,095,000","175,886,000","164,301,000","162,066,000","168,015,000","201,628,000","200,018,000","189,882,000","200,247,000","205,732,000","196,817,000","175,917,000","172,051,000","188,900,000","174,085,000","162,392,000","164,822,000","170,071,000","161,828,000","158,518,000","160,785,000","147,252,000","150,016,000","142,269,000","153,009,000","159,045,000","152,913,000","148,405,000","150,192,000","154,951,000","153,086,000","130,781,000","120,040,000","123,012,000","118,211,000","110,957,000","107,818,000","115,383,000","114,191,000","104,162,000","88,209,000","90,151,000","84,163,000","78,123,000","68,660,000","73,810,000","65,930,000","53,293,000","54,408,000","85,397,000","76,400,000","63,664,000","71,566,000","71,112,000","65,605,000","62,496,000","62,884,000","61,879,000","55,279,000","49,375,000","39,960,000","35,323,000","33,101,000","32,004,000","31,697,000","32,607,000","31,984,000","28,680,000","27,561,000","25,779,000","25,045,000","22,205,000","21,411,000","22,420,000","22,815,000","22,572,000","22,191,000","20,279,000","16,957,000","19,544,000","17,046,000","19,962,000","21,022,000","18,002,000","15,600,000","15,200,000","13,100,000","11,300,000","10,700,000","10,700,000","10,500,000","12,100,000","11,900,000","12,300,000","10,700,000","11,600,000","10,300,000","10,800,000","10,000,000","9,400,000","10,000,000","10,900,000","10,400,000","10,200,000","7,200,000","7,000,000","6,800,000","6,400,000","5,600,000","5,100,000","4,700,000","3,800,000","3,700,000","3,400,000",,,"2,600,000","2,600,000",,,,,,,,,,,,,,,,,,,,,,,
ReconciledDepreciation,"120,563,000","28,591,000","30,565,000","30,682,000","30,725,000","30,463,000","27,590,000","26,490,000","26,897,000","27,030,000","28,282,000","4,519,000","4,536,000","4,484,000","4,488,000","4,418,000","4,678,000","4,767,000","4,700,000","4,694,000","4,646,000","4,758,000","5,099,000","5,117,000","5,131,000","5,131,000","2,966,000","1,828,000",,,"1,954,000",,,"1,981,000","2,003,000",,"2,295,000",,"1,721,000",,,,,"1,120,000","1,153,000",,"14,036,000","13,090,000","12,601,000","12,069,000","21,043,000","12,008,000","11,716,000","11,355,000","11,979,000","12,115,000","9,586,000","7,967,000","7,916,000","7,391,000","6,735,000","6,291,000","7,012,000","4,383,000","4,997,000","4,673,000","4,341,000","4,074,000","3,903,000","3,910,000","3,631,000","3,397,000","2,975,000","3,170,000","2,940,000","2,806,000","2,713,000","2,614,000","2,804,000","2,212,000","2,451,000","2,280,000","2,724,000","1,844,000","2,019,000","2,083,000","1,667,000","1,249,000","1,089,000","998,000","900,000","700,000","600,000","600,000","400,000","300,000","200,000","300,000","400,000","200,000","200,000","200,000","500,000","100,000","0","100,000","100,000","100,000","0","100,000","100,000","100,000",,,"0","100,000","0","100,000","100,000","100,000",,,"100,000","100,000",,,,,,,,,,,,,,,,,,,,,,,
NetIncomeFromContinuingOperationNetMinorityInterest,"262,002,000","72,691,000","65,513,000","68,424,000","55,374,000","39,452,000","29,735,000","27,152,000","21,033,000","20,168,000","47,190,000","38,060,000","36,284,000","31,716,000","29,519,000","30,908,000","25,068,000","18,526,000","-30,651,000","14,450,000","13,179,000","1,217,000","1,268,000","10,648,000","5,752,000","-1,733,000","-4,773,000","2,837,000","15,078,000","11,132,000","16,664,000","19,427,000","17,385,000","10,202,000","6,204,000","13,619,000","8,635,000","-1,926,000","4,075,000","8,553,000","6,653,000","4,871,000","3,115,000","9,957,000","17,981,000","19,684,000","23,966,000","21,162,000","16,647,000","14,958,000","14,212,000","7,020,000","-2,953,000","-10,766,000","14,611,000","-2,946,000","13,108,000","14,203,000","18,299,000","16,101,000","12,249,000","13,009,000","14,676,000","12,770,000","11,385,000","9,312,000","10,040,000","8,383,000","7,665,000","7,240,000","7,330,000","7,242,000","6,123,000","4,856,000","3,437,000","2,563,000","2,172,000","1,923,000","2,263,000","1,767,000","1,563,000","208,000","-75,000","-847,000","525,000","521,000","2,785,000","4,650,000","4,320,000","3,140,000","2,400,000","1,700,000","800,000","700,000","400,000","600,000","500,000","1,200,000","1,300,000","1,300,000","1,200,000","1,200,000","800,000","800,000","600,000","800,000","1,300,000","1,300,000","1,100,000","1,000,000","700,000","600,000","600,000","500,000","1,000,000","400,000","300,000",,"100,000",,"100,000","100,000","0",,,,,,,,,,,,,,,,,,,,,,,,
TotalUnusualItemsExcludingGoodwill,"19,462,000","-3,827,000","11,811,000","6,727,000","4,751,000","2,376,000","-3,777,000","-2,618,000","-3,600,000","75,000","22,074,000","-822,000","-496,000","-64,000","-707,000","-655,000","-226,000","-2,709,000","-5,508,000","-5,344,000","-3,466,000","-6,025,000","-3,218,000",,,,"343,000","-1,421,000",,,"-343,000",,,"-263,000","-5,998,000",,"-1,535,000",,"7,795,000","1,923,000","251,000","687,000","1,234,000","-2,300,000","-1,913,000","-2,475,000","-4,442,000","0","-3,167,000","814,000","-1,534,000","-2,752,000","-2,308,000","-2,045,000","14,899,000","-8,762,000","-1,202,000","-249,000","613,000","-13,000","-1,698,000","-448,000","284,000","-1,595,000","12,000","-327,000","308,000","116,000","12,000","71,000","-385,000","92,000","32,000","-170,000","-827,000","-174,000","-20,000","42,000","272,000","-195,000","109,000","16,000","566,000","94,000","220,000","-96,000","320,000","135,000","40,000","6,000","100,000","100,000","100,000","200,000","400,000","200,000","200,000","200,000","300,000","200,000","200,000","100,000","100,000","100,000","100,000","200,000","200,000","200,000","100,000","100,000","100,000","100,000","-100,000","100,000","0",,,,"100,000",,,,,,,,,,,,,,,,,,,,,,,,,,,,
TotalUnusualItems,"19,462,000","-3,827,000","11,811,000","6,727,000","4,751,000","2,376,000","-3,777,000","-2,618,000","-3,600,000","75,000","22,074,000","-822,000","-496,000","-64,000","-707,000","-655,000","-226,000","-2,709,000","-5,508,000","-5,344,000","-3,466,000","-6,025,000","-3,218,000",,,,"343,000","-1,421,000",,,"-343,000",,,"-263,000","-5,998,000",,"-1,535,000",,"7,795,000","1,923,000","251,000","687,000","1,234,000","-2,300,000","-1,913,000","-2,475,000","-4,442,000","0","-3,167,000","814,000","-1,534,000","-2,752,000","-2,308,000","-2,045,000","14,899,000","-8,762,000","-1,202,000","-249,000","613,000","-13,000","-1,698,000","-448,000","284,000","-1,595,000","12,000","-327,000","308,000","116,000","12,000","71,000","-385,000","92,000","32,000","-170,000","-827,000","-174,000","-20,000","42,000","272,000","-195,000","109,000","16,000","566,000","94,000","220,000","-96,000","320,000","135,000","40,000","6,000","100,000","100,000","100,000","200,000","400,000","200,000","200,000","200,000","300,000","200,000","200,000","100,000","100,000","100,000","100,000","200,000","200,000","200,000","100,000","100,000","100,000","100,000","-100,000","100,000","0",,,,"100,000",,,,,,,,,,,,,,,,,,,,,,,,,,,,
NormalizedEBITDA,"462,769,000","124,351,000","128,743,000","110,938,000","98,737,000","80,938,000","71,456,000","66,110,000","59,208,000","53,156,000","67,538,000","56,083,000","54,920,000","48,727,000","50,316,000","51,791,000","43,868,000","36,536,000","33,959,000","33,429,000","31,422,000","16,370,000","11,125,000","24,432,000","17,607,000","5,606,000","-2,980,000","14,643,000","21,998,000","16,903,000","27,834,000","25,004,000","23,143,000","14,343,000","9,889,000","20,262,000","10,238,000","3,776,000","2,562,000","5,599,000","8,053,000","4,813,000","-1,481,000","15,666,000","27,267,000","28,330,000","44,776,000","43,450,000","37,749,000","32,241,000","35,757,000","23,754,000","18,688,000","5,183,000","12,954,000","29,138,000","28,285,000","21,782,000","24,689,000","23,395,000","22,558,000","20,640,000","22,823,000","22,876,000","18,625,000","15,844,000","15,596,000","14,316,000","13,342,000","12,948,000","13,886,000","12,939,000","10,747,000","9,828,000","8,353,000","6,141,000","5,883,000","5,411,000","5,692,000","5,504,000","4,643,000","2,538,000","-99,966,000","324,000","2,390,000","3,182,000","4,634,000","7,185,000","6,268,000","4,887,000","4,000,000","2,900,000","1,400,000","1,000,000","900,000","900,000","700,000","1,700,000","2,000,000","1,800,000","1,500,000","1,800,000","1,500,000","1,100,000","800,000","1,100,000","1,800,000","1,900,000","1,700,000","1,500,000","700,000","1,000,000","900,000","600,000","400,000","600,000","400,000","0","0","100,000","4,600,000","4,100,000","200,000","0","3,600,000","3,500,000","4,000,000","3,700,000","-9,700,000","3,100,000","3,100,000","3,200,000","-11,000,000","3,100,000","3,900,000","3,700,000","-10,800,000","3,500,000","4,100,000","4,100,000","-8,900,000","2,900,000","3,100,000","2,800,000","-8,800,000","2,800,000","2,800,000"
TaxRateForCalcs,"0.242","0.183","0.391","0.173","0.171","0.189","0.167","0.177","0.179","0.183","0.202","0.218","0.233","0.245","0.299","0.297","0.295","0.296","0.4","0.255","0.304","0.266","0.233","0.262","0.273","0.271","0.306","0.4","0.254","0.262","0.258","0.24","0.24","0.2","0.35","0.21","0.14","0.35","0.35","0.054","0.1","0.1","0.06","0.032","0.201","0.193","0.197","0.195","0.147","0.175","0.35","0.35","0.35","0.35","0.35","0.35","0.168","0.13","0.108","0.118","0.148","0.165","0.205","0.197","0.199","0.15","0.173","0.157","0.156","0.162","0.197","0.223","0.18","0.188","0.178","0.135","0.224","0.234","0.248","0.294","0.222","0.4","0.4","0.4","0.4","0.4","0.097","0.201","0.11","0.135","0.25","0.227","0.111","0.4","0.4","0.25","0.286","0.294","0.4","0.316","0.25","0.25","0.385","0.333","0.333","0.385","0.278","0.381","0.389","0.375","0.125","0.4","0.333","0.375","0.4","0.2","0.4",,"0.4",,"0.4","0.4","0",,,,,,,,,,,,,,,,,,,,,,,,
TaxEffectOfUnusualItems,"4,703,497.566","-700,341","4,612,430.209","1,163,771","812,421","449,064","-629,849.044","-463,386","-644,400","13,725","4,461,466.51","-179,196","-115,568","-15,680","-211,741.871","-194,535","-66,670","-801,864","-2,203,200","-1,362,720","-1,053,664","-1,602,650","0","0","0","0","104,957.099","-568,400","0","0","0","0","0","0","0","0","0","0","2,728,250","103,632.292","25,114.67","68,622.273","74,502.218","-74,615.941","-385,031.953","-476,776.963","-876,144.828","0","-466,934.418","142,377.184","-536,900","-963,200","-807,800","-715,750","5,214,650","-3,066,700","-201,808.863","-32,401.304","66,116.838","-1,535.978","-251,149.307","-74,044.522","58,299.601","-314,014.097","2,383.805","-49,205.77","53,297.263","18,239.984","1,868.286","11,476.516","-75,721.478","20,525.666","5,760.25","-32,018.185","-147,055.912","-23,516.569","-4,471.154","9,827.076","67,480.916","-57,361.694","24,159.794","6,400","226,400","37,600","88,000","-38,400","31,024.643","27,139.175","4,407.827","812.775","25,000","22,727.273","11,111.111","80,000","160,000","50,000","57,142.857","58,823.529","120,000","63,157.895","50,000","25,000","38,461.538","33,333.333","33,333.333","76,923.077","55,555.556","76,190.476","38,888.889","37,500","12,500","40,000","-33,333.333","37,500","0","0","0",,"40,000",,"0","0","0",,,,,,,,,,,,,,,,,,,,,,,,