name,ttm,03/31/2022,12/31/2021,09/30/2021,06/30/2021,03/31/2021,12/31/2020,09/30/2020,06/30/2020,03/31/2020,12/31/2019,09/30/2019,06/30/2019,03/31/2019,12/31/2018,09/30/2018,06/30/2018,03/31/2018,12/31/2017,09/30/2017,06/30/2017,03/31/2017,12/31/2016,09/30/2016,06/30/2016,03/31/2016,12/31/2015,09/30/2015,06/30/2015,03/31/2015,12/31/2014,09/30/2014,06/30/2014,03/31/2014,12/31/2013,09/30/2013,06/30/2013,03/31/2013,12/31/2012,09/30/2012,06/30/2012,03/31/2012,12/31/2011,09/30/2011,06/30/2011,03/31/2011,12/31/2010,09/30/2010,06/30/2010,03/31/2010,12/31/2009,09/30/2009,06/30/2009,03/31/2009,12/31/2008,09/30/2008,06/30/2008,03/31/2008,12/31/2007,09/30/2007,06/30/2007,03/31/2007,12/31/2006,09/30/2006,06/30/2006,03/31/2006,12/31/2005,09/30/2005,06/30/2005,03/31/2005,12/31/2004,09/30/2004,06/30/2004,03/31/2004,12/31/2003,09/30/2003,06/30/2003,03/31/2003,12/31/2002
TotalRevenue,"1,257,828,000","334,371,000","351,633,000","285,025,000","286,799,000","319,558,000","389,874,000","271,191,000","246,909,000","351,815,000","291,877,000","298,827,000","302,159,000","338,258,000","302,376,000","265,325,000","317,447,000","301,355,000","287,797,000","242,048,000","305,665,000","267,474,000","266,267,000","232,997,000","277,587,000","274,340,000","240,814,000","232,748,000","231,702,000","271,950,000","234,238,000","226,957,000","223,350,000","278,592,000","231,277,000","216,652,000","207,074,000","249,346,000","236,602,000","224,755,000","207,872,000","260,259,000","233,378,000","243,768,000","218,999,000","250,026,000","242,712,000","227,807,000","230,269,000","243,421,000","221,216,000","163,877,000","171,244,000","204,124,000","180,258,000","163,130,000","154,317,000","172,557,000","150,227,000","128,963,000","119,613,000","129,010,000","104,442,000","102,143,000","93,650,000","104,724,000","91,025,000","78,924,000","79,679,000","85,101,000","84,263,000","68,877,000","76,050,000","78,691,000","65,423,000","58,108,000","53,295,000","55,795,000","50,274,000"
	OperatingRevenue,"1,257,828,000","334,371,000","351,633,000","285,025,000","286,799,000","319,558,000","389,874,000","271,191,000","246,909,000","351,815,000","291,877,000","298,827,000","302,159,000","338,258,000","302,376,000","265,325,000","317,447,000","301,355,000","287,797,000","242,048,000","305,665,000","267,474,000","266,267,000","232,997,000","277,587,000","274,340,000","240,814,000","232,748,000","231,702,000","271,950,000","234,238,000","226,957,000","223,350,000","278,592,000","231,277,000","216,652,000","207,074,000","249,346,000","236,602,000","224,755,000","207,872,000","260,259,000","233,378,000","243,768,000","218,999,000","250,026,000","242,712,000","227,807,000","230,269,000","243,421,000","221,216,000","163,877,000","171,244,000","204,124,000","180,258,000","163,130,000","154,317,000","172,557,000","150,227,000","128,963,000","119,613,000","129,010,000","104,442,000","102,143,000","93,650,000","104,724,000","91,025,000","78,924,000","79,679,000","85,101,000","84,263,000","68,877,000","76,050,000","78,691,000","65,423,000","58,108,000","53,295,000","55,795,000","50,274,000"
CostOfRevenue,"130,567,000","35,515,000","32,709,000","30,699,000","31,644,000","32,378,000","35,304,000","42,465,000","29,888,000","36,830,000","37,315,000","45,960,000","39,690,000","36,575,000","38,629,000","31,960,000","34,465,000","30,959,000","30,876,000","29,238,000","32,125,000","26,977,000","29,967,000","30,222,000","24,621,000","24,373,000","29,766,000","25,377,000","24,880,000","25,149,000","19,410,000","12,420,000","18,869,000","17,505,000","21,382,000","23,491,000","24,340,000","23,283,000","25,605,000","26,994,000","21,031,000","23,592,000","20,410,000","25,642,000","27,933,000","28,457,000","29,139,000","26,343,000","40,056,000","29,623,000","35,793,000","17,264,000","19,750,000","31,982,000","-4,228,000","16,549,000","16,016,000","17,246,000","17,966,000","14,989,000","19,560,000","20,687,000","19,029,000","18,589,000","18,884,000","16,398,000","22,171,000","15,371,000","14,156,000","23,715,000","26,976,000","22,290,000","23,198,000","24,753,000","21,264,000","19,901,000","17,785,000","18,431,000","17,526,000"
GrossProfit,"1,127,261,000","298,856,000","318,924,000","254,326,000","255,155,000","287,180,000","354,570,000","228,726,000","217,021,000","314,985,000","254,562,000","252,867,000","262,469,000","301,683,000","263,747,000","233,365,000","282,982,000","270,396,000","256,921,000","212,810,000","273,540,000","240,497,000","236,300,000","202,775,000","252,966,000","249,967,000","211,048,000","207,371,000","206,822,000","246,801,000","214,828,000","214,537,000","204,481,000","261,087,000","209,895,000","193,161,000","182,734,000","226,063,000","210,997,000","197,761,000","186,841,000","236,667,000","212,968,000","218,126,000","191,066,000","221,569,000","213,573,000","201,464,000","190,213,000","213,798,000","185,423,000","146,613,000","151,494,000","172,142,000","184,486,000","146,581,000","138,301,000","155,311,000","132,261,000","113,974,000","100,053,000","108,323,000","85,413,000","83,554,000","74,766,000","88,326,000","68,854,000","63,553,000","65,523,000","61,386,000","57,287,000","46,587,000","52,852,000","53,938,000","44,159,000","38,207,000","35,510,000","37,364,000","32,748,000"
OperatingExpense,"892,331,000","250,344,000","228,438,000","214,625,000","198,924,000","203,252,000","193,671,000","198,703,000","181,360,000","209,371,000","205,297,000","195,353,000","197,981,000","198,735,000","195,062,000","196,703,000","188,272,000","184,259,000","174,878,000","176,604,000","177,608,000","177,214,000","170,233,000","173,702,000","171,781,000","166,385,000","171,860,000","171,275,000","161,877,000","168,194,000","161,328,000","156,453,000","154,593,000","156,083,000","146,750,000","136,117,000","139,856,000","141,881,000","143,965,000","126,235,000","118,801,000","114,711,000","111,307,000","103,301,000","103,209,000","101,099,000","103,586,000","98,618,000","93,205,000","81,602,000","81,066,000","86,493,000","71,797,000","64,764,000","70,013,000","79,897,000","70,095,000","70,786,000","64,893,000","62,745,000","59,934,000","51,985,000","46,147,000","46,906,000","47,585,000","46,947,000","44,479,000","40,934,000","40,257,000","43,350,000","39,146,000","111,115,000","6,186,000","5,700,000","4,934,000","81,530,000","4,835,000","4,535,000","3,952,000"
	SellingGeneralAndAdministration,"632,026,000","182,923,000","159,614,000","152,659,000","136,830,000","137,444,000","129,899,000","136,977,000","121,777,000","149,285,000","147,647,000","135,162,000","137,573,000","140,110,000","136,415,000","136,203,000","127,915,000","124,766,000","118,434,000","118,782,000","117,977,000","118,873,000","112,715,000","114,488,000","116,804,000","114,297,000","118,532,000","120,654,000","116,369,000","111,593,000","112,734,000","109,372,000","107,807,000","111,285,000","102,287,000","94,670,000","96,941,000","99,933,000","101,529,000","88,277,000","83,678,000","80,475,000","78,481,000","70,193,000","69,123,000","72,700,000","75,259,000","69,201,000","65,692,000","56,354,000","58,266,000","62,514,000","55,575,000","53,420,000","54,467,000","62,815,000","54,979,000","55,310,000","50,986,000","50,536,000","48,430,000","42,525,000","37,311,000","40,567,000","38,477,000","38,584,000","36,537,000","33,316,000","33,372,000","35,610,000","32,857,000",,,,,,,,
		GeneralAndAdministrativeExpense,"271,446,000","98,693,000","62,444,000","54,193,000","56,116,000","59,398,000","54,454,000","55,581,000","50,843,000","60,800,000","52,529,000","53,013,000","54,183,000","47,416,000","50,813,000","50,403,000","48,081,000","50,747,000","48,285,000","42,396,000","44,497,000","43,253,000","41,540,000","39,724,000","42,570,000","42,482,000","44,078,000","46,220,000","45,587,000","45,653,000","44,716,000","45,534,000","44,205,000","46,457,000","41,908,000","38,646,000","38,413,000","41,803,000","43,108,000","39,570,000","36,859,000","37,281,000","35,465,000","33,039,000","32,397,000","35,155,000","37,042,000","32,676,000","29,165,000","29,630,000","27,882,000",,,,,,,,,,,,,,,,,,,,,,,,,,,,
			OtherGandA,"271,446,000","98,693,000","62,444,000","54,193,000","56,116,000","59,398,000","54,454,000","55,581,000","50,843,000","60,800,000","52,529,000","53,013,000","54,183,000","47,416,000","50,813,000","50,403,000","48,081,000","50,747,000","48,285,000","42,396,000","44,497,000","43,253,000","41,540,000","39,724,000","42,570,000","42,482,000","44,078,000","46,220,000","45,587,000","45,653,000","44,716,000","45,534,000","44,205,000","46,457,000","41,908,000","38,646,000","38,413,000","41,803,000","43,108,000","39,570,000","36,859,000","37,281,000","35,465,000","33,039,000","32,397,000","35,155,000","37,042,000","32,676,000","29,165,000","29,630,000","27,882,000",,,,,,,,,,,,,,,,,,,,,,,,,,,,
		SellingAndMarketingExpense,"360,580,000","84,230,000","97,170,000","98,466,000","80,714,000","78,046,000","75,445,000","81,396,000","70,934,000","88,485,000","95,118,000","82,149,000","83,390,000","92,694,000","85,602,000","85,800,000","79,834,000","74,019,000","70,149,000","76,386,000","73,480,000","75,620,000","71,175,000","74,764,000","74,234,000","71,815,000","74,454,000","74,434,000","70,782,000","65,940,000","68,018,000","63,838,000","63,602,000","64,828,000","60,379,000","56,024,000","58,528,000","58,130,000","58,421,000","48,707,000","46,819,000","43,194,000","43,016,000","37,154,000","36,726,000","37,545,000","38,217,000","36,525,000","36,527,000","26,724,000","30,384,000",,,,,,,,,,,,,,,,,,,,,,,,,,,,
	ResearchAndDevelopment,"260,305,000","67,421,000","68,824,000","61,966,000","62,094,000","65,808,000","63,772,000","61,726,000","59,583,000","60,086,000","57,650,000","60,191,000","60,408,000","58,625,000","58,647,000","60,500,000","60,357,000","59,493,000","56,444,000","57,822,000","59,631,000","58,341,000","57,518,000","59,214,000","54,977,000","52,088,000","53,328,000","50,621,000","45,508,000","56,601,000","48,594,000","47,081,000","46,786,000","44,798,000","44,463,000","41,447,000","42,915,000","41,948,000","42,436,000","37,958,000","35,123,000","34,236,000","32,826,000","33,108,000","34,086,000","28,399,000","28,327,000","29,417,000","27,513,000","25,248,000","22,800,000","18,079,000","17,222,000","16,244,000","15,546,000","17,082,000","15,366,000","15,725,000","13,907,000","12,459,000","11,854,000","10,960,000","8,836,000","9,964,000","9,108,000","8,363,000","7,942,000","7,618,000","6,885,000","7,740,000","8,289,000","6,659,000","6,186,000","5,700,000","4,934,000","4,940,000","4,835,000","4,535,000","3,952,000"
	OtherOperatingExpenses,,,,,,,,,,,,,,,,,,,,,,,,,,,,,,,,,,,,,,,,,,,,,,,,,,,,,"-1,000,000","-4,900,000",,"0","-250,000","-249,000",,"-250,000","-350,000","-1,500,000",,,,,,"0",,,"-2,000,000",,,,,,,,
OperatingIncome,"234,930,000","48,512,000","90,486,000","39,701,000","56,231,000","83,928,000","160,899,000","30,023,000","35,661,000","105,614,000","49,265,000","57,514,000","64,488,000","102,948,000","68,685,000","36,662,000","94,710,000","86,137,000","82,043,000","36,206,000","95,932,000","63,283,000","66,067,000","29,073,000","81,185,000","83,582,000","39,188,000","36,096,000","44,945,000","78,607,000","53,500,000","58,084,000","49,888,000","105,004,000","63,145,000","57,044,000","42,878,000","84,182,000","67,032,000","71,526,000","68,040,000","121,956,000","101,661,000","114,825,000","87,857,000","120,470,000","109,987,000","102,846,000","97,008,000","132,196,000","104,357,000","60,120,000","79,697,000","107,378,000","114,473,000","66,684,000","68,206,000","84,525,000","67,368,000","51,229,000","40,119,000","56,338,000","39,266,000","36,648,000","27,181,000","41,379,000","24,375,000","22,619,000","25,266,000","18,036,000","18,141,000","-64,528,000","46,666,000","48,238,000","39,225,000","-43,323,000","30,675,000","32,829,000","28,796,000"
NetNonOperatingInterestIncomeExpense,"2,973,000","1,011,000","632,000","697,000","633,000","795,000","889,000","439,000","2,544,000","4,696,000","4,860,000","5,625,000","6,522,000","7,462,000","5,140,000","5,762,000","5,401,000","3,863,000","3,746,000","3,033,000","2,480,000","2,149,000","1,788,000","1,636,000","1,438,000","1,217,000","1,268,000","1,032,000","1,384,000","1,060,000","885,000","1,450,000","708,000","827,000","542,000","714,000","743,000","502,000","1,314,000","1,608,000","1,487,000","1,409,000","1,711,000","2,390,000","2,360,000","1,868,000","1,331,000","1,519,000","1,487,000","1,842,000","1,747,000","1,746,000","2,244,000","2,471,000",,,,,,,,,,,,,,,,,,,,,,,,,
	InterestIncomeNonOperating,"3,371,000","1,098,000","716,000","816,000","741,000","962,000","974,000","494,000","2,578,000","4,721,000","4,932,000","5,689,000","6,551,000","7,494,000","5,185,000","5,809,000","5,488,000","3,892,000","3,781,000","3,066,000","2,511,000","2,186,000","1,814,000","1,673,000","1,464,000","1,250,000","1,297,000","1,100,000","1,453,000","1,091,000","900,000","994,000","959,000","920,000","654,000","785,000","820,000","904,000","1,339,000","1,747,000","1,513,000","1,414,000","1,737,000","3,417,000","2,360,000","1,953,000","1,614,000","1,633,000","1,879,000","1,954,000","1,832,000","2,082,000","2,431,000","2,620,000",,,,,,,,,,,,,,,,,,,,,,,,,
	InterestExpenseNonOperating,"398,000","87,000","84,000","119,000","108,000","167,000","85,000","55,000","34,000","25,000","72,000","64,000","29,000","32,000","45,000","47,000","87,000","29,000","35,000","33,000","31,000","37,000","26,000","37,000","26,000","33,000","29,000","68,000","69,000","31,000","15,000","-273,000","251,000","93,000","112,000","71,000","77,000","402,000","25,000","139,000","26,000","5,000","26,000","1,027,000","0","85,000","283,000","114,000","392,000","112,000","85,000","336,000","187,000","149,000",,,,,,,,,,,,,,,,,,,,,,,,,
OtherIncomeExpense,"-827,000","-6,072,000","324,000","2,660,000","2,261,000","644,000","5,174,000","4,030,000","1,785,000","469,000","329,000","-6,888,000","-29,210,000","-408,000","429,000","-464,000","-3,521,000","-517,000","-955,000","-12,748,000","-2,109,000","762,000","-199,000","104,000","-839,000","-976,000","-972,000","27,075,000","1,049,000","218,000","-69,000","1,128,000","1,218,000","-2,909,000","-2,986,000","1,110,000","-5,774,000","188,000","713,000","-183,000","794,000","-850,000","-168,000","-2,637,000","234,000","156,000","-252,000","-5,743,000","-413,000","-109,000","275,000","2,565,000","-1,278,000","-1,630,000","-1,382,000","1,440,000","-241,000","-1,190,000","-254,000","16,000","342,000","7,432,000","5,427,000","-8,593,000","4,020,000","4,594,000","3,699,000","-1,053,000","2,062,000","751,000","2,337,000","2,943,000",,"-1,540,000",,,,,
	SpecialIncomeCharges,"-4,543,000","-5,162,000","95,000","664,000","-140,000","-741,000","3,848,000","45,000","-1,522,000","331,000","-675,000","-6,294,000","-30,232,000","-18,000","-14,000","0","82,000","167,000","197,000","-12,856,000","0","0",,"12,000","10,000","-1,255,000","0","41,000","0","0","39,000","210,000","688,000","-86,000","-3,215,000","56,000","-5,930,000","0","0","-967,000","794,000","-850,000","-168,000","-2,637,000","234,000","156,000","-252,000","-5,743,000","-413,000","-109,000","275,000","2,565,000","-1,278,000","-1,630,000","-1,382,000","1,440,000","-241,000","-1,190,000","-254,000","16,000","342,000","7,432,000","5,427,000","-8,593,000","4,020,000","4,594,000","3,699,000","-1,053,000","2,062,000","751,000","2,337,000","2,943,000",,"-1,540,000",,,,,
		RestructuringAndMergernAcquisition,"4,543,000","5,162,000","-95,000","-664,000","140,000","741,000","10,023,000","-45,000","1,522,000","-331,000","675,000","6,294,000","30,232,000","18,000","14,000","0","-82,000","-167,000","-197,000","12,856,000","0","0",,"-12,000","-10,000","1,255,000","0","-41,000","0","0","-39,000","-210,000","-688,000","86,000","3,215,000","-56,000","5,930,000","0","0","-2,000","-85,000","910,000","368,000","2,669,000","-48,000","0","785,000","5,655,000","1,068,000","118,000","185,000","835,000","1,278,000","1,866,000",,,,,,,,,,,,,,,,,,,,,,,,,
		OtherSpecialCharges,,,,,,,,,,,,,,,,,,,,,,,,,,,,,,,,,,,,,,,,,"-709,000","-60,000","-200,000","-32,000","-186,000","-156,000","-533,000","88,000","-655,000","-9,000","-460,000",,"-1,600,000","-236,000",,,,,,,,,,,,,,,,,,,,,,,,,
		GainOnSaleOfPPE,"0","0","0","0","0","0","13,871,000",,,,,,,,,,,,,,,,,,,,,,,,,,,,,,,,,,,,,,,,,,,,,,,,,,,,,,,,,,,,,,,,,,,,,,,,
	OtherNonOperatingIncomeExpenses,"3,716,000","-910,000","229,000","1,996,000","2,401,000","1,385,000","1,326,000","3,985,000","3,307,000","138,000","1,004,000","-594,000","1,022,000","-390,000","443,000","-464,000","-3,603,000","-684,000","-1,152,000","108,000","-2,109,000","762,000","-199,000","92,000","-849,000","279,000","-972,000","27,034,000","1,049,000","218,000","-108,000","918,000","530,000","-2,823,000","229,000","1,054,000","156,000","188,000","713,000","1,423,000",,,,,,,,,,,,,,,,,,,,,,,,,,,,,,,,,,,,,,,
PretaxIncome,"237,076,000","43,451,000","91,442,000","43,058,000","59,125,000","85,367,000","166,962,000","34,492,000","39,990,000","110,779,000","54,454,000","56,251,000","41,800,000","110,002,000","74,254,000","41,960,000","96,590,000","89,483,000","84,834,000","26,491,000","96,303,000","66,194,000","67,656,000","30,813,000","81,784,000","83,823,000","39,484,000","64,203,000","47,378,000","79,885,000","54,316,000","60,662,000","51,814,000","102,922,000","60,701,000","58,868,000","37,847,000","84,872,000","69,059,000","72,951,000","70,321,000","122,515,000","103,204,000","116,632,000","90,451,000","122,494,000","111,066,000","98,622,000","98,082,000","133,929,000","106,379,000","67,221,000","79,019,000","108,219,000","116,960,000","71,434,000","70,867,000","86,929,000","72,572,000","56,575,000","45,878,000","62,270,000","44,693,000","41,389,000","31,201,000","45,973,000","28,074,000","26,675,000","27,328,000","18,787,000","18,428,000","7,328,000","20,854,000","12,429,000","19,357,000","20,784,000","11,259,000","13,435,000","11,004,000"
TaxProvision,"21,759,000","6,932,000","11,432,000","-1,170,000","4,565,000","9,022,000","24,272,000","7,516,000","-27,388,000","22,105,000","5,863,000","12,316,000","2,163,000","36,427,000","-24,104,000","-8,270,000","13,302,000","18,718,000","166,312,000","4,551,000","20,117,000","15,467,000","14,082,000","6,734,000","18,017,000","16,278,000","8,473,000","17,288,000","11,522,000","21,353,000","12,379,000","14,300,000","11,251,000","26,373,000","15,455,000","12,784,000","7,345,000","22,633,000","17,582,000","20,906,000","18,915,000","34,198,000","29,838,000","37,344,000","28,404,000","40,012,000","24,301,000","35,295,000","34,394,000","47,610,000","36,886,000","22,518,000","27,502,000","38,430,000","38,623,000","22,254,000","24,117,000","29,792,000","24,607,000","12,064,000","15,839,000","22,776,000","14,452,000","15,917,000","11,778,000","17,652,000","10,486,000","9,255,000","12,332,000","8,000,000","7,743,000","3,980,000","8,392,000","12,359,000","6,825,000","3,764,000","3,443,000","4,899,000","3,973,000"
NetIncomeCommonStockholders,"215,546,000","36,720,000","80,014,000","44,191,000","54,621,000","76,217,000","135,198,000","26,829,000","67,285,000","88,496,000","48,753,000","43,918,000","39,574,000","73,440,000","98,219,000","50,092,000","83,145,000","70,631,000","-81,622,000","21,795,000","76,043,000","50,590,000","53,374,000","23,933,000","63,628,000","67,398,000","30,901,000","46,553,000","35,506,000","57,974,000","41,357,000","45,941,000","39,779,000","75,868,000","44,515,000","45,795,000","30,216,000","61,911,000","51,349,000","51,494,000","51,529,000","88,120,000","73,159,000","79,071,000","61,748,000","82,061,000","86,387,000","65,011,000","63,452,000","85,898,000","69,086,000","44,299,000","51,146,000","69,451,000","78,095,000","48,559,000","46,448,000","56,778,000","47,673,000","44,158,000","29,685,000","39,095,000","29,893,000","25,217,000","19,084,000","27,979,000","17,269,000","16,808,000","14,778,000","10,330,000","10,377,000","3,269,000","11,968,000","12,359,000","12,246,000","7,801,000","7,792,000","8,434,000","6,942,000"
	NetIncome,"215,546,000","36,720,000","80,014,000","44,191,000","54,621,000","76,217,000","135,198,000","26,829,000","67,285,000","88,496,000","48,753,000","43,918,000","39,574,000","73,440,000","98,219,000","50,092,000","83,145,000","70,631,000","-81,622,000","21,795,000","76,043,000","50,590,000","53,374,000","23,933,000","63,628,000","67,398,000","30,901,000","46,553,000","35,506,000","57,974,000","41,357,000","45,941,000","39,779,000","75,868,000","44,515,000","45,795,000","30,216,000","61,911,000","51,349,000","51,494,000","51,529,000","88,120,000","73,159,000","79,071,000","61,748,000","82,061,000","86,387,000","65,011,000","63,452,000","85,898,000","69,086,000","44,299,000","51,146,000","69,451,000","78,095,000","48,559,000","46,448,000","56,778,000","47,673,000","44,158,000","29,685,000","39,095,000","29,893,000","25,217,000","19,084,000","27,979,000","17,269,000","16,808,000","14,778,000","10,330,000","10,377,000","3,269,000","11,968,000","12,359,000","12,246,000","7,801,000","7,792,000","8,434,000","6,942,000"
		NetIncomeIncludingNoncontrollingInterests,"215,317,000","36,519,000","80,010,000","44,228,000","54,560,000","76,345,000","142,690,000","26,976,000","67,378,000","88,674,000","48,591,000","43,935,000","39,637,000","73,575,000","98,358,000","50,230,000","83,288,000","70,765,000","-81,478,000","21,940,000","76,186,000","50,727,000","53,574,000","24,079,000","63,767,000","67,545,000","31,011,000","46,915,000","35,856,000","58,532,000","41,937,000","46,362,000","40,563,000","76,549,000","45,246,000","46,084,000","30,502,000","62,239,000","51,477,000","52,045,000","51,406,000","88,317,000","73,366,000","79,288,000","62,047,000","82,482,000","86,765,000","63,327,000","63,688,000","86,319,000","69,493,000","44,703,000","51,517,000","69,789,000","78,337,000","49,180,000","46,750,000","57,137,000","47,965,000","44,511,000","30,039,000","39,494,000","30,241,000","25,472,000","19,423,000","28,321,000","17,588,000","17,420,000","14,996,000","10,787,000","10,685,000","3,348,000","12,462,000","12,429,000","12,532,000","8,148,000","7,816,000","8,536,000","7,031,000"
			NetIncomeContinuousOperations,"215,317,000","36,519,000","80,010,000","44,228,000","54,560,000","76,345,000","142,690,000","26,976,000","67,378,000","88,674,000","48,591,000","43,935,000","39,637,000","73,575,000","98,358,000","50,230,000","83,288,000","70,765,000","-81,478,000","21,940,000","76,186,000","50,727,000","53,574,000","24,079,000","63,767,000","67,545,000","31,011,000","46,915,000","35,856,000","58,532,000","41,937,000","46,362,000","40,563,000","76,549,000","45,246,000","46,084,000","30,502,000","62,239,000","51,477,000","52,045,000","51,406,000","88,317,000","73,366,000","79,288,000","62,047,000","82,482,000","86,765,000","63,327,000","63,688,000","86,319,000","69,493,000","44,703,000","51,517,000","69,789,000","78,095,000","48,559,000","46,448,000","56,778,000","47,673,000","44,158,000","29,685,000","39,095,000","29,893,000","25,217,000","19,084,000","27,979,000","17,269,000","16,808,000","14,778,000","10,330,000","10,377,000","3,269,000","11,968,000","12,359,000","12,246,000","7,801,000","7,792,000","8,434,000","6,942,000"
		MinorityInterests,"229,000","201,000","4,000","-37,000","61,000","-128,000","-7,492,000","-147,000","-93,000","-178,000","162,000","-17,000","-63,000","-135,000","-139,000","-138,000","-143,000","-134,000","-144,000","-145,000","-143,000","-137,000","-200,000","-146,000","-139,000","-147,000","-110,000","-362,000","-350,000","-558,000","-580,000","-421,000","-784,000","-681,000","-731,000","-289,000","-286,000","-328,000","-128,000","-551,000","123,000","-197,000","-207,000","-217,000","-299,000","-421,000","-378,000","1,684,000","-236,000","-421,000","-407,000","-404,000","-371,000","-338,000","-242,000","-621,000","-302,000","-359,000","-292,000","-353,000","-354,000","-399,000","-348,000","-255,000","-339,000","-342,000","-319,000","-612,000","-218,000","-457,000","-308,000","-79,000","-494,000","-70,000","-286,000","-347,000","-24,000","-102,000","-89,000"
DilutedNIAvailtoComStockholders,"215,546,000","36,720,000","80,014,000","44,191,000","54,621,000","76,217,000","135,198,000","26,829,000","67,285,000","88,496,000","48,753,000","43,918,000","39,574,000","73,440,000","98,219,000","50,092,000","83,145,000","70,631,000","-81,622,000","21,795,000","76,043,000","50,590,000","53,374,000","23,933,000","63,628,000","67,398,000","30,901,000","46,553,000","35,506,000","57,974,000","41,357,000","45,941,000","39,779,000","75,868,000","44,515,000","45,795,000","30,216,000","61,911,000","51,349,000","51,494,000","51,529,000","88,120,000","73,159,000","79,071,000","61,748,000","82,061,000","86,387,000","65,011,000","63,452,000","85,898,000","69,086,000","44,299,000","51,146,000","69,451,000","78,095,000","48,559,000","46,448,000","56,778,000","47,673,000","44,158,000","29,685,000","39,095,000","29,893,000","25,217,000","19,084,000","27,979,000","17,269,000","16,808,000","14,778,000","10,330,000","10,377,000","3,269,000","11,968,000","12,359,000","12,246,000","7,801,000","7,792,000","8,434,000","6,942,000"
BasicEPS,,"0.36","0.79","0.44","0.54","0.75","1.34","0.27","0.67","0.88","0.49","0.44","0.39","0.72","0.96","0.48","0.8","0.68","-0.8","0.21","0.75","0.5","0.53","0.24","0.63","0.67","0.31","0.44","0.35","0.57","0.4","0.45","0.39","0.74","0.44","0.45","0.3","0.61","0.5","0.49","0.48","0.81","0.67",,"0.55","0.73","0.77",,"0.56","0.75","0.61",,"0.45","0.62","0.69",,"0.42","0.51","0.43",,"0.27","0.36","0.28",,"0.18","0.27","0.17",,"0.14","0.11","0.12",,"0.14","0.14","0.14",,"0.09","0.1","0.08"
DilutedEPS,,"0.36","0.77","0.42","0.52","0.73","1.3","0.26","0.66","0.86","0.47","0.43","0.38","0.7","0.93","0.47","0.78","0.66","-0.8","0.21","0.73","0.49","0.51","0.23","0.62","0.66","0.3","0.43","0.34","0.56","0.4","0.44","0.38","0.73","0.43","0.44","0.29","0.6","0.5","0.49","0.48","0.81","0.67",,"0.55","0.72","0.76",,"0.55","0.74","0.59",,"0.44","0.6","0.68",,"0.4","0.49","0.42",,"0.26","0.34","0.27",,"0.17","0.25","0.16",,"0.13","0.1","0.11",,"0.13","0.14","0.14",,"0.09","0.1","0.08"
BasicAverageShares,,"101,343,000","101,230,000","101,227,000","101,351,000","101,464,000","100,716,000","100,473,000","100,593,000","100,854,000","100,336,000","100,481,000","101,218,000","102,141,000","102,677,000","103,349,000","103,836,000","103,771,000","102,552,000","101,959,000","101,905,000","101,787,000","101,483,000","101,145,000","100,533,000","100,456,000","100,734,000","101,935,000","102,670,000","102,509,000","102,303,000","102,211,000","102,350,000","102,291,000","101,750,000","101,768,000","101,751,000","101,638,000","102,361,000","104,079,000","106,328,000","108,415,000","108,884,000",,"111,494,000","112,140,000","112,035,000",,"113,254,000","113,985,000","114,085,000",,"113,261,000","112,852,000","112,608,000",,"111,844,000","111,192,000","110,592,000",,"109,692,000","109,055,000","107,947,000",,"106,238,000","105,254,000","104,295,000",,"103,410,000","94,806,000","86,788,000",,"85,707,000","85,432,000","85,010,000",,"85,006,000","85,008,000","85,014,000"
DilutedAverageShares,,"102,707,000","103,801,000","104,369,000","104,633,000","104,581,000","103,876,000","102,722,000","102,075,000","102,773,000","103,078,000","102,945,000","103,717,000","104,587,000","106,130,000","106,794,000","106,950,000","107,001,000","102,552,000","103,530,000","104,222,000","103,883,000","103,876,000","103,766,000","102,677,000","101,555,000","101,931,000","103,059,000","104,105,000","103,904,000","104,275,000","104,116,000","103,942,000","103,934,000","103,192,000","102,976,000","103,031,000","102,680,000","103,523,000","104,915,000","107,202,000","109,170,000","109,443,000",,"112,349,000","113,346,000","113,713,000",,"115,282,000","115,995,000","116,138,000",,"115,528,000","115,059,000","114,870,000",,"114,875,000","114,736,000","114,700,000",,"113,696,000","113,412,000","112,767,000",,"111,983,000","111,387,000","110,190,000",,"112,750,000","105,544,000","97,819,000",,"95,306,000","90,986,000","90,518,000",,"85,006,000","85,010,000","85,017,000"
TotalOperatingIncomeAsReported,"230,387,000","43,350,000","90,581,000","40,365,000","56,091,000","83,187,000","164,747,000","30,068,000","34,139,000","105,945,000","48,590,000","51,220,000","34,256,000","102,930,000","68,671,000","36,662,000","94,792,000","86,304,000","82,240,000","23,350,000","95,932,000","63,283,000","66,067,000","29,085,000","81,195,000","82,327,000","39,188,000","36,137,000","44,945,000","78,607,000","53,539,000","58,294,000","50,576,000","104,918,000","59,930,000","57,100,000","36,948,000","84,182,000","67,032,000","71,528,000","68,125,000","121,046,000","101,293,000","112,156,000","87,905,000","120,470,000","109,202,000","97,191,000","95,940,000","132,078,000","104,172,000","65,262,000","78,419,000","105,512,000","114,473,000","66,684,000","68,206,000","84,525,000","67,368,000","51,229,000","40,119,000","56,338,000","39,266,000","36,648,000","27,181,000","41,379,000","24,375,000","22,619,000","25,266,000","18,036,000","18,141,000","7,849,000","20,484,000","20,397,000","19,133,000","11,534,000","11,213,000","13,786,000","11,134,000"
TotalExpenses,"1,022,898,000","285,859,000","261,147,000","245,324,000","230,568,000","235,630,000","228,975,000","241,168,000","211,248,000","246,201,000","242,612,000","241,313,000","237,671,000","235,310,000","233,691,000","228,663,000","222,737,000","215,218,000","205,754,000","205,842,000","209,733,000","204,191,000","200,200,000","203,924,000","196,402,000","190,758,000","201,626,000","196,652,000","186,757,000","193,343,000","180,738,000","168,873,000","173,462,000","173,588,000","168,132,000","159,608,000","164,196,000","165,164,000","169,570,000","153,229,000","139,832,000","138,303,000","131,717,000","128,943,000","131,142,000","129,556,000","132,725,000","124,961,000","133,261,000","111,225,000","116,859,000","103,757,000","91,547,000","96,746,000","65,785,000","96,446,000","86,111,000","88,032,000","82,859,000","77,734,000","79,494,000","72,672,000","65,176,000","65,495,000","66,469,000","63,345,000","66,650,000","56,305,000","54,413,000","67,065,000","66,122,000","133,405,000","29,384,000","30,453,000","26,198,000","101,431,000","22,620,000","22,966,000","21,478,000"
NetIncomeFromContinuingAndDiscontinuedOperation,"215,546,000","36,720,000","80,014,000","44,191,000","54,621,000","76,217,000","135,198,000","26,829,000","67,285,000","88,496,000","48,753,000","43,918,000","39,574,000","73,440,000","98,219,000","50,092,000","83,145,000","70,631,000","-81,622,000","21,795,000","76,043,000","50,590,000","53,374,000","23,933,000","63,628,000","67,398,000","30,901,000","46,553,000","35,506,000","57,974,000","41,357,000","45,941,000","39,779,000","75,868,000","44,515,000","45,795,000","30,216,000","61,911,000","51,349,000","51,494,000","51,529,000","88,120,000","73,159,000","79,071,000","61,748,000","82,061,000","86,387,000","65,011,000","63,452,000","85,898,000","69,086,000","44,299,000","51,146,000","69,451,000","78,095,000","48,559,000","46,448,000","56,778,000","47,673,000","44,158,000","29,685,000","39,095,000","29,893,000","25,217,000","19,084,000","27,979,000","17,269,000","16,808,000","14,778,000","10,330,000","10,377,000","3,269,000","11,968,000","12,359,000","12,246,000","7,801,000","7,792,000","8,434,000","6,942,000"
NormalizedIncome,"219,672,040.304","41,056,080","79,930,875","43,706,280","54,750,220","76,879,454","131,907,960","26,793,805.752","68,396,060","88,231,200","49,355,100","48,833,946.205","68,233,936","73,452,042","98,229,220","50,092,000","83,074,316","70,498,903","-81,740,200","32,442,413.839","76,043,000","50,590,000","53,374,000","23,923,622.529","63,620,200","68,414,550","30,901,000","46,523,040.107","35,506,000","57,974,000","41,326,970","45,780,503.808","39,242,360","75,931,640","46,926,250","45,751,161.174","35,019,300","61,911,000","51,349,000","52,183,881.085","50,949,380","88,732,000","73,278,428.394","80,863,668.016","61,587,482.173","81,955,956.553","86,583,862.946","68,698,685.922","63,720,175.037","85,968,251.932","68,906,353.876","42,593,235.507","51,979,201.205","70,502,165.415","79,020,630.421","47,567,606.546","46,606,984.436","57,560,167.401","47,840,876.178","44,145,411.825","29,461,072.671","34,381,343.215","26,220,883.405","30,505,383.29","16,581,501.362","25,148,932.917","14,951,624.065","17,495,657.357","13,540,800","9,879,400","8,974,800","1,503,200","11,968,000","13,283,000","12,246,000","7,801,000","7,792,000","8,434,000","6,942,000"
InterestIncome,"3,371,000","1,098,000","716,000","816,000","741,000","962,000","974,000","494,000","2,578,000","4,721,000","4,932,000","5,689,000","6,551,000","7,494,000","5,185,000","5,809,000","5,488,000","3,892,000","3,781,000","3,066,000","2,511,000","2,186,000","1,814,000","1,673,000","1,464,000","1,250,000","1,297,000","1,100,000","1,453,000","1,091,000","900,000","994,000","959,000","920,000","654,000","785,000","820,000","904,000","1,339,000","1,747,000","1,513,000","1,414,000","1,737,000","3,417,000","2,360,000","1,953,000","1,614,000","1,633,000","1,879,000","1,954,000","1,832,000","2,082,000","2,431,000","2,620,000",,,,,,,,,,,,,,,,,,,,,,,,,
InterestExpense,"398,000","87,000","84,000","119,000","108,000","167,000","85,000","55,000","34,000","25,000","72,000","64,000","29,000","32,000","45,000","47,000","87,000","29,000","35,000","33,000","31,000","37,000","26,000","37,000","26,000","33,000","29,000","68,000","69,000","31,000","15,000","-273,000","251,000","93,000","112,000","71,000","77,000","402,000","25,000","139,000","26,000","5,000","26,000","1,027,000","0","85,000","283,000","114,000","392,000","112,000","85,000","336,000","187,000","149,000",,,,,,,,,,,,,,,,,,,,,,,,,
NetInterestIncome,"2,973,000","1,011,000","632,000","697,000","633,000","795,000","889,000","439,000","2,544,000","4,696,000","4,860,000","5,625,000","6,522,000","7,462,000","5,140,000","5,762,000","5,401,000","3,863,000","3,746,000","3,033,000","2,480,000","2,149,000","1,788,000","1,636,000","1,438,000","1,217,000","1,268,000","1,032,000","1,384,000","1,060,000","885,000","1,450,000","708,000","827,000","542,000","714,000","743,000","502,000","1,314,000","1,608,000","1,487,000","1,409,000","1,711,000","2,390,000","2,360,000","1,868,000","1,331,000","1,519,000","1,487,000","1,842,000","1,747,000","1,746,000","2,244,000","2,471,000",,,,,,,,,,,,,,,,,,,,,,,,,
EBIT,"237,474,000","43,538,000","91,526,000","43,177,000","59,233,000","85,534,000","167,047,000","34,547,000","40,024,000","110,804,000","54,526,000","56,315,000","41,829,000","110,034,000","74,299,000","42,007,000","96,677,000","89,512,000","84,869,000","26,524,000","96,334,000","66,231,000","67,682,000","30,850,000","81,810,000","83,856,000","39,513,000","64,271,000","47,447,000","79,916,000","54,331,000","60,228,000","52,065,000","103,015,000","60,813,000","58,939,000","37,924,000","85,274,000","69,084,000","73,090,000","70,347,000","122,520,000","103,230,000","117,659,000","90,451,000","122,579,000","111,349,000","98,736,000","98,474,000","134,041,000","106,464,000","67,557,000","79,206,000","108,368,000","114,473,000","66,684,000","68,206,000","84,525,000","67,368,000","51,229,000","40,119,000","56,338,000","39,266,000","36,648,000","27,181,000","41,379,000","24,375,000","22,619,000","25,266,000","18,036,000","18,141,000","-64,528,000","46,666,000","48,238,000","39,225,000","-43,323,000","30,675,000","32,829,000","28,796,000"
EBITDA,"348,079,000"
ReconciledCostOfRevenue,"130,567,000","35,515,000","32,709,000","30,699,000","31,644,000","32,378,000","35,304,000","42,465,000","29,888,000","36,830,000","37,315,000","45,960,000","39,690,000","36,575,000","38,629,000","31,960,000","34,465,000","30,959,000","30,876,000","29,238,000","32,125,000","26,977,000","29,967,000","30,222,000","24,621,000","24,373,000","29,766,000","25,377,000","24,880,000","25,149,000","19,410,000","12,420,000","18,869,000","17,505,000","21,382,000","23,491,000","24,340,000","23,283,000","25,605,000","26,994,000","21,031,000","23,592,000","20,410,000","25,642,000","27,933,000","28,457,000","29,139,000","26,343,000","40,056,000","29,623,000","35,793,000","17,264,000","19,750,000","31,982,000","-4,228,000","16,549,000","16,016,000","17,246,000","17,966,000","14,989,000","19,560,000","20,687,000","19,029,000","18,589,000","18,884,000","16,398,000","22,171,000","15,371,000","14,156,000","23,715,000","26,976,000","22,290,000","23,198,000","24,753,000","21,264,000","19,901,000","17,785,000","18,431,000","17,526,000"
ReconciledDepreciation,"110,605,000","26,364,000","27,421,000","42,056,000","23,302,000","25,231,000","22,168,000","26,979,000","23,687,000","19,973,000","20,239,000","22,309,000","22,015,000","20,770,000","20,029,000","19,885,000","20,714,000","20,802,000","19,882,000","19,765,000","20,482,000","22,251,000","21,810,000","21,323,000","20,912,000","21,103,000","21,814,000","18,366,000","17,189,000","17,054,000","16,524,000","14,287,000","13,877,000","12,705,000","12,409,000","13,630,000","13,195,000","13,291,000","13,129,000","12,687,000","11,086,000","10,174,000","9,929,000","10,019,000","12,930,000","11,506,000","9,539,000","9,392,000","8,151,000","9,588,000","7,806,000","7,231,000","6,916,000","8,066,000","6,519,000","5,407,000","6,832,000","7,329,000","5,246,000","4,272,000","3,856,000","3,453,000","3,224,000","3,410,000","3,247,000","3,095,000","3,110,000","3,149,000","3,058,000","2,814,000","2,327,000",,,,,,,,
NetIncomeFromContinuingOperationNetMinorityInterest,"215,546,000","36,720,000","80,014,000","44,191,000","54,621,000","76,217,000","135,198,000","26,829,000","67,285,000","88,496,000","48,753,000","43,918,000","39,574,000","73,440,000","98,219,000","50,092,000","83,145,000","70,631,000","-81,622,000","21,795,000","76,043,000","50,590,000","53,374,000","23,933,000","63,628,000","67,398,000","30,901,000","46,553,000","35,506,000","57,974,000","41,357,000","45,941,000","39,779,000","75,868,000","44,515,000","45,795,000","30,216,000","61,911,000","51,349,000","51,494,000","51,529,000","88,120,000","73,159,000","79,071,000","61,748,000","82,061,000","86,387,000","65,011,000","63,452,000","85,898,000","69,086,000","44,299,000","51,146,000","69,451,000","78,095,000","48,559,000","46,448,000","56,778,000","47,673,000","44,158,000","29,685,000","39,095,000","29,893,000","25,217,000","19,084,000","27,979,000","17,269,000","16,808,000","14,778,000","10,330,000","10,377,000","3,269,000","11,968,000","12,359,000","12,246,000","7,801,000","7,792,000","8,434,000","6,942,000"
TotalUnusualItemsExcludingGoodwill,"-4,543,000","-5,162,000","95,000","664,000","-140,000","-741,000","3,848,000","45,000","-1,522,000","331,000","-675,000","-6,294,000","-30,232,000","-18,000","-14,000","0","82,000","167,000","197,000","-12,856,000","0","0",,"12,000","10,000","-1,255,000","0","41,000","0","0","39,000","210,000","688,000","-86,000","-3,215,000","56,000","-5,930,000","0","0","-967,000","794,000","-850,000","-168,000","-2,637,000","234,000","156,000","-252,000","-5,743,000","-413,000","-109,000","275,000","2,565,000","-1,278,000","-1,630,000","-1,382,000","1,440,000","-241,000","-1,190,000","-254,000","16,000","342,000","7,432,000","5,427,000","-8,593,000","4,020,000","4,594,000","3,699,000","-1,053,000","2,062,000","751,000","2,337,000","2,943,000",,"-1,540,000",,,,,
TotalUnusualItems,"-4,543,000","-5,162,000","95,000","664,000","-140,000","-741,000","3,848,000","45,000","-1,522,000","331,000","-675,000","-6,294,000","-30,232,000","-18,000","-14,000","0","82,000","167,000","197,000","-12,856,000","0","0",,"12,000","10,000","-1,255,000","0","41,000","0","0","39,000","210,000","688,000","-86,000","-3,215,000","56,000","-5,930,000","0","0","-967,000","794,000","-850,000","-168,000","-2,637,000","234,000","156,000","-252,000","-5,743,000","-413,000","-109,000","275,000","2,565,000","-1,278,000","-1,630,000","-1,382,000","1,440,000","-241,000","-1,190,000","-254,000","16,000","342,000","7,432,000","5,427,000","-8,593,000","4,020,000","4,594,000","3,699,000","-1,053,000","2,062,000","751,000","2,337,000","2,943,000",,"-1,540,000",,,,,
NormalizedEBITDA,"352,622,000","75,064,000","118,852,000","84,569,000","82,675,000","111,506,000","185,367,000","61,481,000","65,233,000","130,446,000","75,440,000","84,918,000","94,076,000","130,822,000","94,342,000","61,892,000","117,309,000","110,147,000","104,554,000","59,145,000","116,816,000","88,482,000","89,492,000","52,161,000","102,712,000","106,214,000","61,327,000","82,596,000","64,636,000","96,970,000","70,816,000","74,305,000","65,254,000","115,806,000","76,437,000","72,513,000","57,049,000","98,565,000","82,213,000","86,744,000","80,639,000","133,544,000","113,327,000","130,315,000","103,147,000","133,929,000","121,140,000","113,871,000","107,038,000","143,738,000","113,995,000","72,223,000","87,400,000","118,064,000","122,374,000","70,651,000","75,279,000","93,044,000","72,868,000","55,485,000","43,633,000","52,359,000","37,063,000","48,651,000","26,408,000","39,880,000","23,786,000","26,821,000","26,262,000","20,099,000","18,131,000","-67,471,000","46,666,000","49,778,000","39,225,000","-43,323,000","30,675,000","32,829,000","28,796,000"
TaxRateForCalcs,"0.092","0.16","0.125","0.27","0.077","0.106","0.145","0.218","0.27","0.2","0.108","0.219","0.052","0.331","0.27","0.27","0.138","0.209","0.4","0.172","0.209","0.234","0.208","0.219","0.22","0.19","0.21","0.269","0.24","0.27","0.23","0.236","0.22","0.26","0.25","0.217","0.19","0.27","0.25","0.287","0.27","0.28","0.289","0.32","0.314","0.327","0.219","0.358","0.351","0.355","0.347","0.335","0.348","0.355","0.33","0.312","0.34","0.343","0.339","0.213","0.345","0.366","0.323","0.385","0.377","0.384","0.374","0.347","0.4","0.4","0.4","0.4","0.4","0.4","0.353","0.181","0.306","0.365","0.361"
TaxEffectOfUnusualItems,"-416,959.696","-825,920","11,875","179,280","-10,780","-78,546","557,960","9,805.752","-410,940","66,200","-72,900","-1,378,053.795","-1,572,064","-5,958","-3,780","0","11,316","34,903","78,800","-2,208,586.161","0","0","0","2,622.529","2,200","-238,450","0","11,040.107","0","0","8,970","49,503.808","151,360","-22,360","-803,750","12,161.174","-1,126,700","0","0","-277,118.915","214,380","-238,000","-48,571.606","-844,331.984","73,482.173","50,956.553","-55,137.054","-2,055,314.078","-144,824.963","-38,748.068","95,353.876","859,235.507","-444,798.795","-578,834.585","-456,369.579","448,606.546","-82,015.564","-407,832.599","-86,123.822","3,411.825","118,072.671","2,718,343.215","1,754,883.405","-3,304,616.71","1,517,501.362","1,763,932.917","1,381,624.065","-365,342.643","824,800","300,400","934,800","1,177,200","0","-616,000","0","0","0","0","0"