name,ttm,03/31/2022,12/31/2021,09/30/2021,06/30/2021,03/31/2021,12/31/2020,09/30/2020,06/30/2020,03/31/2020,12/31/2019,09/30/2019,06/30/2019,03/31/2019,12/31/2018,09/30/2018,06/30/2018,03/31/2018,12/31/2017,09/30/2017,06/30/2017,03/31/2017,12/31/2016,09/30/2016,06/30/2016,03/31/2016,12/31/2015,09/30/2015,06/30/2015,03/31/2015,12/31/2014,09/30/2014,06/30/2014,03/31/2014,12/31/2013,09/30/2013,06/30/2013,03/31/2013,12/31/2012,09/30/2012,06/30/2012,03/31/2012,12/31/2011,09/30/2011,06/30/2011,03/31/2011,12/31/2010,09/30/2010,06/30/2010,03/31/2010,12/31/2009,09/30/2009,06/30/2009,03/31/2009,12/31/2008,09/30/2008,06/30/2008,03/31/2008,12/31/2007,09/30/2007,06/30/2007,03/31/2007,12/31/2006,09/30/2006,06/30/2006,03/31/2006,12/31/2005,09/30/2005,06/30/2005,03/31/2005,12/31/2004,09/30/2004,06/30/2004,03/31/2004,12/31/2003,09/30/2003,06/30/2003,03/31/2003,12/31/2002,09/30/2002,06/30/2002,03/31/2002,12/31/2001,09/30/2001,06/30/2001,03/31/2001,12/31/2000,09/30/2000,06/30/2000,03/31/2000,12/31/1999,09/30/1999,06/30/1999,03/31/1999,12/31/1998,09/30/1998,06/30/1998,03/31/1998,12/31/1997,09/30/1997,06/30/1997,03/31/1997,12/31/1996,09/30/1996,06/30/1996,03/31/1996,12/31/1995,09/30/1995,06/30/1995,03/31/1995,12/31/1994,09/30/1994,06/30/1994,03/31/1994,12/31/1993,09/30/1993,06/30/1993,03/31/1993,12/31/1992,09/30/1992,06/30/1992,03/31/1992,12/31/1991,09/30/1991,06/30/1991,03/31/1991,12/31/1990,09/30/1990,06/30/1990,03/31/1990,12/31/1989,09/30/1989,06/30/1989,03/31/1989,12/31/1988,09/30/1988,06/30/1988,03/31/1988,12/31/1987,09/30/1987,06/30/1987,03/31/1987,12/31/1986,09/30/1986,06/30/1986,03/31/1986,12/31/1985,09/30/1985
TotalRevenue,"2,136,948,000","556,015,000","570,575,000","532,141,000","478,216,000","441,264,000","454,493,000","439,461,000","410,405,000","486,423,000","522,070,000","493,593,000","493,986,000","499,065,000","524,676,000","493,190,000","488,244,000","491,914,000","494,890,000","497,669,000","485,232,000","487,766,000","480,202,000","458,920,000","450,642,000","459,298,000","463,509,000","439,816,000","435,874,000","433,617,000","448,513,000","413,204,000","405,410,000","406,955,000","417,757,000","398,080,000","381,433,000","387,553,000","387,583,000","378,338,000","371,014,000","377,981,000","366,426,000","355,144,000","346,274,000","349,752,000","351,488,000","367,633,000","347,996,000","335,120,000","340,308,000","332,297,000","332,069,000","339,520,000","353,512,000","366,188,000","367,749,000","381,213,000","414,026,000","388,636,000","399,871,000","403,834,000","427,178,000","398,087,000","402,959,000","411,430,000","431,997,000","412,501,000","434,476,000","437,320,000","463,839,000","484,965,000","309,379,000","308,832,000","300,518,000","314,869,000","309,556,000","317,199,000","306,839,000","319,773,000","328,463,000","328,908,000","321,268,000","323,533,000","317,780,000","315,794,000","46,583,000","404,947,000","406,756,000","404,426,000","411,500,000","417,100,000","407,800,000","414,100,000","498,300,000","469,800,000","474,800,000","489,000,000","569,500,000","443,000,000","440,300,000","466,500,000","480,500,000","460,500,000","466,600,000","488,100,000","500,400,000","449,500,000","442,500,000","465,600,000","478,900,000","426,600,000","412,300,000","430,000,000","441,200,000","372,000,000","362,900,000","405,700,000","412,600,000","372,600,000","363,900,000","385,300,000","395,800,000","362,400,000","347,600,000","368,700,000","386,900,000","352,800,000","328,900,000","345,000,000","356,700,000","331,400,000","310,800,000","316,900,000","332,600,000","301,500,000","275,700,000","286,200,000","245,500,000","236,500,000","232,600,000","233,400,000","224,300,000","218,200,000","213,700,000","210,700,000","202,300,000","193,200,000"
	OperatingRevenue,"2,136,948,000","556,015,000","570,575,000","532,141,000","478,216,000","441,264,000","454,493,000","439,461,000","410,405,000","486,423,000","522,070,000","493,593,000","493,986,000","499,065,000","524,676,000","493,190,000","488,244,000","491,914,000","494,890,000","497,669,000","485,232,000","487,766,000","480,202,000","458,920,000","450,642,000","459,298,000","463,509,000","439,816,000","435,874,000","433,617,000","448,513,000","413,204,000","405,410,000","406,955,000","417,757,000","398,080,000","381,433,000","387,553,000","387,583,000","378,338,000","371,014,000","377,981,000","366,426,000","355,144,000","346,274,000","349,752,000","351,488,000","367,633,000","347,996,000","335,120,000","340,308,000","332,297,000","332,069,000","339,520,000","353,512,000","366,188,000","367,749,000","381,213,000","414,026,000","388,636,000","399,871,000","403,834,000","427,178,000","398,087,000","402,959,000","411,430,000","431,997,000","412,501,000","434,476,000","437,320,000","463,839,000","484,965,000","309,379,000","308,832,000","300,518,000","314,869,000","309,556,000","317,199,000","306,839,000","319,773,000","328,463,000","328,908,000","321,268,000","323,533,000","317,780,000","315,794,000","46,583,000","404,947,000","406,756,000","404,426,000","411,500,000","417,100,000","407,800,000","414,100,000","498,300,000","469,800,000","474,800,000","489,000,000","569,500,000","443,000,000","440,300,000","466,500,000","480,500,000","460,500,000","466,600,000","488,100,000","500,400,000","449,500,000","442,500,000","465,600,000","478,900,000","426,600,000","412,300,000","430,000,000","441,200,000","372,000,000","362,900,000","405,700,000","412,600,000","372,600,000","363,900,000","385,300,000","395,800,000","362,400,000","347,600,000","368,700,000","386,900,000","352,800,000","328,900,000","345,000,000","356,700,000","331,400,000","310,800,000","316,900,000","332,600,000","301,500,000","275,700,000","286,200,000","245,500,000","236,500,000","232,600,000","233,400,000","224,300,000","218,200,000","213,700,000","210,700,000","202,300,000","193,200,000"
CostOfRevenue,"954,955,000","249,194,000","255,033,000","244,151,000","206,575,000","178,509,000","191,979,000","174,461,000","162,283,000","202,049,000","207,060,000","203,723,000","202,528,000","199,623,000","215,154,000","197,634,000","190,201,000","188,758,000","190,800,000","192,917,000","179,214,000","179,160,000","176,834,000","166,270,000","159,832,000","164,305,000","171,287,000","159,302,000","155,938,000","152,681,000","165,309,000","150,150,000","145,891,000","144,928,000","152,049,000","142,223,000","133,547,000","133,297,000","137,603,000","131,690,000","127,594,000","127,487,000","129,915,000","122,638,000","120,687,000","120,163,000","126,683,000","121,433,000","121,940,000","118,363,000","126,647,000","121,911,000","126,964,000","129,259,000","128,232,000","152,587,000","139,816,000","145,878,000","150,951,000","143,498,000","142,794,000","149,317,000","155,906,000","149,729,000","151,668,000","155,976,000","156,269,000","149,248,000","150,773,000","152,071,000","155,678,000","170,520,000","102,866,000","106,886,000","103,450,000","105,974,000","106,718,000","109,824,000","104,345,000","107,794,000","110,560,000","113,094,000","113,847,000","111,060,000","112,428,000","116,483,000","-74,059,000","149,875,000","157,189,000","149,682,000","177,200,000","162,400,000","159,500,000","159,500,000","195,400,000","232,700,000","195,800,000","203,100,000","266,200,000","165,300,000","171,100,000","183,300,000","197,200,000","182,600,000","185,000,000","224,300,000","216,200,000","177,400,000","177,000,000","186,400,000","196,900,000","174,800,000","168,700,000","176,800,000","182,200,000","155,800,000","151,300,000","168,800,000","173,400,000","151,600,000","149,400,000","161,900,000","167,100,000","150,300,000","147,000,000","161,700,000","164,400,000","151,800,000","145,500,000","159,500,000",,,,,,,,,,,,,,,,,,
GrossProfit,"1,181,993,000","306,821,000","315,542,000","287,990,000","271,641,000","262,755,000","262,514,000","265,000,000","248,122,000","284,374,000","315,010,000","289,870,000","291,458,000","299,442,000","309,522,000","295,556,000","298,043,000","303,156,000","304,090,000","304,752,000","306,018,000","308,606,000","303,368,000","292,650,000","290,810,000","294,993,000","292,222,000","280,514,000","279,936,000","280,936,000","283,204,000","263,054,000","259,519,000","262,027,000","265,708,000","255,857,000","247,886,000","254,256,000","249,980,000","246,648,000","243,420,000","250,494,000","236,511,000","232,506,000","225,587,000","229,589,000","224,805,000","246,200,000","226,056,000","216,757,000","213,661,000","210,386,000","205,105,000","210,261,000","225,280,000","213,601,000","227,933,000","235,335,000","263,075,000","245,138,000","257,077,000","254,517,000","271,272,000","248,358,000","251,291,000","255,454,000","275,728,000","263,253,000","283,703,000","285,249,000","308,161,000","314,445,000","206,513,000","201,946,000","197,068,000","208,895,000","202,838,000","207,375,000","202,494,000","211,979,000","217,903,000","215,814,000","207,421,000","212,473,000","205,352,000","199,311,000","120,642,000","255,072,000","249,567,000","254,744,000","234,300,000","254,700,000","248,300,000","254,600,000","302,900,000","237,100,000","279,000,000","285,900,000","303,300,000","277,700,000","269,200,000","283,200,000","283,300,000","277,900,000","281,600,000","263,800,000","284,200,000","272,100,000","265,500,000","279,200,000","282,000,000","251,800,000","243,600,000","253,200,000","259,000,000","216,200,000","211,600,000","236,900,000","239,200,000","221,000,000","214,500,000","223,400,000","228,700,000","212,100,000","200,600,000","207,000,000","222,500,000","201,000,000","183,400,000","185,500,000",,,,,,,,,,,,,,,,,,
OperatingExpense,"988,286,000","259,699,000","255,430,000","239,251,000","233,908,000","212,436,000","207,013,000","198,871,000","198,570,000","237,204,000","225,906,000","213,318,000","222,292,000","230,177,000","224,728,000","208,533,000","209,585,000","211,154,000","200,732,000","202,999,000","208,306,000","216,794,000","207,407,000","198,365,000","198,726,000","201,471,000","199,749,000","189,641,000","190,091,000","195,378,000","192,054,000","175,661,000","173,546,000","177,931,000","178,346,000","173,359,000","164,501,000","175,152,000","169,674,000","171,237,000","167,718,000","171,831,000","159,439,000","162,524,000","157,526,000","160,817,000","157,984,000","157,589,000","160,685,000","148,045,000","152,411,000","153,999,000","151,730,000","158,356,000","149,344,000","174,311,000","166,632,000","180,505,000","188,934,000","184,416,000","189,595,000","189,317,000","192,334,000","191,108,000","241,481,000","203,153,000","200,703,000","191,925,000","201,944,000","208,523,000","222,642,000","213,698,000","126,673,000","120,141,000","128,332,000","121,233,000","125,014,000","122,676,000","121,547,000","125,430,000","129,626,000","126,655,000","129,477,000","129,006,000","132,367,000","131,769,000","53,927,000","177,847,000","189,004,000","181,937,000","160,700,000","181,300,000","172,100,000","176,900,000","200,100,000","232,800,000","211,000,000","214,300,000","218,000,000","252,700,000","207,200,000","217,000,000","240,100,000","222,000,000","215,600,000","229,900,000","263,500,000","217,600,000","211,700,000","224,300,000","214,200,000","202,000,000","191,500,000","189,400,000","174,900,000","152,100,000","207,800,000","157,100,000","153,100,000","140,400,000","137,500,000","144,800,000","146,100,000","139,700,000","131,300,000","143,300,000","140,000,000","129,700,000","121,100,000","127,200,000",,,,,,,,,,,,,,,,,,
	SellingGeneralAndAdministration,"988,286,000","259,699,000","255,430,000","239,251,000","233,908,000","212,436,000","207,013,000","198,871,000","198,570,000","237,204,000","225,906,000","213,318,000","222,292,000","230,177,000","224,728,000","208,533,000","209,585,000","211,154,000","200,732,000","202,999,000","208,306,000","216,794,000","207,407,000","198,365,000","198,726,000","201,471,000","199,749,000","189,641,000","190,091,000","195,378,000","192,054,000","175,661,000","173,546,000","177,931,000","178,346,000","173,359,000","164,501,000","175,152,000","169,674,000","171,237,000","167,718,000","171,831,000","159,439,000","162,524,000","157,526,000","160,817,000","157,984,000","157,589,000","160,685,000","148,045,000","152,411,000","153,999,000","151,730,000","158,356,000","160,449,000","164,624,000","166,632,000","180,505,000","192,707,000","184,416,000","189,595,000","189,317,000","192,458,000","190,618,000","196,783,000","208,101,000","200,703,000","191,925,000","201,944,000","208,523,000","222,705,000","213,744,000","126,625,000","120,111,000","123,696,000","120,914,000","125,143,000","122,758,000","121,215,000","124,755,000","129,595,000","127,396,000","121,227,000","129,006,000","132,367,000","131,769,000","55,683,000","152,543,000","165,984,000","158,634,000","133,600,000","161,000,000","151,600,000","155,900,000","175,900,000","210,900,000","191,800,000","193,800,000","198,600,000","218,000,000","185,000,000","196,000,000","213,300,000","194,900,000","189,100,000","203,500,000","235,500,000","191,700,000","186,600,000","200,000,000","191,100,000","180,900,000","171,000,000","169,500,000","154,900,000","134,500,000","190,200,000","140,000,000","136,400,000","123,800,000","120,900,000","128,100,000","126,800,000","120,700,000","112,400,000","124,600,000","121,000,000","110,900,000","102,800,000","109,300,000",,,,,,,,,,,,,,,,,,
	ResearchAndDevelopment,,,,,,,,,,,,,,,,,,,,,,,,,,,,,,,,,,,,,,,,,,,,,,,,,,,,,,,,,,,,,,,,,,,,,,,,,,,,,,,,,,,,,,,,,,"1,301,000",,,,,,,,,,,,,,,,,,,,,,,,,,,,,,,,,,,,,,,,,,,,,,,,,,,,,,,,,,
	DepreciationAmortizationDepletionIncomeStatement,,,,,,,,,,,,,,,,,,,,,,,,,,,,,,,,,,,,,,,,,,,,,,,,,,,,,,,,,,,,,,,,,,,,,,,,,,,,,,,,,,,,,,,"-1,756,000","25,304,000","23,020,000","22,002,000","22,100,000","20,300,000","20,500,000","21,000,000","24,200,000","21,900,000","19,200,000","20,500,000","19,400,000","34,700,000","22,200,000","21,000,000","26,800,000","27,100,000","26,500,000","26,400,000","28,000,000","25,900,000","25,100,000","24,300,000","23,100,000","21,100,000","20,500,000","19,900,000","20,000,000","17,600,000","17,600,000","17,100,000","16,700,000","16,600,000","16,600,000","16,700,000","19,300,000","19,000,000","18,900,000","18,700,000","19,000,000","18,800,000","18,300,000","17,900,000",,,,,,,,,,,,,,,,,,
		DepreciationAndAmortizationInIncomeStatement,,,,,,,,,,,,,,,,,,,,,,,,,,,,,,,,,,,,,,,,,,,,,,,,,,,,,,,,,,,,,,,,,,,,,,,,,,,,,,,,,,,,,,,"-1,756,000","25,304,000","23,020,000","22,002,000","22,100,000","20,300,000","20,500,000","21,000,000","24,200,000","21,900,000","19,200,000","20,500,000","19,400,000","34,700,000","22,200,000","21,000,000","26,800,000","27,100,000","26,500,000","26,400,000","28,000,000","25,900,000","25,100,000","24,300,000","23,100,000","21,100,000","20,500,000","19,900,000","20,000,000","17,600,000","17,600,000","17,100,000","16,700,000","16,600,000","16,600,000","16,700,000","19,300,000","19,000,000","18,900,000","18,700,000","19,000,000","18,800,000","18,300,000","17,900,000",,,,,,,,,,,,,,,,,,
	OtherOperatingExpenses,,,,,,,,,,,,,,,,,,,,,,,,,,,,,,,,,,,,,,,,,,,,,,,,,,,,,,,"-11,105,000","9,687,000",,,,,,,"-124,000","490,000","44,698,000","-4,948,000",,,,,"-63,000","-46,000","48,000","30,000","4,636,000","319,000","-129,000","-82,000","332,000","675,000","31,000","-741,000",,,,,,,,,,,,,,,,,,,,,,,,,,,,,,,,,,,,,,,,,,,,,,,,,,,,,,,,,,,,,,,,,,
OperatingIncome,"193,707,000","47,122,000","60,112,000","48,739,000","37,733,000","50,319,000","55,501,000","66,129,000","49,552,000","47,170,000","89,104,000","76,552,000","69,166,000","69,265,000","84,794,000","87,023,000","88,458,000","92,002,000","103,358,000","101,753,000","97,712,000","91,812,000","95,961,000","94,285,000","92,084,000","93,522,000","92,473,000","90,873,000","89,845,000","85,558,000","91,150,000","87,393,000","85,973,000","84,096,000","87,362,000","82,498,000","83,385,000","79,104,000","80,306,000","75,411,000","75,702,000","78,663,000","77,072,000","69,982,000","68,061,000","68,772,000","66,821,000","88,611,000","65,371,000","68,712,000","61,250,000","56,387,000","53,375,000","51,905,000","75,936,000","39,290,000","61,301,000","54,830,000","74,141,000","60,722,000","67,482,000","65,200,000","78,938,000","57,250,000","9,810,000","52,301,000","75,025,000","71,328,000","81,759,000","76,726,000","85,519,000","100,747,000","79,840,000","81,805,000","68,736,000","87,662,000","77,824,000","84,699,000","80,947,000","86,549,000","88,277,000","89,159,000","77,944,000","83,467,000","72,985,000","67,542,000","66,715,000","77,225,000","60,563,000","72,807,000","73,600,000","73,400,000","76,200,000","77,700,000","102,800,000","4,300,000","68,000,000","71,600,000","85,300,000","25,000,000","62,000,000","66,200,000","43,200,000","55,900,000","66,000,000","33,900,000","20,700,000","54,500,000","53,800,000","54,900,000","67,800,000","49,800,000","52,100,000","63,800,000","84,100,000","64,100,000","3,800,000","79,800,000","86,100,000","80,600,000","77,000,000","78,600,000","82,600,000","72,400,000","69,300,000","63,700,000","82,500,000","71,300,000","62,300,000","58,300,000","-715,300,000","331,400,000","310,800,000","316,900,000","-636,600,000","301,500,000","275,700,000","286,200,000","-492,600,000","236,500,000","232,600,000","233,400,000","-427,400,000","218,200,000","213,700,000","210,700,000","-382,000,000","193,200,000"
NetNonOperatingInterestIncomeExpense,"-71,354,000","-20,324,000","-20,006,000","-21,494,000","-9,530,000","-4,524,000","-4,886,000","-5,083,000","-6,171,000","-6,999,000","-7,431,000","-8,710,000","-9,239,000","-9,301,000","-8,159,000","-7,244,000","-6,130,000","-5,579,000","-5,564,000","-5,708,000","-5,258,000","-4,829,000","-7,021,000","-4,855,000","-5,183,000","-5,243,000","-4,977,000","-4,387,000","-4,420,000","-6,515,000","-7,852,000","-9,580,000","-9,530,000","-9,567,000","-9,597,000","-9,662,000","-9,563,000","-9,479,000","-11,903,000","-11,890,000","-11,356,000","-11,697,000","-11,875,000","-11,831,000","-12,054,000","-12,038,000","-10,915,000","-11,207,000","-11,508,000","-10,535,000","-10,738,000","-11,495,000","-11,627,000","-12,420,000",,,,,,,,,,,,,,,,,,,,,,,,,,,,,,,,,,,,,,,,,,,,,,,,,,,,,,,,,,,,,,,,,,,,,,,,,,,,,,,,,,,,,,,,,,,,,,
	InterestExpenseNonOperating,"71,354,000","20,324,000","20,006,000","21,494,000","9,530,000","4,524,000","4,886,000","5,083,000","6,171,000","6,999,000","7,431,000","8,710,000","9,239,000","9,301,000","8,159,000","7,244,000","6,130,000","5,579,000","5,564,000","5,708,000","5,258,000","4,829,000","7,021,000","4,855,000","5,183,000","5,243,000","4,977,000","4,387,000","4,420,000","6,515,000","7,852,000","9,580,000","9,530,000","9,567,000","9,597,000","9,662,000","9,563,000","9,479,000","11,903,000","11,890,000","11,356,000","11,697,000","11,875,000","11,831,000","12,054,000","12,038,000","10,915,000","11,207,000","11,508,000","10,535,000","10,738,000","11,495,000","11,627,000","12,420,000",,,,,,,,,,,,,,,,,,,,,,,,,,,,,,,,,,,,,,,,,,,,,,,,,,,,,,,,,,,,,,,,,,,,,,,,,,,,,,,,,,,,,,,,,,,,,,
OtherIncomeExpense,"-49,507,000","-14,240,000","-15,978,000","-10,053,000","-9,235,000","-12,280,000","-18,185,000","-19,508,000","-23,429,000","-103,512,000","-21,084,000","-415,052,000","-15,174,000","-3,726,000","-4,381,000","-101,949,000","-3,199,000","-3,005,000","-3,964,000","-47,098,000","-3,635,000","-5,752,000","-10,491,000","-1,251,000","-693,000","-729,000","-1,022,000","-586,000","-142,000","-8,754,000","-747,000","-10,340,000","-646,000","-3,169,000","-8,962,000","-2,223,000","-782,000","-1,021,000","-7,518,000","-2,556,000","-1,809,000","-599,000","-3,066,000","-4,638,000","-4,144,000","-8,157,000","-6,373,000","280,000","-3,195,000","-113,000","-5,331,000","-1,668,000","-85,000","-14,532,000","-3,173,000","-18,460,000","379,000","494,000","863,000","2,675,000","876,000","4,761,000","615,000","27,000","-44,708,000","4,703,000","189,000","484,000","-41,000","574,000","-166,000","64,000","232,000","344,000","-4,447,000","-743,000","-466,000","243,000","-317,000","-1,155,000","952,000","417,000","-3,146,000","-761,000","-1,228,000","1,884,000","931,000","5,486,000","28,879,000","1,773,000","20,500,000","6,500,000","2,500,000","1,600,000","-5,400,000","5,400,000","4,900,000","3,300,000","3,600,000","-127,300,000","3,500,000","5,600,000","-76,500,000","4,000,000","1,800,000","1,100,000","-10,800,000","1,400,000","1,500,000","6,500,000","1,200,000","11,600,000","900,000","4,700,000","3,700,000","2,800,000","3,700,000","4,300,000","4,300,000","6,600,000","3,400,000","3,600,000","4,300,000","3,800,000","3,900,000","3,800,000","2,800,000","2,800,000","2,000,000","1,800,000",,,,,,,,,,,,,,,,,,
	SpecialIncomeCharges,"-56,681,000","-16,244,000","-16,738,000","-12,335,000","-11,364,000","-14,313,000","-18,917,000","-21,709,000","-25,237,000","-107,984,000","-22,159,000","-417,235,000","-17,342,000","-5,492,000","-6,822,000","-104,305,000","-5,635,000","-4,294,000","-4,854,000","-47,897,000","-4,381,000","-6,310,000","-10,975,000","-1,993,000","-1,135,000","-879,000","-1,680,000","-1,505,000","-966,000","-9,184,000","-1,004,000","-10,661,000","-1,014,000","-3,300,000","-9,360,000","-2,780,000","-924,000","-1,371,000","-7,807,000","-2,741,000","-1,809,000","-599,000","-3,066,000","-4,638,000","-4,144,000","-8,157,000","-6,373,000","280,000","-3,195,000","-113,000","-5,331,000","-1,668,000","-85,000","-14,532,000","-3,173,000","-18,460,000","379,000","494,000","863,000","2,675,000","876,000","4,761,000","615,000","27,000","-44,708,000","4,703,000","189,000","484,000","-41,000","574,000","-166,000","64,000","232,000","344,000","-4,447,000","-743,000","-466,000","243,000","-317,000","-1,155,000","952,000","417,000","-3,146,000","-761,000","-1,228,000","1,884,000","931,000","5,486,000","28,879,000","1,773,000","20,500,000","6,500,000","2,500,000","1,600,000","-5,400,000","5,400,000","4,900,000","3,300,000","3,600,000","-127,300,000","3,500,000","5,600,000","-76,500,000","4,000,000","1,800,000","1,100,000","-10,800,000","1,400,000","1,500,000","6,500,000","1,200,000","11,600,000","900,000","4,700,000","3,700,000","2,800,000","3,700,000","4,300,000","4,300,000","6,600,000","3,400,000","3,600,000","4,300,000","3,800,000","3,900,000","3,800,000","2,800,000","2,800,000","2,000,000","1,800,000",,,,,,,,,,,,,,,,,,
		RestructuringAndMergernAcquisition,"56,681,000","16,244,000","16,738,000","12,335,000","11,364,000","14,313,000","18,917,000","18,949,000","20,354,000","17,654,000","22,159,000","26,255,000","17,342,000","5,492,000","6,822,000","5,135,000","5,635,000","2,145,000","4,854,000","1,267,000","1,427,000","1,014,000","3,117,000","1,993,000","1,135,000","879,000","1,680,000","1,505,000","966,000","267,000","269,000","4,193,000","1,014,000","3,300,000","4,360,000","2,780,000","924,000","1,371,000","2,549,000","2,741,000","1,998,000","638,000","1,904,000","4,337,000","4,075,000","1,427,000","5,960,000","103,000","2,151,000","-243,000","5,475,000","1,838,000","292,000","-177,000","3,174,000","9,007,000",,,,,,"-3,773,000",,,,,,,,,,,,,,,,,,,,,,,,,,,,,,,,,,,,,,,,,,,,,,,,,,,,,,,,,,,,,,,,,,,,,,,,,,,,,,,,,,,,,,
		ImpairmentOfCapitalAssets,,,,,,,"0","2,760,000","4,883,000","90,330,000","0","390,980,000","0","0","0","99,170,000","0","2,149,000","0","46,630,000","2,954,000","5,296,000",,,,,"0","0",,,"0","6,468,000",,,,,,,,,,,,,,,"0","0","0","0","0","0","0","24,900,000",,,,,,,,,,,,,,,,,,,,,,,,,,,,,,,,,,,,,,,,,,,,,,,,,,,,,,,,,,,,,,,,,,,,,,,,,,,,,,,,,,,,,,,,,,,,,,
		WriteOff,,,"0","0","0","0","0","2,760,000","4,883,000","90,330,000","0","390,980,000","0","0","0","99,170,000","0","2,149,000","0","46,630,000","2,954,000","5,296,000",,,,,"0","0",,,"0","6,468,000",,,,,,,,,,,,,,,,,,,,,,,,,,,,,,,,,,,,,,,,,,,,,,,,,,,,,,,,,,,,,,,,,,,,,,,,,,,,,,,,,,,,,,,,,,,,,,,,,,,,,,,,,,,,,,,,,,,,
		OtherSpecialCharges,,,,,,,,,,,,,,,,,,,,,,,"7,900,000",,,,"0",,,"8,917,000",,,,,,,,,,,"-317,000","-39,000","-34,000","301,000","69,000","8,267,000","413,000","-383,000","1,044,000","356,000","-144,000","-170,000","-207,000","-10,191,000","-9,943,000","9,453,000",,,,,,"-988,000",,,,,,,,,,,,,,,,,,,,,,,,,,,,,,,,,,,,,,,,,,,,,,,,,,,,,,,,,,,,,,,,,,,,,,,,,,,,,,,,,,,,,,
		GainOnSaleOfPPE,,,,,,,,,,,,,,,,,,,,,,,,,,,"0",,,,,,,,"0","0","0",,"0","0","-128,000","0","0","0","0","110,000",,,,,,,,,,,,,,,,,,,,,,,,,,,,,,,,,,,,,,,,,,,,,,,,,,,,,,,,,,,,,,,,,,,,,,,,,,,,,,,,,,,,,,,,,,,,,,,,,,,,,,
	OtherNonOperatingIncomeExpenses,"7,174,000","2,004,000","760,000","2,282,000","2,129,000","2,033,000","732,000","2,201,000","1,808,000","4,472,000","1,075,000","2,183,000","2,168,000","1,766,000","2,441,000","2,356,000","2,436,000","1,289,000","890,000","799,000","746,000","558,000","484,000","742,000","442,000","150,000","658,000","919,000","824,000","430,000","257,000","321,000","368,000","131,000","398,000","557,000","142,000","350,000","289,000","185,000","300,000",,,,,,,,,,,,,,,,,,,,,,,,,,,,,,,,,,,,,,,,,,,,,,,,,,,,,,,,,,,,,,,,,,,,,,,,,,,,,,,,,,,,,,,,,,,,,,,,,,,,,,,,,,,
PretaxIncome,"72,846,000","12,558,000","24,128,000","17,192,000","18,968,000","33,515,000","32,430,000","41,538,000","19,952,000","-63,341,000","60,589,000","-347,210,000","44,753,000","56,238,000","72,254,000","-22,170,000","79,129,000","83,418,000","93,830,000","48,947,000","88,819,000","81,231,000","78,449,000","88,179,000","86,208,000","87,550,000","86,474,000","85,900,000","85,283,000","70,289,000","82,551,000","67,473,000","75,797,000","71,360,000","68,803,000","70,613,000","73,040,000","68,604,000","60,885,000","60,965,000","62,537,000","66,367,000","62,131,000","53,513,000","51,863,000","48,577,000","49,533,000","77,684,000","50,668,000","58,064,000","45,181,000","43,224,000","41,663,000","24,953,000","50,528,000","17,777,000","49,300,000","42,571,000","58,163,000","47,880,000","54,449,000","57,162,000","65,734,000","43,390,000","-4,941,000","38,357,000","60,992,000","58,342,000","67,362,000","64,038,000","72,311,000","92,444,000","74,992,000","771,269,000","63,950,000","82,379,000","72,441,000","80,610,000","79,490,000","84,969,000","88,212,000","88,051,000","76,863,000","81,716,000","70,966,000","67,988,000","67,734,000","79,035,000","85,875,000","70,899,000","91,100,000","77,700,000","77,000,000","77,500,000","95,300,000","7,500,000","71,000,000","72,600,000","87,100,000","-104,400,000","63,100,000","69,400,000","-36,700,000","58,000,000","65,300,000","32,300,000","6,900,000","52,300,000","51,800,000","58,300,000","66,700,000","58,800,000","50,600,000","64,700,000","85,100,000","64,200,000","5,000,000","81,700,000","85,600,000","81,500,000","77,900,000","79,700,000","84,500,000","74,100,000","70,600,000","66,300,000","85,200,000","73,500,000","64,000,000","59,800,000",,,,,,,,,,,,,,,,,,
TaxProvision,"24,719,000","2,878,000","10,311,000","4,691,000","6,839,000","9,190,000","7,722,000","12,094,000","5,074,000","-3,210,000","15,765,000","-28,717,000","12,171,000","15,048,000","15,085,000","8,913,000","18,922,000","20,082,000","9,121,000","20,146,000","29,240,000","24,165,000","24,221,000","29,516,000","27,819,000","29,448,000","26,765,000","28,983,000","29,220,000","24,349,000","24,587,000","23,042,000","25,721,000","24,036,000","23,081,000","23,710,000","24,888,000","22,729,000","18,238,000","19,462,000","20,275,000","22,288,000","22,300,000","16,778,000","16,390,000","16,021,000","14,708,000","26,512,000","17,054,000","24,281,000","14,652,000","14,669,000","13,887,000","12,449,000","18,350,000","4,017,000","16,683,000","15,254,000","18,011,000","15,720,000","18,474,000","21,934,000","18,243,000","12,227,000","-2,199,000","13,711,000","22,380,000","20,722,000","25,399,000","24,270,000","24,818,000","34,939,000","29,004,000","29,464,000","24,531,000","24,197,000","27,548,000","30,631,000","27,144,000","32,306,000","33,503,000","33,495,000","28,816,000","30,654,000","26,654,000","25,509,000","26,821,000","29,638,000","4,206,000","26,577,000","33,000,000","28,600,000","29,600,000","29,900,000","38,600,000","4,700,000","28,700,000","29,000,000","53,800,000","-36,900,000","25,600,000","28,000,000","-11,700,000","24,500,000","27,200,000","13,400,000","5,400,000","22,900,000","22,100,000","24,500,000","26,700,000","25,500,000","21,000,000","26,700,000","34,200,000","27,200,000","2,800,000","29,900,000","29,900,000","31,000,000","30,300,000","30,800,000","31,800,000","28,800,000","27,200,000","24,800,000","31,400,000","29,300,000","25,800,000","23,700,000",,,,,,,,,,,,,,,,,,
NetIncomeCommonStockholders,"47,948,000","9,634,000","13,767,000","12,455,000","12,090,000","24,273,000","24,652,000","29,393,000","14,846,000","-60,152,000","44,802,000","-318,517,000","32,522,000","41,080,000","56,948,000","-31,136,000","59,979,000","63,050,000","84,213,000","28,625,000","59,200,000","56,660,000","53,803,000","58,172,000","57,896,000","57,641,000","59,303,000","56,531,000","55,687,000","45,647,000","57,632,000","44,175,000","49,789,000","47,124,000","45,565,000","46,743,000","47,954,000","45,545,000","42,351,000","41,214,000","42,262,000","44,079,000","39,831,000","36,735,000","35,473,000","32,556,000","34,825,000","50,800,000","33,614,000","33,384,000","30,529,000","28,555,000","27,776,000","12,504,000","27,940,000","13,760,000","32,617,000","27,317,000","40,152,000","32,160,000","35,975,000","35,228,000","47,491,000","31,163,000","-2,367,000","24,668,000","38,959,000","37,134,000","42,056,000","39,372,000","46,836,000","57,505,000","45,988,000","47,662,000","39,421,000","58,182,000","44,893,000","49,979,000","52,346,000","52,663,000","54,709,000","54,556,000","48,047,000","51,062,000","44,312,000","42,479,000","33,377,000","49,397,000","81,669,000","44,322,000","58,100,000","49,100,000","47,400,000","47,600,000","56,700,000","2,800,000","42,300,000","43,600,000","33,300,000","-67,500,000","37,500,000","41,400,000","-25,000,000","33,500,000","38,100,000","18,900,000","-5,900,000","29,400,000","29,700,000","33,800,000","40,000,000","33,300,000","29,600,000","38,000,000","50,900,000","37,000,000","2,200,000","51,800,000","55,700,000","50,500,000","47,600,000","48,900,000","52,700,000","45,300,000","43,400,000","41,500,000","53,800,000","44,200,000","38,200,000","36,100,000",,,,,,,,,,,,,,,,,,
	NetIncome,"47,985,000","9,644,000","13,777,000","12,464,000","12,100,000","24,292,000","24,663,000","29,417,000","14,859,000","-60,131,000","44,824,000","-318,493,000","32,582,000","41,190,000","57,169,000","-31,083,000","60,207,000","63,336,000","84,709,000","28,801,000","59,579,000","57,066,000","54,228,000","58,663,000","58,389,000","58,102,000","59,709,000","56,917,000","56,063,000","45,940,000","57,964,000","44,431,000","50,076,000","47,324,000","45,722,000","46,903,000","48,152,000","45,875,000","42,647,000","41,503,000","42,262,000","44,079,000","39,831,000","36,735,000","35,473,000","32,556,000","34,825,000","50,800,000","33,614,000","33,384,000","30,529,000","28,555,000","27,776,000","12,504,000","27,940,000","13,760,000","32,617,000","27,317,000","40,152,000","32,160,000","35,975,000","35,228,000","47,491,000","31,163,000","-2,367,000","24,668,000","38,959,000","37,134,000","42,056,000","39,372,000","46,836,000","57,505,000","45,988,000","47,662,000","39,421,000","58,182,000","44,893,000","49,979,000","52,346,000","52,663,000","54,709,000","54,556,000","48,047,000","51,062,000","44,312,000","42,479,000","33,377,000","49,397,000","81,669,000","44,322,000","58,100,000","49,100,000","47,400,000","47,600,000","56,700,000","2,800,000","42,300,000","43,600,000","33,300,000","-67,500,000","37,500,000","41,400,000","-25,000,000","33,500,000","38,100,000","18,900,000","-5,900,000","29,400,000","29,700,000","33,800,000","40,000,000","33,300,000","29,600,000","38,000,000","50,900,000","37,000,000","2,200,000","51,800,000","55,700,000","50,500,000","47,600,000","48,900,000","52,700,000","45,300,000","43,400,000","41,500,000","53,800,000","44,200,000","38,200,000","36,100,000",,,,,,,,,,,,,,,,,,
		NetIncomeIncludingNoncontrollingInterests,"48,127,000","9,680,000","13,817,000","12,501,000","12,129,000","24,325,000","24,708,000","29,444,000","14,878,000","-60,131,000","44,824,000","-318,493,000","32,582,000","41,190,000","57,169,000","-31,083,000","60,207,000","63,336,000","84,709,000","28,801,000","59,579,000","57,066,000","54,228,000","58,663,000","58,389,000","58,102,000","59,709,000","56,917,000","56,063,000","45,940,000","57,964,000","44,431,000","50,076,000","47,324,000","45,722,000","46,903,000","48,152,000","45,875,000","42,647,000","41,503,000","42,262,000","44,079,000","39,831,000","36,735,000","35,473,000","32,556,000","34,825,000","50,800,000","33,614,000","33,384,000","30,529,000","28,555,000","27,776,000","12,504,000","27,940,000","13,760,000","32,617,000","27,317,000","40,152,000","32,160,000","35,975,000","35,228,000","47,491,000","31,163,000","-2,367,000","24,668,000","38,959,000","37,134,000","42,056,000","39,372,000","46,836,000","57,505,000","45,988,000","47,662,000","39,421,000","58,182,000","44,893,000","49,979,000","52,346,000","52,663,000","54,709,000","54,556,000","48,047,000","51,062,000","44,312,000","42,479,000","32,907,000","49,867,000","81,669,000","44,322,000","58,100,000","49,100,000","47,400,000","47,600,000","56,700,000","2,800,000","42,300,000","43,600,000","33,300,000","-67,500,000","37,500,000","41,400,000","-25,000,000","33,500,000","38,100,000","18,900,000","-5,900,000","29,400,000","29,700,000","33,800,000","40,000,000","33,300,000","29,600,000","38,000,000","50,900,000","37,000,000","2,200,000","51,800,000","55,700,000","50,500,000","47,600,000","48,900,000","52,700,000","45,300,000","43,400,000","41,500,000","53,800,000","44,200,000","38,200,000","36,100,000","48,700,000","39,200,000","34,200,000","30,500,000","45,000,000","34,700,000","29,800,000","33,900,000","42,600,000","42,700,000","33,500,000","29,700,000","34,100,000","29,900,000","28,700,000","28,400,000","28,600,000","27,500,000"
			NetIncomeContinuousOperations,"48,127,000","9,680,000","13,817,000","12,501,000","12,129,000","24,325,000","24,708,000","29,444,000","14,878,000","-60,131,000","44,824,000","-318,493,000","32,582,000","41,190,000","57,169,000","-31,083,000","60,207,000","63,336,000","84,709,000","28,801,000","59,579,000","57,066,000","54,228,000","58,663,000","58,389,000","58,102,000","59,709,000","56,917,000","56,063,000","45,940,000","57,964,000","44,431,000","50,076,000","47,324,000","45,722,000","46,903,000","48,152,000","45,875,000","42,647,000","41,503,000","42,262,000","44,079,000","39,831,000","36,735,000","35,473,000","32,556,000","34,825,000","51,172,000","33,614,000","33,783,000","30,529,000","28,555,000","27,776,000","12,504,000","32,178,000","13,760,000","32,617,000","27,317,000","40,152,000","32,160,000","35,975,000","35,228,000","47,491,000","31,163,000","-2,742,000","24,646,000","38,612,000","37,620,000","41,963,000","39,768,000","47,493,000","57,505,000","45,988,000","47,662,000","39,421,000","58,182,000","44,893,000","49,979,000","52,346,000","52,663,000","54,709,000","54,556,000","48,047,000","51,062,000","44,312,000","42,479,000","40,913,000","49,397,000","81,669,000","44,322,000","58,100,000","49,100,000","47,400,000","47,600,000","56,700,000","2,800,000","42,300,000","43,600,000","33,300,000","-67,500,000","37,500,000","41,400,000","-25,000,000","33,500,000","38,100,000","18,900,000","1,500,000","29,400,000","29,700,000","33,800,000","40,000,000","33,300,000","29,600,000","38,000,000","50,900,000","37,000,000","2,200,000","51,800,000","55,700,000","50,500,000","47,600,000","48,900,000","52,700,000","45,300,000","43,400,000","41,500,000","53,800,000","44,200,000","38,200,000","36,100,000","48,700,000","39,200,000","34,200,000","30,500,000","45,000,000","34,700,000","29,800,000","33,900,000","42,600,000","42,700,000","33,500,000","29,700,000","34,100,000","29,900,000","28,700,000","28,400,000","28,600,000","27,500,000"
			NetIncomeDiscontinuousOperations,,,,,,,,,,,,,,,,,,,,,,,,,,,,,,,,,,,,,,,,,,,"0","0","0","0","0","-372,000","0","-399,000","0","0","0","0",,,,,,,,,"0",,"375,000","22,000","347,000","-486,000","93,000","-396,000",,,,,,,,,,,,,,,,,,,,,,,,,,,,,,,,,,,,,,,,,,,,,,,,,,,,,,,,,,,,,,,,,,,,,,,,,,,,,,
		MinorityInterests,"-142,000","-36,000","-40,000","-37,000","-29,000","-33,000","-45,000","-27,000","-19,000",,,,,,,,,,,,,,,,,,,,,,,,,,,,,,,,,,,,,,,,,,,,,,,,,,,,,,,,,,,,,,,,,,,,,,,,,,,,,,,"-470,000",,,,,,,,,,,,,,,,,,,,,,,,,,,,,,,,,,,,,,,,,,,,,,,,,,,,,,,,,,,,
	OtherunderPreferredStockDividend,"37,000","10,000","10,000","9,000","10,000","19,000","11,000","24,000","13,000","21,000","22,000","24,000","60,000","110,000","221,000","53,000","228,000","286,000","496,000","176,000","379,000","406,000","425,000","491,000","493,000","461,000","406,000","386,000","376,000","293,000","332,000","256,000","287,000","200,000","157,000","160,000","198,000","330,000","296,000","289,000",,,,,,,,,,,,,,,,,,,,,,,,,,,,,,,,,,,,,,,,,,,,,,,,,,,,,,,,,,,,,,,,,,,,,,,,,,,,,,,,,,,,,,,,,,,,,,,,,,,,,,,,,,,,
AverageDilutionEarnings,"-476,000","-39,000","-98,000","-329,000","0","19,000","168,000","0","-66,000","-775,000","0","0","154,000","45,000",,"-98,000","-90,000","-84,000",,"54,000","-40,000",,,,,,,,,,,,,,,,,,,,,,,,,,,,,,,,,,,,,,,,,,,,,,,,,,,,,,,,,,,,,,,,,,,,,,,,,,,,,,,,,,,,,,,,,,,,,,,,,,,,,,,,,,,,,,,,,,,,,,,,,,,,,,,
DilutedNIAvailtoComStockholders,"47,472,000","9,595,000","13,669,000","12,126,000","12,090,000","24,292,000","24,820,000","29,393,000","14,780,000","-60,927,000","44,802,000","-318,517,000","32,676,000","41,125,000","57,222,000","-31,234,000","59,889,000","62,966,000","84,201,000","28,679,000","59,160,000","56,660,000","53,803,000","58,172,000","57,896,000","57,641,000","59,303,000","56,531,000","55,687,000","45,647,000","57,632,000","44,175,000","49,789,000","47,124,000","45,565,000","46,743,000","47,954,000","45,545,000","42,479,000","41,214,000","42,262,000","44,079,000","39,831,000","36,735,000","35,473,000","32,556,000","34,825,000","50,800,000","33,614,000","33,384,000","30,529,000","28,555,000","27,776,000","12,504,000","27,940,000","13,760,000","32,617,000","27,317,000","40,152,000","32,160,000","35,975,000","35,228,000","47,491,000","31,163,000","-2,367,000","24,668,000","38,959,000","37,134,000","42,056,000","39,372,000","46,836,000","57,505,000","45,988,000","47,662,000","39,421,000","58,182,000","44,893,000","49,979,000","52,346,000","52,663,000","54,709,000","54,556,000","48,047,000","51,062,000","44,312,000","42,479,000","33,377,000","49,397,000","81,669,000","44,322,000","58,100,000","49,100,000","47,400,000","47,600,000","56,700,000","2,800,000","42,300,000","43,600,000","33,300,000","-67,500,000","37,500,000","41,400,000","-25,000,000","33,500,000","38,100,000","18,900,000","-5,900,000","29,400,000","29,700,000","33,800,000","40,000,000","33,300,000","29,600,000","38,000,000","50,900,000","37,000,000","2,200,000","51,800,000","55,700,000","50,500,000","47,600,000","48,900,000","52,700,000","45,300,000","43,400,000","41,500,000","53,800,000","44,200,000","38,200,000","36,100,000",,,,,,,,,,,,,,,,,,
BasicEPS,,"0.23","0.323","0.29","0.284","0.58","0.588","0.702","0.36","-1.442","1.063","-7.49","0.759","0.944","1.422","-0.672","1.264","1.323","1.766","0.599","1.233","1.177","1.116","1.208","1.198","1.188","1.218","1.156","1.123","0.919",,"0.894","1.007","0.945",,"0.929","0.957","0.906",,"0.815","0.837","0.865",,"0.72","0.69","0.63",,"0.99","0.654","0.651",,"0.559","0.54","0.24",,"0.27","0.64","0.53",,"0.62","0.7","0.69",,"0.61","-0.05","0.49",,"0.73","0.83","0.78",,"1.15","0.92","0.95",,"1.1","0.81","0.84",,"0.85","0.87","0.85",,"0.76","0.64","0.59",,"0.68","1.13","0.61",,"0.65","0.61","0.6",,"0.04","0.52","0.54",,"-0.82","0.46","0.5",,"0.41","0.46","0.23",,"0.36","0.36","0.41",,"0.4","0.36","0.46",,"0.45","0.03","0.62",,"0.6","0.57","0.58",,"0.54","0.52","0.49",,"0.53","0.45","0.42",,"0.46","0.4","0.36",,"0.4","0.35","0.4",,"0.5","0.39","0.35",,"0.35","0.34","0.33",,"0.32"
DilutedEPS,,"0.22","0.32","0.28","0.28","0.57","0.58","0.7","0.35","-1.45","1.06","-7.49","0.75","0.93","1.396","-0.672","1.25","1.31","1.75","0.59","1.22","1.16","1.11","1.19","1.18","1.18","1.2","1.13","1.11","0.91",,"0.88","0.99","0.93",,"0.92","0.94","0.89",,"0.81","0.82","0.86",,"0.71","0.68","0.63",,"0.98","0.65","0.65",,"0.559","0.54","0.24",,"0.27","0.63","0.53",,"0.62","0.69","0.68",,"0.61","-0.05","0.48",,"0.73","0.83","0.78",,"1.14","0.91","0.94",,"1.09","0.8","0.83",,"0.83","0.85","0.84",,"0.75","0.63","0.59",,"0.68","1.13","0.61",,"0.65","0.61","0.59",,"0.04","0.52","0.54",,"-0.82","0.46","0.5",,"0.41","0.46","0.23",,"0.36","0.36","0.41",,"0.4","0.36","0.46",,"0.45","0.03","0.62",,"0.6","0.57","0.58",,"0.54","0.52","0.49",,"0.53","0.45","0.42",,"0.46","0.4","0.36",,"0.4","0.35","0.4",,"0.5","0.39","0.35",,"0.35","0.34","0.33",,"0.32"
BasicAverageShares,,"42,803,000","42,679,000","42,574,000","42,537,000","42,046,000","41,973,000","41,893,000","41,797,000","41,691,000","42,126,000","42,533,000","42,928,000","43,638,000","44,647,000","46,305,000","47,623,000","47,841,000","47,953,000","48,120,000","48,351,000","48,502,000","48,546,000","48,586,000","48,760,000","48,910,000","49,019,000","49,219,000","49,960,000","49,929,000",,"49,670,000","49,759,000","50,043,000",,"50,482,000","50,385,000","50,669,000",,"50,900,000","50,541,000","50,991,000",,"50,889,000","51,175,000","51,298,000",,"51,302,000","51,041,000","51,338,000",,"50,767,000","51,481,481","50,714,000",,"50,859,000","51,005,000","51,541,509",,"51,870,968","51,392,857","51,055,072",,"51,086,885","47,340,000","50,342,857",,"50,868,493","50,669,880","50,476,923",,"50,004,348","49,986,957","50,170,526",,"52,892,727","55,423,457","59,498,810",,"61,956,471","62,883,908","64,183,529",,"67,186,842","69,237,500","71,998,305",,"72,642,647","72,273,451","72,659,016",,"75,538,462","77,704,918","79,333,333",,"70,000,000","81,346,154","80,740,741",,"82,317,073","81,521,739","82,800,000",,"81,707,317","82,826,087","82,173,913",,"81,666,667","82,500,000","82,439,024",,"83,250,000","82,222,222","82,608,696",,"82,222,222","73,333,333","83,548,387",,"84,166,667","83,508,772","84,310,345",,"83,888,889","83,461,538","84,693,878",,"83,396,226","84,888,889","85,952,381",,"85,293,000","85,403,000","85,417,000",,"85,225,000","85,187,000","85,136,000",,"85,393,000","85,263,000","85,486,000",,"85,611,000","85,656,000","85,656,000",,"85,990,000"
DilutedAverageShares,,"43,232,000","43,100,000","43,031,000","42,700,000","42,504,000","42,200,000","42,000,000","41,948,000","42,100,000","42,300,000","42,533,000","43,600,000","44,100,000","45,500,000","46,800,000","47,800,000","48,000,000","48,100,000","48,400,000","48,600,000","48,700,000","48,700,000","48,900,000","49,000,000","49,200,000","49,300,000","49,800,000","50,200,000","50,100,000",,"50,000,000","50,200,000","50,700,000",,"50,900,000","51,000,000","51,200,000",,"51,000,000","51,000,000","51,200,000",,"51,203,000","51,688,000","51,853,000",,"51,400,000","51,400,000","51,338,000",,"51,000,000","51,481,481","50,726,000",,"51,273,000","51,005,000","51,541,509",,"51,870,968","52,137,681","51,805,882",,"51,086,885","47,340,000","51,391,667",,"50,868,493","50,669,880","50,476,923",,"50,442,982","50,536,264","50,704,255",,"53,377,982","56,116,250","60,215,663",,"63,449,398","64,363,529","64,947,619",,"68,082,667","70,336,508","71,998,305",,"72,642,647","72,273,451","72,659,016",,"75,538,462","77,704,918","80,677,966",,"70,000,000","81,346,154","80,740,741",,"82,317,073","81,521,739","82,800,000",,"81,707,317","82,826,087","82,173,913",,"81,666,667","82,500,000","82,439,024",,"83,250,000","82,222,222","82,608,696",,"82,222,222","73,333,333","83,548,387",,"84,166,667","83,508,772","84,310,345",,"83,888,889","83,461,538","84,693,878",,"83,396,226","84,888,889","85,952,381",,"85,293,000","85,403,000","85,417,000",,"85,225,000","85,187,000","85,136,000",,"85,393,000","85,263,000","85,486,000",,"85,611,000","85,656,000","85,656,000",,"85,990,000"
TotalOperatingIncomeAsReported,"137,026,000","30,878,000","43,374,000","36,404,000","26,369,000","36,006,000","36,584,000","44,420,000","24,315,000","-60,814,000","66,945,000","-340,683,000","51,824,000","63,773,000","77,972,000","-17,282,000","82,823,000","87,708,000","98,504,000","53,856,000","93,331,000","85,502,000","92,844,000","92,292,000","90,949,000","92,643,000","90,793,000","89,368,000","88,879,000","85,291,000","90,146,000","76,732,000","84,959,000","80,796,000","78,002,000","79,718,000","82,461,000","77,733,000","77,757,000","72,670,000","73,576,000","78,025,000","73,972,000","65,645,000","63,986,000","67,455,000","60,861,000","88,508,000","63,220,000","68,955,000","55,775,000","54,549,000","53,083,000","27,182,000","62,820,000","30,283,000","61,301,000","54,830,000","70,368,000","60,722,000","67,482,000","68,973,000","78,938,000","57,250,000","9,810,000","52,301,000","75,025,000","71,328,000","81,759,000","76,726,000","85,519,000","100,747,000","79,840,000","81,805,000","68,736,000","87,662,000","77,824,000","84,699,000","80,947,000","86,549,000","88,277,000","89,159,000","77,944,000","83,467,000","72,985,000","67,542,000","66,715,000","77,225,000","60,563,000","72,807,000","73,600,000","73,400,000","76,200,000","77,700,000","102,800,000","4,300,000","68,000,000","71,600,000","85,300,000","25,000,000","62,000,000","66,200,000","43,200,000","55,900,000","66,000,000","33,900,000","20,700,000","54,500,000","53,800,000","54,900,000","67,800,000","49,800,000","52,100,000","63,800,000","84,100,000","64,100,000","3,800,000","79,800,000","86,100,000","80,600,000","77,000,000","78,600,000","82,600,000","72,400,000","69,300,000","63,700,000","82,500,000","71,300,000","62,300,000","58,300,000",,,,,,,,,,,,,,,,,,
TotalExpenses,"1,943,241,000","508,893,000","510,463,000","483,402,000","440,483,000","390,945,000","398,992,000","373,332,000","360,853,000","439,253,000","432,966,000","417,041,000","424,820,000","429,800,000","439,882,000","406,167,000","399,786,000","399,912,000","391,532,000","395,916,000","387,520,000","395,954,000","384,241,000","364,635,000","358,558,000","365,776,000","371,036,000","348,943,000","346,029,000","348,059,000","357,363,000","325,811,000","319,437,000","322,859,000","330,395,000","315,582,000","298,048,000","308,449,000","307,277,000","302,927,000","295,312,000","299,318,000","289,354,000","285,162,000","278,213,000","280,980,000","284,667,000","279,022,000","282,625,000","266,408,000","279,058,000","275,910,000","278,694,000","287,615,000","277,576,000","326,898,000","306,448,000","326,383,000","339,885,000","327,914,000","332,389,000","338,634,000","348,240,000","340,837,000","393,149,000","359,129,000","356,972,000","341,173,000","352,717,000","360,594,000","378,320,000","384,218,000","229,539,000","227,027,000","231,782,000","227,207,000","231,732,000","232,500,000","225,892,000","233,224,000","240,186,000","239,749,000","243,324,000","240,066,000","244,795,000","248,252,000","-20,132,000","327,722,000","346,193,000","331,619,000","337,900,000","343,700,000","331,600,000","336,400,000","395,500,000","465,500,000","406,800,000","417,400,000","484,200,000","418,000,000","378,300,000","400,300,000","437,300,000","404,600,000","400,600,000","454,200,000","479,700,000","395,000,000","388,700,000","410,700,000","411,100,000","376,800,000","360,200,000","366,200,000","357,100,000","307,900,000","359,100,000","325,900,000","326,500,000","292,000,000","286,900,000","306,700,000","313,200,000","290,000,000","278,300,000","305,000,000","304,400,000","281,500,000","266,600,000","286,700,000",,,,,,,,,,,,,,,,,,
NetIncomeFromContinuingAndDiscontinuedOperation,"47,985,000","9,644,000","13,777,000","12,464,000","12,100,000","24,292,000","24,663,000","29,417,000","14,859,000","-60,131,000","44,824,000","-318,493,000","32,582,000","41,190,000","57,169,000","-31,083,000","60,207,000","63,336,000","84,709,000","28,801,000","59,579,000","57,066,000","54,228,000","58,663,000","58,389,000","58,102,000","59,709,000","56,917,000","56,063,000","45,940,000","57,964,000","44,431,000","50,076,000","47,324,000","45,722,000","46,903,000","48,152,000","45,875,000","42,647,000","41,503,000","42,262,000","44,079,000","39,831,000","36,735,000","35,473,000","32,556,000","34,825,000","50,800,000","33,614,000","33,384,000","30,529,000","28,555,000","27,776,000","12,504,000","27,940,000","13,760,000","32,617,000","27,317,000","40,152,000","32,160,000","35,975,000","35,228,000","47,491,000","31,163,000","-2,367,000","24,668,000","38,959,000","37,134,000","42,056,000","39,372,000","46,836,000","57,505,000","45,988,000","47,662,000","39,421,000","58,182,000","44,893,000","49,979,000","52,346,000","52,663,000","54,709,000","54,556,000","48,047,000","51,062,000","44,312,000","42,479,000","33,377,000","49,397,000","81,669,000","44,322,000","58,100,000","49,100,000","47,400,000","47,600,000","56,700,000","2,800,000","42,300,000","43,600,000","33,300,000","-67,500,000","37,500,000","41,400,000","-25,000,000","33,500,000","38,100,000","18,900,000","-5,900,000","29,400,000","29,700,000","33,800,000","40,000,000","33,300,000","29,600,000","38,000,000","50,900,000","37,000,000","2,200,000","51,800,000","55,700,000","50,500,000","47,600,000","48,900,000","52,700,000","45,300,000","43,400,000","41,500,000","53,800,000","44,200,000","38,200,000","36,100,000",,,,,,,,,,,,,,,,,,
NormalizedIncome,"85,432,306.468","22,168,124","25,995,740","21,431,545","20,770,732","34,683,238","39,075,619.056","44,808,681","33,685,802","42,021,864","61,217,322.484","64,111,495","45,206,976","45,210,144","62,566,720.791","45,059,650","64,495,235","66,595,146","89,091,153.746","57,539,200","62,518,651","61,501,930","61,814,486.762","59,988,345","59,157,395","58,685,656","60,869,014.802","57,914,815","56,697,662","51,946,336","58,668,968.516","51,456,599","50,746,254","49,511,900","51,942,047.382","48,748,920","48,760,916","46,792,199","48,115,426.197","43,368,984.138","43,484,507.603","44,476,838.097","41,796,554.168","39,918,841.87","38,307,392.766","38,022,770.118","39,305,643.712","50,987,558.416","35,733,616.523","33,856,450","34,131,180.098","29,656,928.096","27,832,668.027","21,949,800","34,198,677.525","28,048,665.129","32,366,252.677","27,000,009.607","39,556,240.221","30,363,258.145","35,396,218.021","32,293,874.042","47,046,679.481","31,143,608.412","24,082,800","21,624,122.95","38,492,350.407","37,307,907.854","41,988,540.854","39,411,542.397","47,602,026.815","57,465,188.655","45,845,728.611","47,331,141.48","42,162,146.099","58,706,760.267","45,181,788.642","49,828,337.588","52,554,751.818","53,378,858.313","54,118,570.489","54,297,628.692","50,013,562.091","51,537,527.216","45,078,777.555","41,301,874.095","40,350,653.128","45,968,241.323","54,204,440.454","43,213,621.8","45,025,905.598","44,992,535.393","45,861,038.961","46,617,290.323","59,940,000","-440,000","39,360,000","41,618,181.818","31,140,000","14,806,034.483","35,400,000","38,040,000","27,111,716.621","31,100,000","37,020,000","18,240,000","7,980,000","28,560,000","28,800,000","29,900,000","39,280,000","26,340,000","29,060,000","35,180,000","48,680,000","35,320,000","-20,000","49,073,684.211","52,901,985.981","46,410,429.448","45,522,464.698","46,691,217.064","50,018,224.852","42,976,923.077","41,002,549.575","39,121,417.798","52,031,924.883","42,516,190.476","37,000,000","35,013,377.926",,,,,,,,,,,,,,,,,,
InterestExpense,"71,354,000","20,324,000","20,006,000","21,494,000","9,530,000","4,524,000","4,886,000","5,083,000","6,171,000","6,999,000","7,431,000","8,710,000","9,239,000","9,301,000","8,159,000","7,244,000","6,130,000","5,579,000","5,564,000","5,708,000","5,258,000","4,829,000","7,021,000","4,855,000","5,183,000","5,243,000","4,977,000","4,387,000","4,420,000","6,515,000","7,852,000","9,580,000","9,530,000","9,567,000","9,597,000","9,662,000","9,563,000","9,479,000","11,903,000","11,890,000","11,356,000","11,697,000","11,875,000","11,831,000","12,054,000","12,038,000","10,915,000","11,207,000","11,508,000","10,535,000","10,738,000","11,495,000","11,627,000","12,420,000",,,,,,,,,,,,,,,,,,,,,,,,,,,,,,,,,,,,,,,,,,,,,,,,,,,,,,,,,,,,,,,,,,,,,,,,,,,,,,,,,,,,,,,,,,,,,,
NetInterestIncome,"-71,354,000","-20,324,000","-20,006,000","-21,494,000","-9,530,000","-4,524,000","-4,886,000","-5,083,000","-6,171,000","-6,999,000","-7,431,000","-8,710,000","-9,239,000","-9,301,000","-8,159,000","-7,244,000","-6,130,000","-5,579,000","-5,564,000","-5,708,000","-5,258,000","-4,829,000","-7,021,000","-4,855,000","-5,183,000","-5,243,000","-4,977,000","-4,387,000","-4,420,000","-6,515,000","-7,852,000","-9,580,000","-9,530,000","-9,567,000","-9,597,000","-9,662,000","-9,563,000","-9,479,000","-11,903,000","-11,890,000","-11,356,000","-11,697,000","-11,875,000","-11,831,000","-12,054,000","-12,038,000","-10,915,000","-11,207,000","-11,508,000","-10,535,000","-10,738,000","-11,495,000","-11,627,000","-12,420,000",,,,,,,,,,,,,,,,,,,,,,,,,,,,,,,,,,,,,,,,,,,,,,,,,,,,,,,,,,,,,,,,,,,,,,,,,,,,,,,,,,,,,,,,,,,,,,
EBIT,"144,200,000","32,882,000","44,134,000","38,686,000","28,498,000","38,039,000","37,316,000","46,621,000","26,123,000","-56,342,000","68,020,000","-338,500,000","53,992,000","65,539,000","80,413,000","-14,926,000","85,259,000","88,997,000","99,394,000","54,655,000","94,077,000","86,060,000","85,470,000","93,034,000","91,391,000","92,793,000","91,451,000","90,287,000","89,703,000","76,804,000","90,403,000","77,053,000","85,327,000","80,927,000","78,400,000","80,275,000","82,603,000","78,083,000","72,788,000","72,855,000","73,893,000","78,064,000","74,006,000","65,344,000","63,917,000","60,615,000","60,448,000","88,891,000","62,176,000","68,599,000","55,919,000","54,719,000","53,290,000","37,373,000","53,957,000","39,290,000","61,301,000","54,830,000","74,141,000","60,722,000","67,482,000","65,200,000","78,938,000","57,250,000","9,810,000","52,301,000","75,025,000","71,328,000","81,759,000","76,726,000","85,519,000","100,747,000","79,840,000","81,805,000","68,736,000","87,662,000","77,824,000","84,699,000","80,947,000","86,549,000","88,277,000","89,159,000","77,944,000","83,467,000","72,985,000","67,542,000","66,715,000","77,225,000","60,563,000","72,807,000","73,600,000","73,400,000","76,200,000","77,700,000","102,800,000","4,300,000","68,000,000","71,600,000","85,300,000","25,000,000","62,000,000","66,200,000","43,200,000","55,900,000","66,000,000","33,900,000","20,700,000","54,500,000","53,800,000","54,900,000","67,800,000","49,800,000","52,100,000","63,800,000","84,100,000","64,100,000","3,800,000","79,800,000","86,100,000","80,600,000","77,000,000","78,600,000","82,600,000","72,400,000","69,300,000","63,700,000","82,500,000","71,300,000","62,300,000","58,300,000","-715,300,000","331,400,000","310,800,000","316,900,000","-636,600,000","301,500,000","275,700,000","286,200,000","-492,600,000","236,500,000","232,600,000","233,400,000","-427,400,000","218,200,000","213,700,000","210,700,000","-382,000,000","193,200,000"
EBITDA,"306,784,000"
ReconciledCostOfRevenue,"954,955,000","249,194,000","255,033,000","244,151,000","206,575,000","178,509,000","191,979,000","174,461,000","162,283,000","202,049,000","207,060,000","203,723,000","202,528,000","199,623,000","215,154,000","197,634,000","190,201,000","188,758,000","190,800,000","192,917,000","179,214,000","179,160,000","176,834,000","166,270,000","159,832,000","164,305,000","171,287,000","159,302,000","155,938,000","152,681,000","165,309,000","150,150,000","145,891,000","144,928,000","152,049,000","142,223,000","133,547,000","133,297,000","137,603,000","131,690,000","127,594,000","127,487,000","129,915,000","122,638,000","120,687,000","120,163,000","126,683,000","121,433,000","121,940,000","118,363,000","126,647,000","121,911,000","126,964,000","129,259,000","128,232,000","152,587,000","139,816,000","145,878,000","150,951,000","143,498,000","142,794,000","149,317,000","155,906,000","149,729,000","151,668,000","155,976,000","156,269,000","149,248,000","150,773,000","152,071,000","155,678,000","170,520,000","102,866,000","106,886,000","103,450,000","105,974,000","106,718,000","109,824,000","104,345,000","107,794,000","110,560,000","113,094,000","113,847,000","111,060,000","112,428,000","116,483,000","-74,059,000","149,875,000","157,189,000","149,682,000","177,200,000","162,400,000","159,500,000","159,500,000","195,400,000","232,700,000","195,800,000","203,100,000","266,200,000","165,300,000","171,100,000","183,300,000","197,200,000","182,700,000","185,000,000","224,300,000","216,200,000","177,400,000","177,000,000","186,400,000","196,900,000","173,600,000","168,100,000","176,800,000","182,200,000","155,800,000","151,300,000","168,800,000","173,400,000","151,600,000","149,400,000","161,900,000","167,100,000","150,300,000","147,000,000","161,700,000","164,400,000","151,800,000","145,500,000","159,500,000",,,,,,,,,,,,,,,,,,
ReconciledDepreciation,"162,584,000","41,597,000","45,838,000","41,905,000","33,244,000","27,780,000","27,727,000","27,972,000","26,663,000","28,430,000","30,606,000","21,712,000","37,269,000","36,449,000","34,177,000","33,406,000","32,376,000","31,141,000","31,355,000","31,246,000","30,414,000","29,637,000","23,872,000","23,059,000","22,773,000","21,879,000","22,269,000","18,753,000","17,995,000","17,683,000","17,297,000","15,927,000","16,353,000","16,265,000","16,152,000","16,275,000","16,147,000","15,899,000","15,980,000","16,238,000","16,337,000","17,097,000","16,881,000","17,779,000","18,940,000","19,743,000","19,252,000","19,379,000","19,837,000","15,447,000","16,797,000","16,214,000","17,901,000","16,853,000","43,472,000","3,572,000","21,772,000","21,762,000","22,770,000","23,681,000","23,766,000","25,863,000","27,420,000","29,011,000","32,656,000","32,359,000","33,496,000","32,679,000","37,908,000","38,996,000","41,238,000","40,198,000","24,790,000","22,158,000","22,744,000","21,697,000","26,609,000","14,618,000","14,389,000","14,543,000","14,620,000","14,653,000","16,273,000","17,891,000","21,830,000","17,988,000","-1,756,000","25,304,000","23,020,000","22,002,000","22,100,000","20,300,000","20,500,000","21,000,000","24,200,000","21,900,000","19,200,000","20,500,000","19,400,000","34,700,000","22,200,000","21,000,000","26,800,000","27,000,000","26,500,000","26,400,000","28,000,000","25,900,000","25,100,000","24,300,000","23,100,000","22,300,000","21,100,000","19,900,000","20,000,000","17,600,000","17,600,000","17,100,000","16,700,000","16,600,000","16,600,000","16,700,000","19,300,000","19,000,000","18,900,000","18,700,000","19,000,000","18,800,000","18,300,000","17,900,000",,,,,,,,,,,,,,,,,,
NetIncomeFromContinuingOperationNetMinorityInterest,"47,985,000","9,644,000","13,777,000","12,464,000","12,100,000","24,292,000","24,663,000","29,417,000","14,859,000","-60,131,000","44,824,000","-318,493,000","32,582,000","41,190,000","57,169,000","-31,083,000","60,207,000","63,336,000","84,709,000","28,801,000","59,579,000","57,066,000","54,228,000","58,663,000","58,389,000","58,102,000","59,709,000","56,917,000","56,063,000","45,940,000","57,964,000","44,431,000","50,076,000","47,324,000","45,722,000","46,903,000","48,152,000","45,875,000","42,647,000","41,503,000","42,262,000","44,079,000","39,831,000","36,735,000","35,473,000","32,556,000","34,825,000","51,172,000","33,614,000","33,783,000","30,529,000","28,555,000","27,776,000","12,504,000","32,178,000","13,760,000","32,617,000","27,317,000","40,152,000","32,160,000","35,975,000","35,228,000","47,491,000","31,163,000","-2,742,000","24,646,000","38,612,000","37,620,000","41,963,000","39,768,000","47,493,000","57,505,000","45,988,000","47,662,000","39,421,000","58,182,000","44,893,000","49,979,000","52,346,000","52,663,000","54,709,000","54,556,000","48,047,000","51,062,000","44,312,000","42,479,000","40,913,000","49,397,000","81,669,000","44,322,000","58,100,000","49,100,000","47,400,000","47,600,000","56,700,000","2,800,000","42,300,000","43,600,000","33,300,000","-67,500,000","37,500,000","41,400,000","-25,000,000","33,500,000","38,100,000","18,900,000","1,500,000","29,400,000","29,700,000","33,800,000","40,000,000","33,300,000","29,600,000","38,000,000","50,900,000","37,000,000","2,200,000","51,800,000","55,700,000","50,500,000","47,600,000","48,900,000","52,700,000","45,300,000","43,400,000","41,500,000","53,800,000","44,200,000","38,200,000","36,100,000",,,,,,,,,,,,,,,,,,
TotalUnusualItemsExcludingGoodwill,"-56,681,000","-16,244,000","-16,738,000","-12,335,000","-11,364,000","-14,313,000","-18,917,000","-21,709,000","-25,237,000","-107,984,000","-22,159,000","-417,235,000","-17,342,000","-5,492,000","-6,822,000","-104,305,000","-5,635,000","-4,294,000","-4,854,000","-47,897,000","-4,381,000","-6,310,000","-10,975,000","-1,993,000","-1,135,000","-879,000","-1,680,000","-1,505,000","-966,000","-9,184,000","-1,004,000","-10,661,000","-1,014,000","-3,300,000","-9,360,000","-2,780,000","-924,000","-1,371,000","-7,807,000","-2,741,000","-1,809,000","-599,000","-3,066,000","-4,638,000","-4,144,000","-8,157,000","-6,373,000","280,000","-3,195,000","-113,000","-5,331,000","-1,668,000","-85,000","-14,532,000","-3,173,000","-18,460,000","379,000","494,000","863,000","2,675,000","876,000","4,761,000","615,000","27,000","-44,708,000","4,703,000","189,000","484,000","-41,000","574,000","-166,000","64,000","232,000","344,000","-4,447,000","-743,000","-466,000","243,000","-317,000","-1,155,000","952,000","417,000","-3,146,000","-761,000","-1,228,000","1,884,000","931,000","5,486,000","28,879,000","1,773,000","20,500,000","6,500,000","2,500,000","1,600,000","-5,400,000","5,400,000","4,900,000","3,300,000","3,600,000","-127,300,000","3,500,000","5,600,000","-76,500,000","4,000,000","1,800,000","1,100,000","-10,800,000","1,400,000","1,500,000","6,500,000","1,200,000","11,600,000","900,000","4,700,000","3,700,000","2,800,000","3,700,000","4,300,000","4,300,000","6,600,000","3,400,000","3,600,000","4,300,000","3,800,000","3,900,000","3,800,000","2,800,000","2,800,000","2,000,000","1,800,000",,,,,,,,,,,,,,,,,,
TotalUnusualItems,"-56,681,000","-16,244,000","-16,738,000","-12,335,000","-11,364,000","-14,313,000","-18,917,000","-21,709,000","-25,237,000","-107,984,000","-22,159,000","-417,235,000","-17,342,000","-5,492,000","-6,822,000","-104,305,000","-5,635,000","-4,294,000","-4,854,000","-47,897,000","-4,381,000","-6,310,000","-10,975,000","-1,993,000","-1,135,000","-879,000","-1,680,000","-1,505,000","-966,000","-9,184,000","-1,004,000","-10,661,000","-1,014,000","-3,300,000","-9,360,000","-2,780,000","-924,000","-1,371,000","-7,807,000","-2,741,000","-1,809,000","-599,000","-3,066,000","-4,638,000","-4,144,000","-8,157,000","-6,373,000","280,000","-3,195,000","-113,000","-5,331,000","-1,668,000","-85,000","-14,532,000","-3,173,000","-18,460,000","379,000","494,000","863,000","2,675,000","876,000","4,761,000","615,000","27,000","-44,708,000","4,703,000","189,000","484,000","-41,000","574,000","-166,000","64,000","232,000","344,000","-4,447,000","-743,000","-466,000","243,000","-317,000","-1,155,000","952,000","417,000","-3,146,000","-761,000","-1,228,000","1,884,000","931,000","5,486,000","28,879,000","1,773,000","20,500,000","6,500,000","2,500,000","1,600,000","-5,400,000","5,400,000","4,900,000","3,300,000","3,600,000","-127,300,000","3,500,000","5,600,000","-76,500,000","4,000,000","1,800,000","1,100,000","-10,800,000","1,400,000","1,500,000","6,500,000","1,200,000","11,600,000","900,000","4,700,000","3,700,000","2,800,000","3,700,000","4,300,000","4,300,000","6,600,000","3,400,000","3,600,000","4,300,000","3,800,000","3,900,000","3,800,000","2,800,000","2,800,000","2,000,000","1,800,000",,,,,,,,,,,,,,,,,,
NormalizedEBITDA,"363,465,000","90,723,000","106,710,000","92,926,000","73,106,000","80,132,000","83,960,000","96,302,000","78,023,000","80,072,000","120,785,000","100,447,000","108,603,000","107,480,000","121,412,000","122,785,000","123,270,000","124,432,000","135,603,000","133,798,000","128,872,000","122,007,000","120,317,000","118,086,000","115,299,000","115,551,000","115,400,000","110,545,000","108,664,000","103,671,000","108,704,000","103,641,000","102,694,000","100,492,000","103,912,000","99,330,000","99,674,000","95,353,000","96,575,000","91,834,000","92,039,000","95,760,000","93,953,000","87,761,000","87,001,000","88,515,000","86,073,000","107,990,000","85,208,000","84,159,000","78,047,000","72,601,000","71,276,000","68,758,000","100,602,000","61,322,000","82,694,000","76,098,000","96,048,000","81,728,000","90,372,000","86,302,000","105,743,000","86,234,000","87,174,000","79,957,000","108,332,000","103,523,000","119,708,000","115,148,000","126,923,000","140,881,000","104,398,000","103,619,000","95,927,000","110,102,000","104,899,000","99,074,000","95,653,000","102,247,000","101,945,000","103,395,000","97,363,000","102,119,000","96,043,000","83,646,000","64,028,000","97,043,000","54,704,000","93,036,000","75,200,000","87,200,000","94,200,000","97,100,000","132,400,000","20,800,000","82,300,000","88,800,000","101,100,000","187,000,000","80,700,000","81,600,000","146,500,000","79,000,000","90,700,000","59,200,000","59,500,000","79,000,000","77,400,000","72,700,000","89,700,000","60,500,000","72,300,000","79,000,000","100,400,000","78,900,000","17,700,000","92,600,000","98,500,000","90,600,000","90,200,000","91,700,000","97,600,000","87,600,000","84,300,000","78,600,000","98,700,000","87,300,000","78,600,000","74,400,000","-715,300,000","331,400,000","310,800,000","316,900,000","-636,600,000","301,500,000","275,700,000","286,200,000","-492,600,000","236,500,000","232,600,000","233,400,000","-427,400,000","218,200,000","213,700,000","210,700,000","-382,000,000","193,200,000"
TaxRateForCalcs,"0.339","0.229","0.27","0.273","0.237","0.274","0.238","0.291","0.254","0.054","0.26","0.083","0.272","0.268","0.209","0.27","0.239","0.241","0.097","0.4","0.329","0.297","0.309","0.335","0.323","0.336","0.31","0.337","0.343","0.346","0.298","0.341","0.339","0.337","0.335","0.336","0.341","0.331","0.3","0.319","0.324","0.336","0.359","0.314","0.316","0.33","0.297","0.341","0.337","0.35","0.324","0.339","0.333","0.35","0.363","0.226","0.338","0.358","0.31","0.328","0.339","0.384","0.278","0.282","0.4","0.357","0.367","0.355","0.377","0.379","0.343","0.378","0.387","0.038","0.384","0.294","0.38","0.38","0.341","0.38","0.38","0.38","0.375","0.375","0.376","0.375","0.396","0.375","0.049","0.375","0.362","0.368","0.384","0.386","0.4","0.4","0.4","0.399","0.4","0.353","0.4","0.4","0.319","0.4","0.4","0.4","0.4","0.4","0.4","0.4","0.4","0.4","0.4","0.4","0.4","0.4","0.4","0.366","0.349","0.38","0.389","0.386","0.376","0.389","0.385","0.374","0.369","0.399","0.4","0.396",,,,,,,,,,,,,,,,,,
TaxEffectOfUnusualItems,"-19,233,693.532","-3,719,876","-4,519,260","-3,367,455","-2,693,268","-3,921,762","-4,504,380.944","-6,317,319","-6,410,198","-5,831,136","-5,765,677.516","-34,630,505","-4,717,024","-1,471,856","-1,424,279.209","-28,162,350","-1,346,765","-1,034,854","-471,846.254","-19,158,800","-1,441,349","-1,874,070","-3,388,513.238","-667,655","-366,605","-295,344","-519,985.198","-507,185","-331,338","-3,177,664","-299,031.484","-3,635,401","-343,746","-1,112,100","-3,139,952.618","-934,080","-315,084","-453,801","-2,338,573.803","-875,015.862","-586,492.397","-201,161.903","-1,100,445.832","-1,454,158.13","-1,309,607.234","-2,690,229.882","-1,892,356.288","95,558.416","-1,075,383.477","-39,550","-1,728,819.902","-566,071.904","-28,331.973","-5,086,200","-1,152,322.475","-4,171,334.871","128,252.677","177,009.607","267,240.221","878,258.145","297,218.021","1,826,874.042","170,679.481","7,608.412","-17,883,200","1,681,122.95","69,350.407","171,907.854","-15,459.146","217,542.397","-56,973.185","24,188.655","89,728.611","13,141.48","-1,705,853.901","-218,239.733","-177,211.358","92,337.588","-108,248.182","-439,141.687","361,570.489","158,628.692","-1,179,437.909","-285,472.784","-461,222.445","706,874.095","368,653.128","2,057,241.323","1,414,440.454","664,621.8","7,425,905.598","2,392,535.393","961,038.961","617,290.323","-2,160,000","2,160,000","1,960,000","1,318,181.818","1,440,000","-44,993,965.517","1,400,000","2,240,000","-24,388,283.379","1,600,000","720,000","440,000","-4,320,000","560,000","600,000","2,600,000","480,000","4,640,000","360,000","1,880,000","1,480,000","1,120,000","1,480,000","1,573,684.211","1,501,985.981","2,510,429.448","1,322,464.698","1,391,217.064","1,618,224.852","1,476,923.077","1,502,549.575","1,421,417.798","1,031,924.883","1,116,190.476","800,000","713,377.926",,,,,,,,,,,,,,,,,,