name,ttm,03/31/2022,12/31/2021,09/30/2021,06/30/2021,03/31/2021,12/31/2020,09/30/2020,06/30/2020,03/31/2020,12/31/2019,09/30/2019,06/30/2019,03/31/2019,12/31/2018,09/30/2018,06/30/2018,03/31/2018,12/31/2017,09/30/2017,06/30/2017,03/31/2017,12/31/2016,09/30/2016,06/30/2016,03/31/2016,12/31/2015,09/30/2015,06/30/2015,03/31/2015,12/31/2014,09/30/2014,06/30/2014,03/31/2014,12/31/2013,09/30/2013,06/30/2013,03/31/2013,12/31/2012,09/30/2012,06/30/2012,03/31/2012,12/31/2011,09/30/2011,06/30/2011,03/31/2011,12/31/2010,09/30/2010,06/30/2010,03/31/2010,12/31/2009,09/30/2009,06/30/2009,03/31/2009,12/31/2008,09/30/2008,06/30/2008,03/31/2008,12/31/2007,09/30/2007,06/30/2007,03/31/2007,12/31/2006,09/30/2006,06/30/2006,03/31/2006,12/31/2005,09/30/2005,06/30/2005,03/31/2005,12/31/2004,09/30/2004,06/30/2004,03/31/2004,12/31/2003,09/30/2003,06/30/2003,03/31/2003
TotalRevenue,"116,035,000","40,401,000","30,304,000","23,969,000","21,361,000","17,789,000","12,112,000","12,545,000","6,795,000","15,476,000","19,599,000","19,569,000","20,600,000","19,031,000","22,334,000","13,938,000","21,123,000","15,883,000","19,531,000","12,480,000","12,553,000","12,727,000","10,743,000","10,679,000","10,009,000","6,126,000","7,392,000","7,387,000","8,280,000","8,804,000","14,142,000","15,716,000","17,973,000","17,339,000","18,916,000","16,440,000","17,295,000","13,218,000","22,571,000","12,702,000","14,924,000","13,007,000","13,413,000","13,921,000","14,420,000","12,210,000","10,815,000","14,109,000","14,256,000","15,539,000","14,417,000","10,706,000","9,684,000","8,824,000","15,178,000","24,487,000","28,988,000","21,272,000","18,322,000","14,716,000","17,613,000","14,714,000","15,623,000","16,897,000","23,128,000","19,267,000","24,753,000","23,653,000","16,962,000","14,397,000","15,513,000","14,433,000","13,380,000","13,441,000","11,420,000","12,548,000","11,300,000","13,956,000"
	OperatingRevenue,"115,022,000","40,401,000","30,090,000","23,536,000","21,001,000","17,789,000","11,445,000","12,433,000","6,789,000","15,381,000","19,547,000","19,481,000","20,279,000","18,961,000","21,109,000","13,625,000","21,062,000","15,847,000","19,422,000","12,279,000","12,524,000","12,313,000","10,708,000","10,662,000","9,929,000","5,996,000","7,274,000","7,384,000","8,268,000","8,776,000","14,053,000","15,633,000","17,963,000","17,324,000","18,824,000","16,423,000","17,287,000","13,210,000","21,089,000","12,702,000","14,924,000","13,007,000","13,413,000","13,921,000","14,420,000","12,210,000","10,815,000","14,109,000","14,256,000","15,539,000","14,417,000","10,706,000","9,684,000","8,824,000","15,178,000","24,487,000","28,988,000","21,272,000","18,357,000","14,708,000","17,594,000","14,706,000","15,623,000","16,897,000","23,128,000","19,267,000","24,753,000","23,653,000","16,962,000","14,397,000","13,903,000","14,433,000","13,380,000","13,441,000","11,115,000","12,548,000","11,300,000","13,956,000"
CostOfRevenue,"21,975,000","7,734,000","5,085,000","5,028,000","4,128,000","3,819,000","3,822,000","4,693,000","4,290,000","4,797,000","5,302,000","5,008,000","5,719,000","3,919,000","3,626,000","3,792,000","3,600,000","3,440,000","4,136,000","4,115,000","2,944,000","2,742,000","2,849,000","2,982,000","3,026,000","2,743,000","3,190,000","3,641,000","3,318,000","3,499,000","3,292,000","3,955,000","4,303,000","3,956,000","4,277,000","4,887,000","4,438,000","4,671,000","17,713,000","1,434,000","1,199,000","1,032,000","1,190,000","1,212,000","1,322,000","1,151,000","924,000","1,100,000","937,000","1,210,000","762,000","1,017,000","844,000","739,000","745,000","1,491,000","1,345,000","1,191,000","1,038,000","838,000","1,023,000","968,000","924,000","1,315,000","969,000","850,000","1,107,000","1,028,000","772,000","701,000","-561,000","687,000","497,000","583,000","-795,000","592,000","534,000","782,000"
GrossProfit,"94,060,000","32,667,000","25,219,000","18,941,000","17,233,000","13,970,000","8,290,000","7,852,000","2,505,000","10,679,000","14,297,000","14,561,000","14,881,000","15,112,000","18,708,000","10,146,000","17,523,000","12,443,000","15,395,000","8,365,000","9,609,000","9,985,000","7,894,000","7,697,000","6,983,000","3,383,000","4,202,000","3,746,000","4,962,000","5,305,000","10,850,000","11,761,000","13,670,000","13,383,000","14,639,000","11,553,000","12,857,000","8,547,000","4,858,000","11,268,000","13,725,000","11,975,000","12,223,000","12,709,000","13,098,000","11,059,000","9,891,000","13,009,000","13,319,000","14,329,000","13,655,000","9,689,000","8,840,000","8,085,000","14,433,000","22,996,000","27,643,000","20,081,000","17,284,000","13,878,000","16,590,000","13,746,000","14,699,000","15,582,000","22,159,000","18,417,000","23,646,000","22,625,000","16,190,000","13,696,000","16,074,000","13,746,000","12,883,000","12,858,000","12,215,000","11,956,000","10,766,000","13,174,000"
OperatingExpense,"5,063,000","2,043,000","1,386,000","910,000","724,000","2,169,000","1,995,000","2,233,000","1,313,000","1,918,000","1,974,000","1,694,000","1,285,000","1,133,000","1,407,000","867,000","1,159,000","1,480,000","1,166,000","1,141,000","1,160,000","1,463,000","1,023,000","1,050,000","1,032,000","1,885,000","1,479,000","1,065,000","1,148,000","1,275,000","2,146,000","796,000","1,059,000","1,136,000","1,489,000","835,000","973,000","899,000","-11,407,000","4,744,000","5,363,000","5,115,000","6,051,000","5,645,000","5,342,000","5,398,000","5,468,000","5,850,000","5,393,000","5,405,000","5,394,000","5,295,000","4,290,000","4,335,000","4,876,000","4,519,000","4,508,000","4,801,000","5,016,000","4,738,000","4,640,000","4,764,000","4,883,000","5,520,000","5,564,000","5,555,000","5,504,000","6,271,000","6,079,000","5,883,000","7,909,000","5,903,000","5,770,000","6,143,000","7,935,000","28,780,000","7,532,000","9,309,000"
	SellingGeneralAndAdministration,"5,063,000","2,043,000","1,386,000","910,000","724,000","2,169,000","1,995,000","2,233,000","1,313,000","1,918,000","1,974,000","1,694,000","1,285,000","1,133,000","1,407,000","867,000","1,159,000","1,480,000","1,166,000","1,141,000","1,160,000","1,463,000","1,023,000","1,050,000","1,032,000","1,885,000","1,479,000","1,065,000","1,148,000","1,275,000","2,146,000","796,000","1,059,000","1,136,000","1,489,000","835,000","973,000","899,000","1,386,000","745,000","881,000","803,000","1,343,000","828,000","761,000","1,156,000","1,322,000","782,000","854,000","1,170,000","1,092,000","771,000","817,000","1,035,000","1,350,000","744,000","860,000","1,011,000","1,106,000","775,000","767,000","943,000","721,000","733,000","751,000","847,000","807,000","612,000","714,000","746,000","1,223,000","800,000","748,000","842,000","741,000","22,180,000","860,000","4,338,000"
		GeneralAndAdministrativeExpense,"5,063,000","2,043,000","1,386,000","910,000","724,000","2,169,000","1,995,000","2,233,000","1,313,000","1,918,000","1,974,000","1,694,000","1,285,000","1,133,000","1,407,000","867,000","1,159,000","1,480,000","1,166,000","1,141,000","1,160,000","1,463,000","1,023,000","1,050,000","1,032,000","1,885,000","1,479,000","1,065,000","1,148,000","1,275,000","2,146,000","796,000","1,059,000","1,136,000","1,489,000","835,000","973,000","899,000",,,,,,,,,,,,,,,,,,,,,,,,,,,,,,,,,,,,,,,,
			OtherGandA,"5,063,000","2,043,000","1,386,000","910,000","724,000","2,169,000","1,995,000","2,233,000","1,313,000","1,918,000","1,974,000","1,694,000","1,285,000","1,133,000","1,407,000","867,000","1,159,000","1,480,000","1,166,000","1,141,000","1,160,000","1,463,000","1,023,000","1,050,000","1,032,000","1,885,000","1,479,000","1,065,000","1,148,000","1,275,000","2,146,000","796,000","1,059,000","1,136,000","1,489,000","835,000","973,000","899,000",,,,,,,,,,,,,,,,,,,,,,,,,,,,,,,,,,,,,,,,
	DepreciationAmortizationDepletionIncomeStatement,,,,,,,,,,,,,,,,,,,"2,859,000","2,795,000","1,893,000","1,755,000","1,936,000","2,080,000","2,255,000","2,236,000","2,214,000","3,048,000","2,341,000","2,465,000","2,157,000","2,610,000","2,766,000","2,517,000","2,942,000","3,547,000","3,268,000","3,386,000","3,790,000","3,999,000","4,482,000","4,312,000","4,708,000","4,817,000","4,581,000","4,242,000","4,146,000","5,068,000","4,539,000","4,235,000","4,302,000","4,524,000","3,473,000","3,300,000","3,526,000","3,775,000","3,648,000","3,790,000","3,910,000","3,963,000","3,873,000","3,821,000","4,162,000","4,787,000","4,813,000","4,708,000","4,697,000","5,659,000","5,365,000","5,137,000","5,369,000","5,103,000","5,022,000","5,301,000","5,396,000","6,600,000","6,672,000","4,971,000"
		DepreciationAndAmortizationInIncomeStatement,,,,,,,,,,,,,,,,,,,,,,,,,,,,,,"2,465,000","2,157,000","2,610,000","2,766,000","2,517,000",,,"3,268,000","3,386,000","3,790,000","3,999,000","4,482,000","4,312,000",,"4,817,000","4,581,000","4,242,000",,"5,068,000","4,539,000","4,235,000",,"4,524,000","3,473,000","3,300,000",,"3,775,000","3,648,000","3,790,000","3,910,000","3,963,000","3,873,000","3,821,000","4,162,000","4,787,000","4,813,000","4,708,000","4,697,000","5,659,000","5,365,000","5,137,000","5,369,000","5,103,000","5,022,000","5,301,000","5,396,000","6,600,000","6,672,000","4,971,000"
OperatingIncome,"88,997,000","30,624,000","23,833,000","18,031,000","16,509,000","11,801,000","6,295,000","5,619,000","1,192,000","8,761,000","12,323,000","12,867,000","13,596,000","13,979,000","17,301,000","9,279,000","16,364,000","10,963,000","14,229,000","7,224,000","8,449,000","8,522,000","6,871,000","6,647,000","5,951,000","1,498,000","2,723,000","2,681,000","3,814,000","4,030,000","8,704,000","10,965,000","12,611,000","12,247,000","13,150,000","10,718,000","11,884,000","7,648,000","16,265,000","6,524,000","8,362,000","6,860,000","6,172,000","7,064,000","7,756,000","5,661,000","4,423,000","7,159,000","7,926,000","8,924,000","8,261,000","4,394,000","4,550,000","3,750,000","9,557,000","18,477,000","23,135,000","15,280,000","12,268,000","9,140,000","11,950,000","8,982,000","9,816,000","10,062,000","16,595,000","12,862,000","18,142,000","16,354,000","10,111,000","7,813,000","8,165,000","7,843,000","7,113,000","6,715,000","4,280,000","-16,824,000","3,234,000","3,865,000"
NetNonOperatingInterestIncomeExpense,,,,,,,,,,,,,,,,,,,,"737,000","309,000","1,660,000","1,504,000","1,589,000","1,708,000","23,000","27,000","303,000","217,000","448,000","2,957,000","1,603,000","1,865,000","2,445,000","3,376,000","1,365,000","4,061,000","1,546,000","5,597,000","1,606,000","318,000","426,000","7,027,000","4,405,000","2,014,000","2,079,000","4,017,000","2,358,000",,,,,,,,,,,,,,,,,,,,,,,,,,,,,,
	InterestIncomeNonOperating,,,,,,,,,,,,,,,,,,,"5,308,000","737,000","309,000","1,660,000","1,504,000","1,589,000","1,708,000","23,000","27,000","303,000","217,000","448,000","2,957,000","1,603,000","1,865,000","2,445,000","3,376,000","1,365,000","4,061,000","1,546,000","5,597,000","1,606,000","318,000","426,000","7,027,000","4,405,000","2,014,000","2,079,000","4,017,000","2,358,000",,,,,,,,,,,,,,,,,,,,,,,,,,,,,,
OtherIncomeExpense,,,,,,,,,,,,,,,,,,,"-5,308,000","-737,000","-309,000","-1,660,000","-1,504,000","-1,589,000","-1,708,000","-23,000","2,000","2,000","2,000","1,000","0","4,000","58,000","650,000","4,000","31,000","141,000","-1,546,000","0","-1,000","-318,000","12,000","0","37,000","-2,014,000","-2,079,000","49,000","19,000","6,000","2,000","508,000","21,000","170,000","27,000","60,000","113,000","31,000","130,000","66,000","342,000","151,000","149,000","153,000","330,000","194,000","6,000","163,000","49,000","80,000","12,000","1,669,000","50,000","176,000","-81,000","4,473,000","138,000","-44,376,000","78,000"
	SpecialIncomeCharges,,,,,,,,,,,,,,,,,,,,,,,,,,,"2,000","2,000","2,000","1,000","0","4,000","58,000","650,000","4,000","31,000","141,000","0","0","-1,000","0","12,000","0","37,000","0","0","49,000","19,000","6,000","2,000","508,000","21,000","170,000","27,000","60,000","113,000","31,000","130,000","66,000","342,000","151,000","149,000","153,000","330,000","194,000","6,000","163,000","49,000","80,000","12,000","1,669,000","50,000","176,000","-81,000","4,473,000","138,000","-44,376,000","78,000"
		OtherSpecialCharges,,,,,,,,,,,,,,,,,,,,,,,,,,,,,,,"0",,,"-650,000",,,,,,,,,,,,,,,,,,,,,,,,,,,,,,,,,,,,,,,,,,,,
	OtherNonOperatingIncomeExpenses,,,,,,,,,,,,,,,,,,,,,,,,,,,"2,000","2,000","2,000","1,000",,"4,000","58,000",,"4,000","31,000","141,000",,,,,,,,,,,,,,,,,,,,,,,,,,,,,,,,,,,,,,,,,
PretaxIncome,"88,997,000","30,624,000","23,833,000","18,031,000","16,509,000","11,801,000","6,295,000","5,619,000","1,192,000","8,761,000","12,323,000","12,867,000","13,596,000","13,979,000","17,301,000","9,279,000","16,364,000","10,963,000","14,229,000","7,224,000","8,449,000","8,522,000","6,871,000","6,647,000","5,951,000","1,498,000","2,725,000","2,683,000","3,816,000","4,031,000","8,704,000","10,969,000","12,669,000","12,897,000","13,154,000","10,749,000","12,025,000","7,648,000","13,915,000","8,129,000","8,680,000","7,298,000","13,199,000","11,506,000","9,770,000","7,740,000",,,,,,,,,,,,,,,,,,,,,,,,,,,,,,,,
NetIncomeCommonStockholders,"85,964,000","29,542,000","23,064,000","17,400,000","15,958,000","11,404,000","6,080,000","5,427,000","1,132,000","8,523,000","11,954,000","12,404,000","13,141,000","13,533,000","16,646,000","8,918,000","15,788,000","10,589,000","13,791,000","6,951,000","8,119,000","8,222,000","6,631,000","6,417,000","5,750,000","1,438,000","2,617,000","2,580,000","3,667,000","3,878,000","8,427,000","10,569,000","12,208,000","12,442,000","12,711,000","10,350,000","11,640,000","7,374,000","13,490,000","7,836,000","8,339,000","7,014,000","12,826,000","11,139,000","9,420,000","7,740,000","8,229,000","9,201,000","7,932,000","8,926,000","9,205,000","4,263,000","4,559,000","3,654,000","74,401,000","18,590,000","23,166,000","15,410,000","12,369,000","9,474,000","12,082,000","9,123,000","9,969,000","10,392,000","16,789,000","13,060,000","18,305,000","16,403,000","10,191,000","7,876,000","8,224,000","7,893,000","7,308,000","6,651,000","4,844,000","-16,686,000","-18,928,000","3,943,000"
	NetIncome,"88,997,000","30,624,000","23,833,000","18,031,000","16,509,000","11,801,000","6,295,000","5,619,000","1,192,000","8,761,000","12,323,000","12,867,000","13,596,000","13,979,000","17,301,000","9,279,000","16,364,000","10,963,000","14,229,000","7,224,000","8,449,000","8,522,000","6,871,000","6,647,000","5,951,000","1,498,000","2,725,000","2,683,000","3,816,000","4,031,000","8,704,000","10,969,000","12,669,000","12,897,000","13,154,000","10,749,000","12,025,000","7,648,000","13,915,000","8,129,000","8,680,000","7,298,000","13,199,000","11,506,000","9,770,000","7,740,000","8,489,000","9,536,000","7,932,000","8,926,000","8,769,000","4,415,000","4,559,000","3,777,000","9,617,000","18,590,000","23,166,000","15,410,000","12,369,000","9,474,000","12,082,000","9,123,000","9,969,000","10,392,000","16,789,000","13,060,000","18,305,000","16,403,000","10,191,000","7,876,000","8,224,000","7,893,000","7,308,000","6,651,000","4,844,000","-16,686,000","-18,928,000","3,943,000"
		NetIncomeIncludingNoncontrollingInterests,"88,997,000","30,624,000","23,833,000","18,031,000","16,509,000","11,801,000","6,295,000","5,619,000","1,192,000","8,761,000","12,323,000","12,867,000","13,596,000","13,979,000","17,301,000","9,279,000","16,364,000","10,963,000","14,229,000","7,224,000","8,449,000","8,522,000","6,871,000","6,647,000","5,951,000","1,498,000","2,725,000","2,683,000","3,816,000","4,031,000","8,704,000","10,969,000","12,669,000","12,897,000","13,154,000","10,749,000","12,025,000","7,648,000","13,915,000","8,129,000","8,680,000","7,298,000","13,199,000","11,506,000","9,770,000","7,740,000","8,489,000","9,536,000","7,932,000","8,926,000","8,769,000","4,415,000","4,559,000","3,777,000","9,617,000","18,590,000","23,166,000","15,410,000","12,369,000","9,474,000","12,082,000","9,123,000","9,969,000","10,392,000","16,789,000","13,060,000","18,305,000","16,403,000","10,191,000","7,876,000","8,224,000","7,893,000","7,308,000","6,651,000","4,844,000","-16,686,000","-18,928,000","3,943,000"
			NetIncomeContinuousOperations,"88,997,000","30,624,000","23,833,000","18,031,000","16,509,000","11,801,000","6,295,000","5,619,000","1,192,000","8,761,000","12,323,000","12,867,000","13,596,000","13,979,000","17,301,000","9,279,000","16,364,000","10,963,000","14,229,000","7,224,000","8,449,000","8,522,000","6,871,000","6,647,000","5,951,000","1,498,000","2,725,000","2,683,000","3,816,000","4,031,000","8,704,000","10,969,000","12,669,000","12,897,000","13,154,000","10,749,000","12,025,000","7,648,000","13,915,000","8,129,000","8,680,000","7,298,000","13,199,000","11,506,000","9,770,000","7,740,000","8,489,000","9,536,000","7,932,000","8,926,000","8,769,000","4,415,000","4,559,000","3,777,000","9,617,000","18,590,000","23,166,000","15,410,000","12,369,000","9,474,000","12,082,000","9,123,000","9,969,000","10,392,000","16,789,000","13,060,000","18,305,000","16,403,000","10,191,000","7,876,000","8,224,000","7,893,000","7,308,000","6,651,000","4,844,000","-16,686,000","-18,928,000","3,943,000"
	PreferredStockDividends,"3,033,000","1,082,000","769,000","631,000","551,000","397,000","215,000","192,000","60,000","238,000","369,000","463,000","455,000","446,000","655,000","361,000","576,000","374,000","438,000","273,000","330,000","300,000","240,000","230,000","201,000","60,000","108,000","103,000","149,000","153,000","277,000","400,000","461,000","455,000","443,000","399,000","385,000","274,000","425,000","293,000","341,000","284,000","373,000","367,000","350,000",,"260,000","335,000",,,,"152,000",,,,,,,,,,,,,,,,,,,,,,,,,,
	OtherunderPreferredStockDividend,,,,,,,,,,,,,,,,,,,,,,,,,,,,,,,,,,,,,,,,,,,,,,,,,,,,,,"123,000",,,,,,,,,,,,,,,,,,,,,,,,
DilutedNIAvailtoComStockholders,"85,964,000","29,542,000","23,064,000","17,400,000","15,958,000","11,404,000","6,080,000","5,427,000","1,132,000","8,523,000","11,954,000","12,404,000","13,141,000","13,533,000","16,646,000","8,918,000","15,788,000","10,589,000","13,791,000","6,951,000","8,119,000","8,222,000","6,631,000","6,417,000","5,750,000","1,438,000","2,617,000","2,580,000","3,667,000","3,878,000","8,427,000","10,569,000","12,208,000","12,442,000","12,711,000","10,350,000","11,640,000","7,374,000",,,,,,,,,,,"7,932,000","8,926,000","9,205,000","4,263,000","4,559,000","3,654,000","9,617,000","18,590,000","23,166,000","15,410,000","12,369,000","9,474,000","12,082,000","9,123,000","9,969,000","10,392,000","16,789,000","13,060,000","18,305,000","16,403,000","10,191,000","7,876,000","8,224,000","7,893,000","7,308,000","6,651,000","4,844,000","-16,686,000","-18,928,000","3,943,000"
BasicEPS,,"0.8",,"0.49","0.46","0.33",,"0.16","0.03","0.25",,"0.35","0.38","0.42",,"0.27","0.49","0.33",,"0.22","0.26","0.27",,"0.21","0.19","0.05",,"0.08","0.12","0.13",,"0.35","0.39","0.41",,"0.34","0.38","0.24",,"0.26","0.27","0.23",,"0.36","0.31","0.24",,"0.3","0.25","0.29",,"0.14","0.16","0.13",,"0.64","0.8","0.53",,"0.33","0.42","0.31",,"0.36","0.58","0.45",,"0.57","0.35","0.27",,"0.29","0.26","0.24",,"-0.6","-0.68","0.18"
DilutedEPS,,"0.8",,"0.49","0.46","0.33",,"0.16","0.03","0.25",,"0.35","0.38","0.42",,"0.27","0.49","0.33",,"0.22","0.26","0.27",,"0.21","0.19","0.05",,"0.08","0.12","0.13",,"0.35","0.39","0.41",,"0.34","0.38","0.24",,"0.26","0.27","0.23",,"0.36","0.31","0.24",,"0.3","0.25","0.29",,"0.14","0.16","0.13",,"0.64","0.8","0.53",,"0.33","0.42","0.31",,"0.36","0.58","0.45",,"0.57","0.35","0.27",,"0.29","0.26","0.24",,"-0.6","-0.68","0.18"
BasicAverageShares,,"36,991,000",,"35,405,000","34,688,000","34,680,000",,"34,680,000","34,680,000","34,680,000",,"34,680,000","34,680,000","32,360,000",,"32,280,000","32,280,000","32,280,000",,"32,280,000","30,693,000","30,675,000",,"30,675,000","30,675,000","30,675,000",,"30,675,000","30,675,000","30,675,000",,"30,675,000","30,675,000","30,675,000",,"30,675,000","30,675,000","30,675,000",,"30,675,000","30,675,000","30,675,000",,"30,675,000","30,675,000","30,675,000",,"30,675,000","30,675,000","29,849,000",,"29,840,000","28,258,000","28,240,000",,"28,240,000","28,240,000","28,240,000",,"28,240,000","28,240,000","28,240,000",,"28,240,000","28,240,000","28,240,000",,"28,240,000","28,240,000","28,240,000",,"27,053,000","27,040,000","27,040,000",,"27,040,000","27,040,000","21,608,414"
DilutedAverageShares,,"36,991,000",,"35,405,000","34,688,000","34,680,000",,"34,680,000","34,680,000","34,680,000",,"34,680,000","34,680,000","32,360,000",,"32,280,000","32,280,000","32,280,000",,"32,280,000","30,693,000","30,675,000",,"30,675,000","30,675,000","30,675,000",,"30,675,000","30,675,000","30,675,000",,"30,675,000","30,675,000","30,675,000",,"30,675,000","30,675,000","30,675,000",,"30,675,000","30,675,000","30,675,000",,"30,675,000","30,675,000","30,675,000",,"30,675,000","30,675,000","29,849,000",,"29,840,000","28,258,000","28,240,000",,"28,240,000","28,240,000","28,240,000",,"28,240,000","28,240,000","28,240,000",,"28,240,000","28,240,000","28,240,000",,"28,240,000","28,240,000","28,240,000",,"27,053,000","27,040,000","27,040,000",,"27,040,000","27,040,000","21,608,414"
TotalOperatingIncomeAsReported,,,,,,,,,,,,,,,,,,,"14,229,000","7,224,000","8,449,000","8,522,000","6,871,000","6,647,000","5,951,000","1,498,000","2,723,000","2,681,000","3,814,000","4,030,000","8,704,000","10,965,000","12,611,000","12,247,000","13,150,000","10,718,000","11,884,000","7,648,000","13,915,000","8,130,000","8,680,000","7,286,000","13,199,000","11,469,000","9,770,000","7,740,000","8,440,000","9,517,000","7,926,000","8,924,000","8,261,000","4,394,000","4,550,000","3,750,000","9,557,000","18,477,000","23,135,000","15,280,000","12,268,000","9,140,000","11,950,000","8,982,000","9,816,000","10,062,000","16,595,000","12,862,000","18,142,000","16,354,000","10,111,000","7,813,000","8,165,000","7,843,000","7,113,000","6,715,000","4,804,000","-16,824,000","-18,980,000","3,865,000"
TotalExpenses,"27,038,000","9,777,000","6,471,000","5,938,000","4,852,000","5,988,000","5,817,000","6,926,000","5,603,000","6,715,000","7,276,000","6,702,000","7,004,000","5,052,000","5,033,000","4,659,000","4,759,000","4,920,000","5,302,000","5,256,000","4,104,000","4,205,000","3,872,000","4,032,000","4,058,000","4,628,000","4,669,000","4,706,000","4,466,000","4,774,000","5,438,000","4,751,000","5,362,000","5,092,000","5,766,000","5,722,000","5,411,000","5,570,000","6,306,000","6,178,000","6,562,000","6,147,000","7,241,000","6,857,000","6,664,000","6,549,000","6,392,000","6,950,000","6,330,000","6,615,000","6,156,000","6,312,000","5,134,000","5,074,000","5,621,000","6,010,000","5,853,000","5,992,000","6,054,000","5,576,000","5,663,000","5,732,000","5,807,000","6,835,000","6,533,000","6,405,000","6,611,000","7,299,000","6,851,000","6,584,000","7,348,000","6,590,000","6,267,000","6,726,000","7,140,000","29,372,000","8,066,000","10,091,000"
NetIncomeFromContinuingAndDiscontinuedOperation,"88,997,000","30,624,000","23,833,000","18,031,000","16,509,000","11,801,000","6,295,000","5,619,000","1,192,000","8,761,000","12,323,000","12,867,000","13,596,000","13,979,000","17,301,000","9,279,000","16,364,000","10,963,000","14,229,000","7,224,000","8,449,000","8,522,000","6,871,000","6,647,000","5,951,000","1,498,000","2,725,000","2,683,000","3,816,000","4,031,000","8,704,000","10,969,000","12,669,000","12,897,000","13,154,000","10,749,000","12,025,000","7,648,000","13,915,000","8,129,000","8,680,000","7,298,000","13,199,000","11,506,000","9,770,000","7,740,000","8,489,000","9,536,000","7,932,000","8,926,000","8,769,000","4,415,000","4,559,000","3,777,000","9,617,000","18,590,000","23,166,000","15,410,000","12,369,000","9,474,000","12,082,000","9,123,000","9,969,000","10,392,000","16,789,000","13,060,000","18,305,000","16,403,000","10,191,000","7,876,000","8,224,000","7,893,000","7,308,000","6,651,000","4,844,000","-16,686,000","-18,928,000","3,943,000"
NormalizedIncome,"88,997,000","30,624,000","23,833,000","18,031,000","16,509,000","11,801,000","6,295,000","5,619,000","1,192,000","8,761,000","12,323,000","12,867,000","13,596,000","13,979,000","17,301,000","9,279,000","16,364,000","10,963,000","14,229,000","7,224,000","8,449,000","8,522,000","6,871,000","6,647,000","5,951,000","1,498,000","2,725,000","2,683,000","3,816,000","4,031,000","8,704,000","10,969,000","12,669,000","12,474,500","13,154,000","10,749,000","12,025,000","7,648,000","13,915,000","8,129,650","8,680,000","7,290,200","13,199,000","11,481,950","9,770,000","7,740,000","8,457,150","9,523,650","7,928,100","8,924,700","8,438,800","4,401,350","4,448,500","3,759,450","9,578,000","18,516,550","23,145,850","15,325,500","12,326,100","9,251,700","11,983,850","9,026,150","9,877,200","10,194,000","16,672,600","13,056,400","18,207,200","16,373,600","10,143,000","7,868,800","7,222,600","7,863,000","7,202,400","6,699,600","2,160,200","-16,768,800","7,697,600","3,896,200"
InterestIncome,,,,,,,,,,,,,,,,,,,"5,308,000","737,000","309,000","1,660,000","1,504,000","1,589,000","1,708,000","23,000","27,000","303,000","217,000","448,000","2,957,000","1,603,000","1,865,000","2,445,000","3,376,000","1,365,000","4,061,000","1,546,000","5,597,000","1,606,000","318,000","426,000","7,027,000","4,405,000","2,014,000","2,079,000","4,017,000","2,358,000",,,,,,,,,,,,,,,,,,"192,000",,,,"51,000",,,"19,000","17,000",,,,
NetInterestIncome,,,,,,,,,,,,,,,,,,,"5,308,000","737,000","309,000","1,660,000","1,504,000","1,589,000","1,708,000","23,000","27,000","303,000","217,000","448,000","2,957,000","1,603,000","1,865,000","2,445,000","3,376,000","1,365,000","4,061,000","1,546,000","5,597,000","1,606,000","318,000","426,000","7,027,000","4,405,000","2,014,000","2,079,000","4,017,000","2,358,000",,,,,,,,,,,,,,,,,,"192,000",,,,"51,000",,,"19,000","17,000",,,,
EBIT,"88,997,000","30,624,000","23,833,000","18,031,000","16,509,000","11,801,000","6,295,000","5,619,000","1,192,000","8,761,000","12,323,000","12,867,000","13,596,000","13,979,000","17,301,000","9,279,000","16,364,000","10,963,000","14,229,000","7,224,000","8,449,000","8,522,000","6,871,000","6,647,000","5,951,000","1,498,000","2,723,000","2,681,000","3,814,000","4,030,000","8,704,000","10,965,000","12,611,000","12,247,000","13,150,000","10,718,000","11,884,000","7,648,000","16,265,000","6,524,000","8,362,000","6,860,000","6,172,000","7,064,000","7,756,000","5,661,000","4,423,000","7,159,000","7,926,000","8,924,000","8,261,000","4,394,000","4,550,000","3,750,000","9,557,000","18,477,000","23,135,000","15,280,000","12,268,000","9,140,000","11,950,000","8,982,000","9,816,000","10,062,000","16,595,000","12,862,000","18,142,000","16,354,000","10,111,000","7,813,000","8,165,000","7,843,000","7,113,000","6,715,000","4,280,000","-16,824,000","3,234,000","3,865,000"
EBITDA,"88,997,000"
ReconciledCostOfRevenue,"21,975,000","7,734,000","5,085,000","5,028,000","4,128,000","3,819,000","3,822,000","4,693,000","4,290,000","4,797,000","5,302,000","5,008,000","5,719,000","3,919,000","3,626,000","3,792,000","3,600,000","3,440,000","4,136,000","4,115,000","2,944,000","2,742,000","2,849,000","2,982,000","3,026,000","2,743,000","3,190,000","3,641,000","3,318,000","3,499,000","3,292,000","3,955,000","4,303,000","3,956,000","4,277,000","4,887,000","4,438,000","4,671,000","17,713,000","1,434,000","1,199,000","1,032,000","1,190,000","1,212,000","1,322,000","1,151,000","924,000","1,100,000","937,000","1,210,000","762,000","1,017,000","844,000","739,000","745,000","1,491,000","1,345,000","1,191,000","1,038,000","838,000","1,023,000","968,000","924,000","1,315,000","969,000","850,000","1,107,000","1,028,000","772,000","701,000","-561,000","687,000","497,000","583,000","-795,000","592,000","534,000","782,000"
ReconciledDepreciation,,,,,,,,,,,,,,,,,,,,,,,,,,,,,,"2,465,000","2,157,000","2,610,000","2,766,000","2,517,000",,,"3,268,000","3,386,000","3,790,000","3,999,000","4,482,000","4,312,000",,"4,817,000","4,581,000","4,242,000",,"5,068,000","4,539,000","4,235,000",,"4,524,000","3,473,000","3,300,000",,"3,775,000","3,648,000","3,790,000","3,910,000","3,963,000","3,873,000","3,821,000","4,162,000","4,787,000","4,813,000","4,708,000","4,697,000","5,659,000","5,365,000","5,137,000","5,369,000","5,103,000","5,022,000","5,301,000","5,396,000","6,600,000","6,672,000","4,971,000"
NetIncomeFromContinuingOperationNetMinorityInterest,"88,997,000","30,624,000","23,833,000","18,031,000","16,509,000","11,801,000","6,295,000","5,619,000","1,192,000","8,761,000","12,323,000","12,867,000","13,596,000","13,979,000","17,301,000","9,279,000","16,364,000","10,963,000","14,229,000","7,224,000","8,449,000","8,522,000","6,871,000","6,647,000","5,951,000","1,498,000","2,725,000","2,683,000","3,816,000","4,031,000","8,704,000","10,969,000","12,669,000","12,897,000","13,154,000","10,749,000","12,025,000","7,648,000","13,915,000","8,129,000","8,680,000","7,298,000","13,199,000","11,506,000","9,770,000","7,740,000","8,489,000","9,536,000","7,932,000","8,926,000","8,769,000","4,415,000","4,559,000","3,777,000","9,617,000","18,590,000","23,166,000","15,410,000","12,369,000","9,474,000","12,082,000","9,123,000","9,969,000","10,392,000","16,789,000","13,060,000","18,305,000","16,403,000","10,191,000","7,876,000","8,224,000","7,893,000","7,308,000","6,651,000","4,844,000","-16,686,000","-18,928,000","3,943,000"
TotalUnusualItemsExcludingGoodwill,,,,,,,,,,,,,,,,,,,,,,,,,,,"2,000","2,000","2,000","1,000","0","4,000","58,000","650,000","4,000","31,000","141,000","0","0","-1,000","0","12,000","0","37,000","0","0","49,000","19,000","6,000","2,000","508,000","21,000","170,000","27,000","60,000","113,000","31,000","130,000","66,000","342,000","151,000","149,000","153,000","330,000","194,000","6,000","163,000","49,000","80,000","12,000","1,669,000","50,000","176,000","-81,000","4,473,000","138,000","-44,376,000","78,000"
TotalUnusualItems,,,,,,,,,,,,,,,,,,,,,,,,,,,"2,000","2,000","2,000","1,000","0","4,000","58,000","650,000","4,000","31,000","141,000","0","0","-1,000","0","12,000","0","37,000","0","0","49,000","19,000","6,000","2,000","508,000","21,000","170,000","27,000","60,000","113,000","31,000","130,000","66,000","342,000","151,000","149,000","153,000","330,000","194,000","6,000","163,000","49,000","80,000","12,000","1,669,000","50,000","176,000","-81,000","4,473,000","138,000","-44,376,000","78,000"
NormalizedEBITDA,"88,997,000","30,624,000","23,833,000","18,031,000","16,509,000","11,801,000","6,295,000","5,619,000","1,192,000","8,761,000","12,323,000","12,867,000","13,596,000","13,979,000","17,301,000","9,279,000","16,364,000","10,963,000","14,229,000","7,224,000","8,449,000","8,522,000","6,871,000","6,647,000","5,951,000","1,498,000","2,723,000","2,681,000","3,814,000","4,030,000","8,704,000","10,965,000","12,611,000","11,597,000","13,150,000","10,718,000","11,884,000","7,648,000","16,265,000","10,524,000","12,844,000","11,160,000","10,880,000","11,844,000","12,337,000","9,903,000","8,520,000","12,208,000","12,459,000","13,157,000","12,055,000","8,897,000","7,853,000","7,023,000","13,023,000","22,139,000","26,752,000","18,940,000","16,112,000","12,761,000","15,672,000","12,654,000","13,825,000","14,519,000","21,214,000","17,564,000","22,676,000","21,964,000","15,396,000","12,938,000","11,865,000","12,896,000","11,959,000","12,097,000","5,203,000","-10,362,000","54,282,000","8,758,000"
TaxRateForCalcs,"0.4","0.4","0.27","0.27","0.27","0.27","0.27","0.27","0.27","0.27","0.27","0.27","0.27","0.27","0.27","0.27","0.27","0.27","0.4","0.4","0.4","0.4","0.4","0.4","0.4","0.4","0.4","0.4","0.4","0.4","0.35","0.35","0.35","0.35","0.35","0.35","0.35","0.35","0.35","0.35","0.35","0.35","0.35","0.35","0.35","0.35","0.35","0.35","0.35","0.35","0.35","0.35","0.35","0.35","0.35","0.35","0.35","0.35","0.35","0.35","0.35","0.35","0.4","0.4","0.4","0.4","0.4","0.4","0.4","0.4","0.4","0.4","0.4","0.4","0.4","0.4","0.4","0.4"
TaxEffectOfUnusualItems,"0","0","0","0","0","0","0","0","0","0","0","0","0","0","0","0","0","0","0","0","0","0","0","0","0","0","0","0","0","0","0","0","0","227,500","0","0","0","0","0","-350","0","4,200","0","12,950","0","0","17,150","6,650","2,100","700","177,800","7,350","59,500","9,450","21,000","39,550","10,850","45,500","23,100","119,700","52,850","52,150","61,200","132,000","77,600","2,400","65,200","19,600","32,000","4,800","667,600","20,000","70,400","-32,400","1,789,200","55,200","-17,750,400","31,200"