name,ttm,03/31/2022,12/31/2021,09/30/2021,06/30/2021,03/31/2021,12/31/2020,09/30/2020,06/30/2020,03/31/2020,12/31/2019,09/30/2019,06/30/2019,03/31/2019,12/31/2018,09/30/2018,06/30/2018,03/31/2018,12/31/2017,09/30/2017,06/30/2017,03/31/2017,12/31/2016,09/30/2016,06/30/2016,03/31/2016,12/31/2015,09/30/2015,06/30/2015,03/31/2015,12/31/2014,09/30/2014,06/30/2014,03/31/2014,12/31/2013,09/30/2013,06/30/2013,03/31/2013,12/31/2012,09/30/2012,08/31/2012,06/30/2012,03/31/2012,12/31/2011,09/30/2011,06/30/2011,03/31/2011,12/31/2010,09/30/2010,06/30/2010,03/31/2010,12/31/2009,09/30/2009,06/30/2009,03/31/2009,12/31/2008,09/30/2008,06/30/2008,03/31/2008,12/31/2007,09/30/2007,06/30/2007,03/31/2007,12/31/2006,09/30/2006,06/30/2006,03/31/2006,12/31/2005,09/30/2005,06/30/2005,03/31/2005
TotalRevenue,"691,030,000","196,833,000","189,934,000","179,472,000","124,791,000","72,937,000","59,047,000","50,067,000","20,379,000","169,995,000","237,519,000","240,279,000","257,918,000","202,375,000","223,407,000","220,818,000","237,949,000","181,530,000","207,037,000","223,486,000","243,272,000","196,210,000","206,621,000","220,239,000","256,664,000","213,034,000","233,798,000","238,502,000","249,801,000","208,888,000","223,627,000","229,217,000","229,934,000","190,084,000","183,557,000","210,643,000","224,184,000","181,303,000","266,402,000","183,873,000","183,873,000","185,547,000","121,422,000","167,462,000","178,995,000","169,505,000","122,266,000","209,306,000","151,113,000","151,125,000","112,828,000","175,731,000","137,800,000","143,607,000","118,544,000","217,959,000","161,395,000","181,016,000","132,863,000","229,643,000","168,011,000","179,544,000","133,735,000","168,901,674","114,898,840","124,967,336","83,122,150","104,178,765","65,407,001","33,515,716","26,348,781"
	OperatingRevenue,"630,378,000","177,918,000","174,694,000","165,256,000","112,510,000","64,337,000","50,707,000","42,752,000","16,137,000","155,706,000","222,216,000","224,737,000","242,343,000","187,118,000","210,073,000","208,672,000","226,630,000","169,770,000","195,485,000","210,641,000","230,245,000","182,610,000","194,816,000","207,227,000","243,520,000","199,817,000","221,360,000","225,785,000","237,636,000","196,970,000","211,779,000","216,551,000","217,270,000","178,347,000","173,070,000","197,668,000","211,492,000","169,563,000","223,255,000","183,873,000","173,369,000","185,547,000","121,422,000","167,462,000","178,995,000","169,505,000","122,266,000","209,306,000","151,113,000","151,125,000","112,828,000","175,731,000","137,800,000","143,607,000","118,544,000","217,959,000","161,395,000","181,016,000","132,863,000","229,643,000","168,011,000","179,544,000","133,735,000","168,901,674","114,898,840","124,967,336","83,122,150","104,178,765","65,407,001","33,515,716","26,348,781"
CostOfRevenue,"496,032,000","137,560,000","139,761,000","125,798,000","92,913,000","74,324,000","68,433,000","75,031,000","52,578,000","144,583,000","167,954,000","162,259,000","160,697,000","147,448,000","151,889,000","149,557,000","161,537,000","136,517,000","139,495,000","150,508,000","153,237,000","138,026,000","135,841,000","142,992,000","158,046,000","150,993,000","155,143,000","157,916,000","154,894,000","150,516,000","150,125,000","150,376,000","148,229,000","145,081,000","130,149,000","150,288,000","151,864,000","139,715,000","181,666,000","129,534,000","129,534,000","127,744,000","97,726,000","118,320,000","128,718,000","119,955,000","97,471,000","147,382,000","113,126,000","107,938,000","89,427,000","133,879,000","103,141,000","103,810,000","92,587,000","152,664,000","112,499,000","117,815,000","50,088,000","152,980,000","114,074,000","115,872,000","48,889,000","114,632,619","80,456,332","81,619,727","58,631,322","81,880,775","51,570,548","25,236,567","22,581,368"
GrossProfit,"194,998,000","59,273,000","50,173,000","53,674,000","31,878,000","-1,387,000","-9,386,000","-24,964,000","-32,199,000","25,412,000","69,565,000","78,020,000","97,221,000","54,927,000","71,518,000","71,261,000","76,412,000","45,013,000","67,542,000","72,978,000","90,035,000","58,184,000","70,780,000","77,247,000","98,618,000","62,041,000","78,655,000","80,586,000","94,907,000","58,372,000","73,502,000","78,841,000","81,705,000","45,003,000","53,408,000","60,355,000","72,320,000","41,588,000","84,736,000","54,339,000","54,339,000","57,803,000","23,696,000","49,142,000","50,277,000","49,550,000","24,795,000","61,924,000","37,987,000","43,187,000","23,401,000","41,852,000","34,659,000","39,797,000","25,957,000","65,295,000","48,896,000","63,201,000","82,775,000","76,663,000","53,937,000","63,672,000","84,846,000","54,269,055","34,442,508","43,347,609","24,490,828","22,297,990","13,836,453","8,279,149","3,767,413"
OperatingExpense,"171,021,000","42,518,000","46,484,000","43,011,000","39,008,000","37,687,000","41,063,000","36,839,000","36,324,000","44,930,000","53,394,000","48,774,000","51,263,000","47,259,000","44,374,000","36,989,000","40,475,000","37,521,000","41,778,000","36,548,000","39,362,000","36,637,000","37,029,000","35,944,000","40,513,000","37,730,000","40,364,000","38,717,000","40,808,000","35,948,000","38,407,000","40,025,000","38,275,000","35,604,000","34,768,000","38,364,000","39,831,000","39,559,000","52,336,000","34,583,000","34,583,000","32,188,000","28,143,000","33,198,000","35,468,000","33,042,000","28,829,000","43,095,000","30,325,000","28,453,000","25,330,000","38,953,000","27,448,000","28,388,000","25,813,000","38,991,000","28,342,000","29,462,000","71,064,000","37,039,000","27,568,000","28,851,000","68,813,000","31,607,186","20,036,384","19,505,038","14,530,392","14,579,610","9,822,283","10,278,293","6,371,576"
	SellingGeneralAndAdministration,"46,337,000","10,053,000","14,258,000","11,445,000","10,581,000","8,278,000","12,015,000","6,512,000","6,748,000","9,034,000","16,118,000","12,406,000","14,720,000","12,404,000","17,154,000","10,620,000","14,442,000","12,619,000","17,719,000","11,465,000","13,777,000","12,274,000","13,316,000","12,339,000","15,508,000","12,609,000","14,239,000","13,610,000","15,234,000","11,611,000","14,333,000","14,698,000","13,149,000","10,481,000","11,153,000","12,110,000","12,638,000","12,725,000","14,986,000","11,971,000","11,971,000","11,617,000","7,625,000","12,774,000","11,667,000","11,360,000","7,477,000","13,909,000","9,028,000","9,379,000","6,423,000","13,536,000","8,582,000","8,659,000","7,096,000","13,153,000","10,085,000","11,393,000","54,377,000","13,917,000","10,078,000","11,208,000","52,752,000","13,167,361","7,239,542","7,426,813","5,483,284","3,061,902","2,452,887","5,937,309","2,009,430"
		GeneralAndAdministrativeExpense,"46,337,000","10,053,000","14,258,000","11,445,000","10,581,000","8,278,000","12,015,000","6,512,000","6,748,000","9,034,000","16,118,000","12,406,000","14,720,000","12,404,000","17,154,000","10,620,000","14,442,000","12,619,000","17,719,000","11,465,000","13,777,000","12,274,000","13,316,000","12,339,000","15,508,000","12,609,000","14,239,000","13,610,000","15,234,000","11,611,000","14,333,000","14,698,000","13,149,000","10,481,000","11,153,000","12,110,000","12,638,000","12,725,000",,,"11,971,000",,,,,,,,,,,,,,,,,,,,,,,,,,,,,,
			OtherGandA,"46,337,000","10,053,000","14,258,000","11,445,000","10,581,000","8,278,000","12,015,000","6,512,000","6,748,000","9,034,000","16,118,000","12,406,000","14,720,000","12,404,000","17,154,000","10,620,000","14,442,000","12,619,000","17,719,000","11,465,000","13,777,000","12,274,000","13,316,000","12,339,000","15,508,000","12,609,000","14,239,000","13,610,000","15,234,000","11,611,000","14,333,000","14,698,000","13,149,000","10,481,000","11,153,000","12,110,000","12,638,000","12,725,000",,,"11,971,000",,,,,,,,,,,,,,,,,,,,,,,,,,,,,,
	DepreciationAmortizationDepletionIncomeStatement,"102,656,000","26,655,000","25,754,000","25,555,000","24,692,000","26,962,000","27,319,000","28,514,000","28,783,000","30,100,000","30,305,000","29,474,000","29,335,000","28,996,000","27,220,000","26,369,000","26,033,000","24,902,000","24,059,000","25,083,000","25,585,000","24,363,000","23,713,000","23,605,000","25,005,000","25,121,000","26,125,000","25,107,000","25,574,000","24,337,000","24,074,000","25,327,000","25,126,000","25,123,000","23,615,000","26,254,000","27,193,000","26,834,000","37,350,000","22,612,000","22,612,000","20,571,000","20,518,000","20,424,000","23,801,000","21,682,000","21,352,000","29,186,000","21,297,000","19,074,000","18,907,000","25,417,000","18,866,000","19,729,000","18,717,000","25,143,000","18,257,000","18,069,000","16,687,000","23,122,000","17,490,000","17,643,000","16,061,000","18,439,825","12,796,842","12,078,225","9,047,108","11,517,708","7,369,396","4,340,984","4,362,146"
		DepreciationAndAmortizationInIncomeStatement,"102,656,000","26,655,000","25,754,000","25,555,000","24,692,000","26,962,000","27,319,000","28,514,000","28,783,000","30,100,000","30,305,000","29,474,000","29,335,000","28,996,000","27,220,000","26,369,000","26,033,000","24,902,000","24,059,000","25,083,000","25,585,000","24,363,000","23,713,000","23,605,000","25,005,000","25,121,000","26,125,000","25,107,000","25,574,000","24,337,000","24,074,000","25,327,000","25,126,000","25,123,000","23,615,000","26,254,000","27,193,000","26,834,000","37,350,000","22,612,000","22,612,000","20,571,000","20,518,000","20,424,000","23,801,000",,,"29,186,000","21,297,000","19,074,000","18,907,000","25,417,000","18,866,000","19,729,000","18,717,000","25,143,000","18,257,000","18,069,000","16,687,000","23,122,000","17,490,000","17,643,000","16,061,000","18,439,825","12,796,842","12,078,225","9,047,108","11,517,708","7,369,396","4,340,984","4,362,146"
	OtherOperatingExpenses,"22,028,000","5,810,000","6,472,000","6,011,000","3,735,000","2,447,000","1,729,000","1,813,000","793,000","5,796,000","6,971,000","6,894,000","7,208,000","5,859,000",,,,,,,,,,,,,,,,,,,,,,,,,,,,,,,,,,,,,,,,,,,,,,,,,,,,,,,,,
OperatingIncome,"23,977,000","16,755,000","3,689,000","10,663,000","-7,130,000","-39,074,000","-50,449,000","-61,803,000","-68,523,000","-19,518,000","16,171,000","29,246,000","45,958,000","7,668,000","27,144,000","34,272,000","35,937,000","7,492,000","25,764,000","36,430,000","50,673,000","21,547,000","33,751,000","41,303,000","58,105,000","24,311,000","38,291,000","41,869,000","54,099,000","22,424,000","35,095,000","38,816,000","43,430,000","9,399,000","18,640,000","21,991,000","32,489,000","2,029,000","32,400,000","19,756,000","19,756,000","25,615,000","-4,447,000","15,944,000","14,809,000","16,508,000","-4,034,000","18,829,000","7,662,000","14,734,000","-1,929,000","2,899,000","7,211,000","11,409,000","144,000","26,304,000","20,554,000","33,739,000","11,711,000","39,624,000","26,369,000","34,821,000","16,033,000","22,661,869","14,406,124","23,842,571","9,960,436","7,718,380","4,014,170","-1,999,144","-2,604,163"
NetNonOperatingInterestIncomeExpense,"-36,938,000","-11,886,000","-2,856,000","-11,011,000","-11,285,000","-8,328,000","-21,146,000","-11,609,000","-11,479,000","-21,617,000","-7,633,000","-14,082,000","-12,313,000","-11,359,000","-10,208,000","-9,612,000","-9,978,000","-9,366,000","-8,794,000","-9,320,000","-9,393,000","-9,154,000","-9,182,000","-9,171,000","-11,006,000","-11,614,000","-9,586,000","-12,781,000","-12,611,000","-13,091,000","-14,251,000","-14,485,000","-93,000","-12,873,000","-13,044,000","-12,811,000","-12,797,000","-12,298,000","-17,032,000","-12,672,000","-12,672,000","-12,356,000","-11,405,000","-8,294,000","-13,581,000","-12,072,000","-10,845,000","-14,922,000","-10,957,000","-10,803,000","-8,045,000","-17,833,000","-11,008,000","-10,985,000","-11,415,000",,,,,,,,,,,,,,,,
	InterestIncomeNonOperating,,,"487,000",,"315,000","156,000","449,000","191,000","150,000",,"687,000","102,000","105,000","303,000","378,000","621,000","296,000","511,000","897,000","372,000","192,000","359,000","311,000","333,000","68,000","50,000","174,000","35,000","60,000","90,000","261,000","156,000","957,000","1,652,000","1,724,000","1,660,000","1,659,000","1,285,000","29,000","60,000","60,000","154,000","63,000","24,000","24,000","268,000","298,000","147,000","283,000","286,000","81,000","103,000","82,000","101,000","83,000",,,,,,,,,,,,,,,,
	InterestExpenseNonOperating,"37,629,000","11,186,000","5,243,000","10,411,000","10,800,000","8,484,000","23,137,000","11,300,000","11,629,000","21,617,000","8,320,000","14,184,000","12,418,000","11,662,000","10,586,000","10,233,000","10,274,000","9,877,000","9,691,000","9,692,000","9,585,000","9,513,000","9,493,000","9,504,000","11,074,000","11,664,000","13,721,000","12,907,000","12,838,000","13,219,000","14,462,000","14,691,000","14,600,000","14,525,000","14,768,000","14,471,000","14,456,000","13,583,000","17,061,000","12,732,000","12,732,000","12,510,000","11,468,000","8,318,000","13,605,000","12,340,000","11,143,000","15,069,000","11,240,000","11,089,000","8,126,000","17,936,000","11,090,000","11,086,000","11,498,000",,,,,,,,,,,,,,,,
	TotalOtherFinanceCost,,"700,000",,"600,000","800,000",,,"500,000",,,,,,,,,,,,,,,,,,,"-3,961,000","-91,000","-167,000","-38,000","50,000","-50,000","-13,550,000",,,,,,,,,,,,,,,,,,,,,,,,,,,,,,,,,,,,,,
OtherIncomeExpense,"818,000","5,156,000","-1,993,000","900,000","-3,245,000","-122,552,000","-157,282,000","1,000,000",,,"146,134,000","-2,373,000",,"8,822,000","7,232,000","9,957,000","2,000,000","6,027,000","8,990,000","-2,112,000","-296,000","-2,251,000","379,000","2,198,000","8,121,000",,"-4,000","-453,000","-9,935,000","-1,018,000","47,204,000","23,210,000","12,897,000","663,000","-1,446,000","-23,000","-14,000",,"-246,000","-38,690,000","-38,690,000","-2,467,000","111,000","83,000","-445,000","-1,904,000","-256,000","-200,000","-899,000",,,"-1,256,000",,"-1,286,000",,,,,,"0","359,000",,,,,,,,,,
	GainOnSaleOfSecurity,,"7,500,000",,"900,000","900,000",,,"1,000,000",,,,,,,,,,,"-764,000",,,,"379,000","2,198,000","8,121,000",,,,,,"49,718,000","-40,000","1,290,000",,,,,,,,,,,,,,,,,,,,,,,,,,,,,,,,,,,,,,
	SpecialIncomeCharges,"-5,784,000","-2,344,000","705,000","0","-4,145,000","-122,552,000","-171,912,000","0","0","0","144,192,000","-2,373,000","0","8,822,000","3,119,000","9,957,000","2,000,000","6,027,000","3,199,000","-2,112,000","-296,000","-2,251,000","0",,"0","0","-4,000","-453,000","-9,935,000","-1,018,000","-2,514,000","23,250,000","11,607,000","663,000","-1,446,000","-23,000","-14,000","0","-246,000","-38,690,000","-38,690,000","-2,467,000","111,000","83,000","-445,000","-1,904,000","-256,000","-200,000","-899,000","0",,"-1,256,000","0","-1,286,000","0",,,,,"0","359,000",,,,,,,,,,
		RestructuringAndMergernAcquisition,,,,,,,,,,,,,,,"0","0",,"0","0","-245,000","22,000","2,251,000","0",,"0","0","4,000","453,000","260,000","232,000","898,000","-22,696,000",,,"-46,000","23,000","14,000",,"246,000","8,314,000","8,314,000","1,999,000","33,000","-83,000","445,000","1,904,000","256,000","200,000","899,000",,,,,,,,,,,,,,,,,,,,,,
		ImpairmentOfCapitalAssets,,,,,,,"174,120,000",,,,,,,,"0","0",,,"852,000","2,357,000",,,"0",,"0","0","0","0","9,675,000","786,000",,,,,"0","0","0",,"0","30,376,000","30,376,000","468,000",,,,,,"0","0","0",,"1,256,000","0","1,286,000",,,,,,,,,,,,,,,,,
		WriteOff,"6,988,000","2,843,000","0","0","4,145,000","122,552,000","174,120,000",,,,,,,,"0","0",,,"852,000","2,357,000",,,"0",,"0","0","0","0","9,675,000","786,000",,,,,"0","0","0",,,,"30,376,000",,,,,,,,,,,,,,,,,,,,,,,,,,,,,,
		OtherSpecialCharges,,"-499,000","-705,000",,,,"-2,208,000",,,,"-144,192,000","2,373,000",,"-8,822,000","-3,119,000","-9,957,000","-2,000,000","-6,027,000","-4,051,000",,"274,000",,,,,,,,,,"1,616,000","-554,000","-11,607,000","-663,000","1,492,000",,,,"0",,,,"-144,000",,,,,,,,,,,,,,,,,,,,,,,,,,,,
PretaxIncome,"-12,178,000","10,006,000","-1,114,000","600,000","-21,670,000","-169,954,000","-228,912,000","-72,430,000","-80,002,000","-41,135,000","154,672,000","12,791,000","33,645,000","5,131,000","24,168,000","34,617,000","27,959,000","4,153,000","25,960,000","24,998,000","40,984,000","10,142,000","24,948,000","34,330,000","55,220,000","12,697,000","28,701,000","28,635,000","31,553,000","8,315,000","68,048,000","47,541,000","56,234,000","-2,811,000","4,150,000","9,157,000","19,678,000","-10,269,000","15,122,000","-31,606,000","-31,606,000","10,792,000","-15,741,000","7,733,000","783,000","2,532,000","-15,135,000","3,707,000","-4,194,000","3,931,000","-9,974,000","-16,190,000","-3,797,000","-862,000","-11,271,000","10,239,000","9,218,000","-22,641,000","1,454,000","23,907,000","15,511,000","23,608,000","5,135,000","11,888,017","6,644,413","15,725,470","4,336,100","1,325,896","512,122","-5,345,565","-5,181,654"
TaxProvision,"1,600,000","-54,000","1,834,000","2,371,000","-2,551,000","1,613,000","-20,599,000","7,205,000","-6,615,000","-6,443,000","20,089,000","1,217,000","4,571,000","-3,849,000","162,000","3,174,000","-50,000","-185,000","1,188,000","3,375,000","4,389,000","1,255,000","1,042,000","4,393,000","11,045,000","-4,081,000","2,999,000","4,171,000","6,731,000","-2,326,000","4,433,000","3,733,000","4,318,000","-6,848,000","-169,000","593,000","4,606,000","-6,143,000","-1,166,000","-916,000","-916,000","1,848,000","-5,774,000","2,860,000","1,798,000","3,088,000","-4,091,000","1,839,000","-660,000","3,092,000","-1,628,000","-7,175,000","-4,558,000","-3,319,000","-5,978,000","-3,546,000","-2,994,000","886,000","-3,723,000","4,181,000","-357,000","3,095,000","-1,655,000","1,410,508","173,616","1,828,790","-29,914","-227,762","-1,684,346","478,990","79,857"
NetIncomeCommonStockholders,"-23,526,000","7,574,000","-5,394,000","-4,219,000","-21,487,000","-173,301,000","-209,897,000","-80,437,000","-72,782,000","-34,559,000","134,053,000","11,529,000","28,960,000","8,945,000","23,994,000","31,443,000","28,009,000","4,338,000","24,772,000","21,623,000","36,595,000","8,887,000","23,906,000","29,937,000","44,175,000","16,778,000","25,702,000","24,464,000","24,822,000","10,641,000","63,615,000","43,808,000","51,916,000","4,037,000","29,556,000","8,564,000","15,072,000","-4,126,000","16,627,000","-44,779,000","-44,779,000","8,944,000","2,615,000","4,935,000","-1,015,000","-556,000","-11,044,000","1,868,000","-3,534,000","839,000","-8,346,000","-9,015,000","761,000","2,457,000","-5,293,000","13,785,000","12,212,000","21,755,000","5,177,000","25,138,000","15,868,000","20,513,000","6,790,000","10,477,509","6,470,797","13,896,680","4,366,014","1,553,658","2,196,468","-5,824,555","-5,261,511"
	NetIncome,"-13,709,000","10,028,000","-2,939,000","-1,765,000","-19,033,000","-170,847,000","-207,442,000","-79,592,000","-72,782,000","-34,559,000","134,053,000","11,529,000","28,960,000","8,945,000","23,994,000","31,443,000","28,009,000","4,338,000","24,772,000","21,623,000","36,595,000","8,887,000","23,906,000","29,937,000","44,175,000","16,778,000","25,702,000","24,464,000","24,822,000","10,641,000","63,615,000","43,808,000","51,916,000","4,037,000","29,556,000","8,564,000","15,072,000","-4,126,000","16,627,000","-44,779,000","-44,779,000","8,944,000","2,615,000","4,935,000","-1,015,000","-556,000","-11,044,000","1,868,000","-3,534,000","839,000","-8,346,000","-9,015,000","761,000","2,457,000","-5,293,000","13,785,000","12,212,000","21,755,000","5,177,000","25,138,000","15,868,000","20,513,000","6,790,000","10,477,509","6,470,797","13,896,680","4,366,014","1,553,658","2,196,468","-5,824,555","-5,261,511"
		NetIncomeIncludingNoncontrollingInterests,"-13,778,000","10,060,000","-2,948,000","-1,771,000","-19,119,000","-171,567,000","-208,313,000","-79,635,000","-73,387,000","-34,692,000","134,583,000","11,574,000","29,074,000","8,980,000","24,006,000","31,443,000","28,009,000","4,338,000","24,772,000","21,623,000","36,595,000","8,887,000","23,906,000","29,937,000","44,175,000","16,778,000","25,702,000","24,464,000","24,822,000","10,641,000","63,615,000","43,808,000","51,916,000","4,037,000","29,556,000","8,564,000","15,072,000","-4,126,000","16,627,000","-44,779,000","-44,779,000","8,944,000","2,615,000","4,935,000","-1,015,000","-556,000","-11,044,000","1,868,000","-3,534,000","839,000","-8,346,000","-9,015,000","761,000","2,457,000","-5,293,000","13,785,000","12,212,000","21,755,000","5,177,000","25,138,000","15,868,000","20,513,000","6,790,000","10,477,509","6,470,797","13,896,680","4,366,014","1,553,658","2,196,468","-5,824,555","-5,261,511"
			NetIncomeContinuousOperations,"-13,778,000","10,060,000","-2,948,000","-1,771,000","-19,119,000","-171,567,000","-208,313,000","-79,635,000","-73,387,000","-34,692,000","134,583,000","11,574,000","29,074,000","8,980,000","24,006,000","31,443,000","28,009,000","4,338,000","24,772,000","21,623,000","36,595,000","8,887,000","23,906,000","29,937,000","44,175,000","16,778,000","25,702,000","24,464,000","24,822,000","10,641,000","63,615,000","43,808,000","51,916,000","4,037,000","4,319,000","8,564,000","15,072,000","-4,126,000","16,288,000","-30,690,000","-30,690,000","8,944,000","-9,967,000","4,873,000","-1,015,000","-556,000","-11,044,000","1,868,000","-3,534,000","839,000","-8,346,000","-9,015,000","761,000","2,457,000","-5,293,000","13,785,000","12,212,000","21,755,000","5,177,000","19,726,000","15,868,000","20,513,000","6,790,000","10,477,509","6,470,797","13,896,680","4,366,014","1,553,658","2,196,468","-5,824,555","-5,261,511"
			NetIncomeDiscontinuousOperations,,,,,,,,,,,,,,,,,,,,,,,,,,,,,,,"0","0","0","0","25,237,000","0","0","0","339,000","-14,089,000","-14,089,000","0","12,582,000",,,,,,,,,,,,,,,,,,,,,,,,,,,,
		MinorityInterests,"69,000","-32,000","9,000","6,000","86,000","720,000","871,000","43,000","605,000","133,000","-530,000","-45,000","-114,000","-35,000","-12,000",,,,,,,,,,,,,,,,,,,,,,,,,,,,,,,,,,,,,,,,,,,,,,,,,,,,,,,,
	PreferredStockDividends,"9,817,000","2,454,000","2,455,000","2,454,000","2,454,000","2,454,000","2,455,000","845,000",,,,,,,,,,,,,,,,,,,,,,,,,,,,,,,,,,,,,,,,,,,,,,,,,,,,,,,,,,,,,,,
	OtherunderPreferredStockDividend,,,,,,,"0","0","0",,,,,,,,,,,,,,,,,,,,,,,,,,,,,,,,,,,,,,,,,,,,,,,,,,,,,,,,,,,,,,
DilutedNIAvailtoComStockholders,"-23,526,000","7,574,000","-5,394,000","-4,219,000","-21,487,000","-173,301,000","-209,897,000","-80,437,000","-72,782,000","-34,559,000","134,053,000","11,529,000","28,960,000","8,945,000","23,994,000","31,443,000","28,009,000","4,338,000","24,772,000","21,623,000","36,595,000","8,887,000","23,906,000","29,937,000","44,175,000","16,778,000","25,702,000","24,464,000","24,822,000","10,641,000","63,615,000","43,808,000","51,916,000","4,037,000","29,556,000","8,564,000","15,072,000","-4,126,000","16,627,000","-44,779,000","-44,779,000","8,944,000","2,615,000","4,935,000","-1,015,000","-556,000","-11,044,000","1,868,000","-3,534,000","839,000","-8,346,000","-9,015,000","761,000","2,457,000","-5,293,000","13,785,000","12,212,000","21,755,000","5,177,000","25,138,000","15,868,000","20,513,000","6,790,000","10,477,509","6,470,797","13,896,680","4,366,014","1,553,658","2,196,468","-5,824,555","-5,261,511"
BasicEPS,,"0.04",,"-0.02","-0.1","-0.82",,"-0.4","-0.36","-0.17",,"0.06","0.14","0.04",,"0.15","0.14","0.02",,"0.11","0.18","0.04",,"0.15","0.22","0.08",,"0.12","0.12","0.05",,"0.22","0.27","0.02",,"0.04","0.08","-0.02",,"-0.24","-0.24","0.05","0.02",,"-0.01","0","-0.07",,"-0.02","0.01","-0.07",,"0.01","0.02","-0.06",,"0.13","0.23","0.05",,"0.17","0.21","0.07",,"0.09","0.2","0.08",,"0.04","-0.2","-0.25"
DilutedEPS,,"0.04",,"-0.02","-0.1","-0.82",,"-0.4","-0.36","-0.17",,"0.06","0.14","0.04",,"0.15","0.14","0.02",,"0.11","0.18","0.04",,"0.15","0.22","0.08",,"0.12","0.12","0.05",,"0.22","0.26","0.02",,"0.04","0.08","-0.02",,"-0.24","-0.24","0.05","0.02",,"-0.01","0","-0.07",,"-0.02","0.01","-0.07",,"0.01","0.02","-0.06",,"0.13","0.23","0.05",,"0.17","0.21","0.07",,"0.09","0.2","0.08",,"0.04","-0.2","-0.25"
BasicAverageShares,,"212,491,561",,"212,256,590","211,966,308","211,671,581",,"200,978,327","200,797,317","201,207,835",,"201,448,348","202,405,507","202,817,124",,"208,758,945","203,574,282","201,145,014",,"200,834,910","200,810,323","200,654,092",,"201,297,846","201,273,767","200,992,875",,"200,852,072","200,830,064","200,645,518",,"195,796,772","195,776,924","195,623,959",,"195,546,384","195,515,328","195,301,268",,"187,010,360","187,010,360","167,968,579","167,666,741",,"167,431,622","167,404,379","163,997,743",,"154,585,849","137,759,886","127,747,674",,"110,426,611","104,194,871","90,551,505",,"93,938,462","94,586,957","95,173,458",,"93,341,176","97,680,952","97,000,000",,"70,686,905","69,483,400","51,207,861",,"51,199,375","21,020,100","21,020,100"
DilutedAverageShares,,"213,150,818",,"212,256,590","211,966,308","211,671,581",,"200,978,327","200,797,317","201,207,835",,"201,992,289","202,900,639","203,537,829",,"209,597,037","204,516,142","201,775,832",,"201,424,400","201,741,394","201,837,582",,"201,739,604","201,827,384","201,595,461",,"201,167,659","201,142,747","201,122,233",,"196,434,773","196,246,718","196,405,055",,"195,860,361","195,694,283","195,301,268",,"187,010,360","187,010,360","168,326,042","168,172,549",,"167,431,622","167,404,379","163,997,743",,"154,585,849","137,759,886","127,747,674",,"111,302,346","104,861,792","90,551,505",,"93,938,462","94,586,957","95,288,253",,"93,341,176","97,680,952","97,000,000",,"70,797,303","69,483,400","51,674,191",,"51,561,194","21,020,100","21,020,100"
TotalOperatingIncomeAsReported,,,,,,,,,,,,,,,,"44,229,000","37,937,000","13,519,000","35,518,000","34,318,000","50,651,000","19,296,000","33,751,000","41,303,000","58,105,000","24,311,000","38,287,000","41,416,000","44,164,000","21,406,000","34,197,000","38,172,000","55,037,000","10,062,000","18,686,000","21,968,000","32,475,000","2,029,000","32,154,000","-18,934,000","-18,934,000","23,148,000","-4,480,000","16,027,000","14,364,000","14,604,000","-4,290,000","18,629,000","6,763,000","14,734,000","-1,929,000","1,643,000","7,211,000","10,123,000","144,000","26,304,000","20,554,000","33,739,000","11,711,000","39,624,000","26,369,000","34,821,000","16,033,000","22,661,869","14,406,124","23,842,571","9,960,436","7,718,380","4,014,170","-1,999,144","-2,604,163"
TotalExpenses,"667,053,000","180,078,000","186,245,000","168,809,000","131,921,000","112,011,000","109,496,000","111,870,000","88,902,000","189,513,000","221,348,000","211,033,000","211,960,000","194,707,000","196,263,000","186,546,000","202,012,000","174,038,000","181,273,000","187,056,000","192,599,000","174,663,000","172,870,000","178,936,000","198,559,000","188,723,000","195,507,000","196,633,000","195,702,000","186,464,000","188,532,000","190,401,000","186,504,000","180,685,000","164,917,000","188,652,000","191,695,000","179,274,000","234,002,000","164,117,000","164,117,000","159,932,000","125,869,000","151,518,000","164,186,000","152,997,000","126,300,000","190,477,000","143,451,000","136,391,000","114,757,000","172,832,000","130,589,000","132,198,000","118,400,000","191,655,000","140,841,000","147,277,000","121,152,000","190,019,000","141,642,000","144,723,000","117,702,000","146,239,805","100,492,716","101,124,765","73,161,714","96,460,385","61,392,831","35,514,860","28,952,944"
NetIncomeFromContinuingAndDiscontinuedOperation,"-13,709,000","10,028,000","-2,939,000","-1,765,000","-19,033,000","-170,847,000","-207,442,000","-79,592,000","-72,782,000","-34,559,000","134,053,000","11,529,000","28,960,000","8,945,000","23,994,000","31,443,000","28,009,000","4,338,000","24,772,000","21,623,000","36,595,000","8,887,000","23,906,000","29,937,000","44,175,000","16,778,000","25,702,000","24,464,000","24,822,000","10,641,000","63,615,000","43,808,000","51,916,000","4,037,000","29,556,000","8,564,000","15,072,000","-4,126,000","16,627,000","-44,779,000","-44,779,000","8,944,000","2,615,000","4,935,000","-1,015,000","-556,000","-11,044,000","1,868,000","-3,534,000","839,000","-8,346,000","-9,015,000","761,000","2,457,000","-5,293,000","13,785,000","12,212,000","21,755,000","5,177,000","25,138,000","15,868,000","20,513,000","6,790,000","10,477,509","6,470,797","13,896,680","4,366,014","1,553,658","2,196,468","-5,824,555","-5,261,511"
NormalizedIncome,"-13,118,600","6,934,400","-168,650","-2,422,000","-16,170,002.538","-81,384,040","-61,282,918.973","-80,322,000","-72,782,000","-34,559,000","8,588,844.005","13,676,220.858","28,960,000","2,504,940","20,895,906.902","22,398,947.916","26,549,000","-61,710","22,448,432.203","23,449,857.189","36,859,301.191","10,859,454.841","23,542,829.646","28,020,264.608","37,678,347.066","16,778,000","25,705,582.035","24,851,015.61","32,637,629.893","11,251,800","19,486,113.626","22,420,488.589","40,009,312.729","3,606,050","5,258,900","8,585,510.538","15,082,723.041","-4,126,000","16,447,900","6,878,692.653","6,878,692.653","10,988,555.967","-10,037,283.781","4,820,697.013","-725,750","681,600","-10,857,196.961","1,998,000","-2,776,473.534","839,000","-8,346,000","-8,198,600","761,000","3,292,900","-5,293,000","13,785,000","12,212,000","21,755,000","5,177,000","19,726,000","15,634,650","20,513,000","6,790,000","10,477,509","6,470,797","13,896,680","4,366,014","1,553,658","2,196,468","-5,824,555","-5,261,511"
InterestIncome,,,"487,000",,"315,000","156,000","449,000","191,000","150,000",,"687,000","102,000","105,000","303,000","378,000","621,000","296,000","511,000","897,000","372,000","192,000","359,000","311,000","333,000","68,000","50,000","174,000","35,000","60,000","90,000","261,000","156,000","957,000","1,652,000","1,724,000","1,660,000","1,659,000","1,285,000","29,000","60,000","60,000","154,000","63,000","24,000","24,000","268,000","298,000","147,000","283,000","286,000","81,000","103,000","82,000","101,000","83,000",,,,,,,,,,,,,,,,
InterestExpense,"37,629,000","11,186,000","5,243,000","10,411,000","10,800,000","8,484,000","23,137,000","11,300,000","11,629,000","21,617,000","8,320,000","14,184,000","12,418,000","11,662,000","10,586,000","10,233,000","10,274,000","9,877,000","9,691,000","9,692,000","9,585,000","9,513,000","9,493,000","9,504,000","11,074,000","11,664,000","13,721,000","12,907,000","12,838,000","13,219,000","14,462,000","14,691,000","14,600,000","14,525,000","14,768,000","14,471,000","14,456,000","13,583,000","17,061,000","12,732,000","12,732,000","12,510,000","11,468,000","8,318,000","13,605,000","12,340,000","11,143,000","15,069,000","11,240,000","11,089,000","8,126,000","17,936,000","11,090,000","11,086,000","11,498,000",,,,,,,,,,,,,,,,
NetInterestIncome,"-36,938,000","-11,886,000","-2,856,000","-11,011,000","-11,285,000","-8,328,000","-21,146,000","-11,609,000","-11,479,000","-21,617,000","-7,633,000","-14,082,000","-12,313,000","-11,359,000","-10,208,000","-9,612,000","-9,978,000","-9,366,000","-8,794,000","-9,320,000","-9,393,000","-9,154,000","-9,182,000","-9,171,000","-11,006,000","-11,614,000","-9,586,000","-12,781,000","-12,611,000","-13,091,000","-14,251,000","-14,485,000","-93,000","-12,873,000","-13,044,000","-12,811,000","-12,797,000","-12,298,000","-17,032,000","-12,672,000","-12,672,000","-12,356,000","-11,405,000","-8,294,000","-13,581,000","-12,072,000","-10,845,000","-14,922,000","-10,957,000","-10,803,000","-8,045,000","-17,833,000","-11,008,000","-10,985,000","-11,415,000",,,,,,,,,,,,,,,,
EBIT,"25,451,000","21,192,000","4,129,000","11,011,000","-10,870,000","-161,470,000","-205,775,000","-61,130,000","-68,373,000","-19,518,000","162,992,000","26,975,000","46,063,000","16,793,000","34,754,000","44,850,000","38,233,000","14,030,000","35,651,000","34,690,000","50,569,000","19,655,000","34,441,000","43,834,000","66,294,000","24,361,000","42,422,000","41,542,000","44,391,000","21,534,000","82,510,000","62,232,000","70,834,000","11,714,000","18,918,000","23,628,000","34,134,000","3,314,000","32,183,000","-18,874,000","-18,874,000","23,302,000","-4,273,000","16,051,000","14,388,000","14,872,000","-3,992,000","18,776,000","7,046,000","15,020,000","-1,848,000","1,746,000","7,293,000","10,224,000","227,000","26,304,000","20,554,000","33,739,000","11,711,000","39,624,000","26,369,000","34,821,000","16,033,000","22,661,869","14,406,124","23,842,571","9,960,436","7,718,380","4,014,170","-1,999,144","-2,604,163"
EBITDA,"128,333,000"
ReconciledCostOfRevenue,"495,806,000","137,560,000","139,704,000","125,741,000","92,857,000","74,268,000","68,374,000","74,974,000","52,519,000","144,525,000","167,895,000","162,199,000","160,642,000","147,393,000","151,834,000","149,502,000","161,483,000","136,465,000","139,456,000","150,484,000","153,221,000","138,010,000","135,824,000","142,977,000","158,029,000","150,976,000","155,126,000","157,896,000","154,874,000","150,493,000","150,099,000","150,350,000","148,203,000","145,054,000","128,365,000","150,262,000","151,841,000","139,690,000","181,638,000","129,064,000","129,534,000","127,722,000","97,704,000","106,329,000","128,698,000","119,935,000","97,452,000","147,288,000","113,086,000","107,902,000","89,393,000","133,835,000","103,107,000","103,777,000","92,553,000","154,892,000","111,412,000","118,300,000","50,575,000","152,613,000","114,526,000","116,348,000","49,366,000","114,388,880","80,928,944","82,069,225","58,745,951","80,783,238","51,536,347","25,507,616","22,515,455"
ReconciledDepreciation,"102,882,000","26,655,000","25,811,000","25,612,000","24,748,000","27,018,000","27,378,000","28,571,000","28,842,000","30,158,000","30,364,000","29,534,000","29,390,000","29,051,000","27,275,000","26,424,000","26,087,000","24,954,000","24,098,000","25,107,000","25,601,000","24,379,000","23,730,000","23,620,000","25,022,000","25,138,000","26,142,000","25,127,000","25,594,000","24,360,000","24,100,000","25,353,000","25,152,000","25,150,000","25,399,000","26,280,000","27,216,000","26,859,000","37,378,000","23,082,000","22,612,000","20,593,000","20,540,000","32,415,000","23,821,000","21,702,000","21,371,000","29,280,000","21,337,000","19,110,000","18,941,000","25,461,000","18,900,000","19,762,000","18,751,000","22,915,000","19,344,000","17,584,000","16,200,000","23,489,000","17,038,000","17,167,000","15,584,000","18,683,564","12,324,230","11,628,727","8,932,479","12,615,245","7,403,597","4,069,935","4,428,059"
NetIncomeFromContinuingOperationNetMinorityInterest,"-13,709,000","10,028,000","-2,939,000","-1,765,000","-19,033,000","-170,847,000","-207,442,000","-79,592,000","-72,782,000","-34,559,000","134,053,000","11,529,000","28,960,000","8,945,000","23,994,000","31,443,000","28,009,000","4,338,000","24,772,000","21,623,000","36,595,000","8,887,000","23,906,000","29,937,000","44,175,000","16,778,000","25,702,000","24,464,000","24,822,000","10,641,000","63,615,000","43,808,000","51,916,000","4,037,000","4,319,000","8,564,000","15,072,000","-4,126,000","16,288,000","-30,690,000","-30,690,000","8,944,000","-9,967,000","4,873,000","-1,015,000","-556,000","-11,044,000","1,868,000","-3,534,000","839,000","-8,346,000","-9,015,000","761,000","2,457,000","-5,293,000","13,785,000","12,212,000","21,755,000","5,177,000","19,726,000","15,868,000","20,513,000","6,790,000","10,477,509","6,470,797","13,896,680","4,366,014","1,553,658","2,196,468","-5,824,555","-5,261,511"
TotalUnusualItemsExcludingGoodwill,"-984,000","5,156,000","-3,795,000","900,000","-3,245,000","-122,552,000","-160,612,000","1,000,000","0","0","144,192,000","-2,373,000","0","8,822,000","3,119,000","9,957,000","2,000,000","6,027,000","2,435,000","-2,112,000","-296,000","-2,251,000","379,000","2,198,000","8,121,000","0","-4,000","-453,000","-9,935,000","-1,018,000","47,204,000","23,210,000","12,897,000","663,000","-1,446,000","-23,000","-14,000","0","-246,000","-38,690,000","-38,690,000","-2,467,000","111,000","83,000","-445,000","-1,904,000","-256,000","-200,000","-899,000","0",,"-1,256,000","0","-1,286,000","0",,,,,"0","359,000",,,,,,,,,,
TotalUnusualItems,"-984,000","5,156,000","-3,795,000","900,000","-3,245,000","-122,552,000","-160,612,000","1,000,000","0","0","144,192,000","-2,373,000","0","8,822,000","3,119,000","9,957,000","2,000,000","6,027,000","2,435,000","-2,112,000","-296,000","-2,251,000","379,000","2,198,000","8,121,000","0","-4,000","-453,000","-9,935,000","-1,018,000","47,204,000","23,210,000","12,897,000","663,000","-1,446,000","-23,000","-14,000","0","-246,000","-38,690,000","-38,690,000","-2,467,000","111,000","83,000","-445,000","-1,904,000","-256,000","-200,000","-899,000","0",,"-1,256,000","0","-1,286,000","0",,,,,"0","359,000",,,,,,,,,,
NormalizedEBITDA,"129,317,000","42,691,000","33,735,000","35,723,000","17,123,000","-11,900,000","-17,785,000","-33,559,000","-39,531,000","10,640,000","49,164,000","58,882,000","75,453,000","37,022,000","58,910,000","61,317,000","62,320,000","32,957,000","57,314,000","61,909,000","76,466,000","46,285,000","57,792,000","65,256,000","83,195,000","49,499,000","68,568,000","67,122,000","79,920,000","46,912,000","59,406,000","64,375,000","83,089,000","36,201,000","45,763,000","49,931,000","61,364,000","30,173,000","69,807,000","42,898,000","42,428,000","46,362,000","16,156,000","48,383,000","38,654,000","38,478,000","17,635,000","48,256,000","29,282,000","34,130,000","17,093,000","28,463,000","26,193,000","31,272,000","18,978,000","51,447,000","39,898,000","51,808,000","28,398,000","63,113,000","43,500,000","52,464,000","32,094,000","41,345,433","27,202,966","35,920,796","19,007,544","20,333,625","11,417,767","2,341,840","1,823,896"
TaxRateForCalcs,"0.4","0.4","0.27","0.27","0.118","0.27","0.09","0.27","0.083","0.157","0.13","0.095","0.136","0.27","0.007","0.092","0.27","0.27","0.046","0.135","0.107","0.124","0.042","0.128","0.2","0.4","0.104","0.146","0.213","0.4","0.065","0.079","0.077","0.35","0.35","0.065","0.234","0.35","0.35","0.029","0.029","0.171","0.367","0.37","0.35","0.35","0.27","0.35","0.157","0.35","0.163","0.35","0.35","0.35","0.35","0.35","0.35","0.35","0.35","0.175","0.35","0.131","0.35","0.119","0.026","0.116","0.4","0.4","0.4","0.4","0.4"
TaxEffectOfUnusualItems,"-393,600","2,062,400","-1,024,650","243,000","-382,002.538","-33,089,040","-14,452,918.973","270,000","0","0","18,727,844.005","-225,779.142","0","2,381,940","20,906.902","912,947.916","540,000","1,627,290","111,432.203","-285,142.811","-31,698.809","-278,545.159","15,829.646","281,264.608","1,624,347.066","0","-417.965","-65,984.39","-2,119,370.107","-407,200","3,075,113.626","1,822,488.589","990,312.729","232,050","-506,100","-1,489.462","-3,276.959","0","-86,100","-1,121,307.347","-1,121,307.347","-422,444.033","40,716.219","30,697.013","-155,750","-666,400","-69,196.961","-70,000","-141,473.534","0","0","-439,600","0","-450,100","0","0","0","0","0","0","125,650","0","0","0","0","0","0","0","0","0","0"