name,ttm,04/30/2022,01/31/2022,10/31/2021,07/31/2021,04/30/2021,01/31/2021,10/31/2020,07/31/2020,04/30/2020,01/31/2020,10/31/2019,07/31/2019,04/30/2019,01/31/2019,10/31/2018,07/31/2018,04/30/2018,01/31/2018,10/31/2017,07/31/2017,04/30/2017,01/31/2017,10/31/2016,07/31/2016,04/30/2016,01/31/2016,10/31/2015,07/31/2015,04/30/2015,01/31/2015,10/31/2014,07/31/2014,04/30/2014,01/31/2014,10/31/2013,07/31/2013,04/30/2013,01/31/2013,10/31/2012,07/31/2012,04/30/2012,01/31/2012,10/31/2011,07/31/2011,04/30/2011,01/31/2011,10/31/2010,07/31/2010,04/30/2010,01/31/2010,10/31/2009,07/31/2009,04/30/2009,01/31/2009,10/31/2008,07/31/2008,04/30/2008,01/31/2008,10/31/2007,07/31/2007,04/30/2007,01/31/2007,10/31/2006,07/31/2006,04/30/2006,01/31/2006,10/31/2005,07/31/2005,04/30/2005,01/31/2005,10/31/2004,07/31/2004,04/30/2004,01/31/2004,10/31/2003,07/31/2003,04/30/2003,01/31/2003,10/31/2002,07/31/2002,04/30/2002,01/31/2002,10/31/2001,07/31/2001,04/30/2001,01/31/2001,10/31/2000,07/31/2000,04/30/2000,01/31/2000,10/31/1999,07/31/1999,04/30/1999,01/31/1999,10/31/1998,07/31/1998,04/30/1998,01/31/1998,10/31/1997,07/31/1997,04/30/1997,01/31/1997,10/31/1996,07/31/1996,04/30/1996,01/31/1996,10/31/1995,07/31/1995,04/30/1995,01/31/1995,10/31/1994,07/31/1994,04/30/1994,01/31/1994,10/31/1993,07/31/1993,04/30/1993,01/31/1993,10/31/1992,07/31/1992,04/30/1992,01/31/1992,10/31/1991,07/31/1991,04/30/1991,01/31/1991,10/31/1990,07/31/1990,04/30/1990,01/31/1990,10/31/1989,07/31/1989,04/30/1989,01/31/1989,10/31/1988,07/31/1988,04/30/1988,01/31/1988,10/31/1987,07/31/1987,04/30/1987,01/31/1987,10/31/1986,07/31/1986,04/30/1986,01/31/1986,10/31/1985
TotalRevenue,"3,279,322,000","876,300,000","761,481,000","853,973,000","787,568,000","727,497,000","750,665,000","810,256,000","823,921,000","814,322,000","737,603,000","884,115,000","884,221,000","833,743,000","748,619,000","848,237,000","799,470,000","731,375,000","655,133,000","756,215,000","780,187,000","786,338,000","701,131,000","799,223,000","789,159,000","664,645,000","559,470,000","659,268,000","578,479,000","492,363,000","441,081,000","510,389,000","482,071,000","426,284,000","390,518,000","512,720,000","478,632,000","437,367,000","369,326,000","323,286,000","318,034,000","296,103,000","267,407,000","319,575,000","303,718,000","252,363,000","218,203,000","261,584,000","281,541,000","231,636,000","216,331,000","259,116,000","269,691,000","257,719,000","245,522,000","333,967,000","322,087,000","293,440,000","284,758,000","329,672,000","317,324,000","291,643,000","258,293,000","278,177,000","259,944,000","258,690,000","244,141,000","260,898,000","251,262,943","247,659,880","224,538,572","263,166,605","260,763,988","219,562,000","196,368,974","196,021,442","182,882,248","139,665,894","137,153,597","158,480,914","148,172,315","169,751,754","138,282,262","167,814,646","194,679,105","201,610,942","195,765,314","234,690,421","239,309,803","212,260,383","158,400,000","160,900,000","143,400,000","121,400,000","96,700,000","108,600,000","103,700,000","95,900,000","61,900,000","70,500,000","114,900,000","47,900,000","39,900,000","40,300,000","39,400,000","34,500,000","32,600,000","37,400,000","38,300,000","35,900,000","33,500,000","36,400,000","30,900,000","31,500,000","27,000,000","31,900,000","33,000,000","33,400,000","31,000,000","38,200,000","32,100,000","30,700,000","33,000,000","38,200,000","32,000,000","35,300,000","38,000,000","43,300,000","39,700,000","41,000,000","53,000,000","32,100,000","23,900,000","21,900,000","36,600,000","36,500,000","29,100,000","26,800,000","35,600,000","24,700,000","21,300,000","16,000,000","14,700,000","14,200,000","12,800,000","11,100,000","10,800,000","10,900,000"
	OperatingRevenue,"3,279,322,000","876,300,000","761,481,000","853,973,000","787,568,000","727,497,000","750,665,000","810,256,000","823,921,000","814,322,000","737,603,000","884,115,000","884,221,000","833,743,000","748,619,000","848,237,000","799,470,000","731,375,000","655,133,000","756,215,000","780,187,000","786,338,000","701,131,000","799,223,000","789,159,000","664,645,000","559,470,000","659,268,000","578,479,000","492,363,000","441,081,000","510,389,000","482,071,000","426,284,000","390,518,000","512,720,000","478,632,000","437,367,000","369,326,000","323,286,000","318,034,000","296,103,000","267,407,000","319,575,000","303,718,000","252,363,000","218,203,000","261,584,000","281,541,000","231,636,000","216,331,000","259,116,000","269,691,000","257,719,000","245,522,000","333,967,000","322,087,000","293,440,000","284,758,000","329,672,000","317,324,000","291,643,000","258,293,000","278,177,000","259,944,000","258,690,000","244,141,000","260,898,000","251,262,943","247,659,880","224,538,572","263,165,605","260,763,988","219,562,000","196,368,974","196,021,442","182,882,248","139,665,894","137,153,597","158,480,914","148,172,315","169,751,754","138,282,262","167,814,646","194,679,105","201,610,942","195,765,314","234,690,421","239,309,803","212,260,383","158,400,000","160,900,000","143,400,000","121,400,000","96,700,000","108,600,000","103,700,000","95,900,000","61,900,000","70,500,000","114,900,000","47,900,000","39,900,000","40,300,000","39,400,000","34,500,000","32,600,000","37,400,000","38,300,000","35,900,000","33,500,000","36,400,000","30,900,000","31,500,000","27,000,000","31,900,000","33,000,000","33,400,000","31,000,000","38,200,000","32,100,000","30,700,000","33,000,000","38,200,000","32,000,000","35,300,000","38,000,000","43,300,000","39,700,000","41,000,000","53,000,000","32,100,000","23,900,000","21,900,000","36,600,000","36,500,000","29,100,000","26,800,000","35,600,000","24,700,000","21,300,000","16,000,000","14,700,000","14,200,000","12,800,000","11,100,000","10,800,000","10,900,000"
CostOfRevenue,"2,759,596,000","745,730,000","656,634,000","705,865,000","651,367,000","620,011,000","645,475,000","658,355,000","657,953,000","680,206,000","633,203,000","724,378,000","720,382,000","701,767,000","633,279,000","687,164,000","642,376,000","599,573,000","540,633,000","600,847,000","606,898,000","621,475,000","561,371,000","614,990,000","605,908,000","520,408,000","450,284,000","506,978,000","446,114,000","388,239,000","355,429,000","403,468,000","387,221,000","350,352,000","327,353,000","410,119,000","384,169,000","357,664,000","301,516,000","257,066,000","252,137,000","241,386,000","220,239,000","255,187,000","239,132,000","207,045,000","181,621,000","209,322,000","227,823,000","191,333,000","180,936,000","209,971,000","213,646,000","206,733,000","205,860,000","268,646,000","262,403,000","239,598,000","247,906,000","261,312,000","253,057,000","233,657,000","210,771,000","224,441,000","208,508,000","211,050,000","203,031,000","213,300,000","199,016,493","195,943,509","181,986,298","208,669,700","200,671,514","174,616,000","151,224,328","147,049,735","138,672,712","109,265,873","111,357,930","123,580,192","115,008,022","127,018,704","106,720,647","130,223,981","143,302,411","151,713,580","147,235,563","172,987,011","177,081,944","159,601,096","119,700,000","121,000,000","101,500,000","91,600,000","73,600,000","81,200,000","76,400,000","72,000,000","48,400,000","55,600,000","89,300,000","38,100,000","32,600,000","32,400,000","31,400,000","27,400,000","26,300,000","30,600,000","31,200,000","29,800,000","27,500,000","29,200,000","27,400,000","25,500,000",,"27,400,000","29,800,000","29,100,000","26,200,000","29,600,000","28,600,000","27,700,000","26,200,000","28,700,000",,,,,,,,,,,,,,,,,,,,,,,,
GrossProfit,"519,726,000","130,570,000","104,847,000","148,108,000","136,201,000","107,486,000","105,190,000","151,901,000","165,968,000","134,116,000","104,400,000","159,737,000","163,839,000","131,976,000","115,340,000","161,073,000","157,094,000","131,802,000","114,500,000","155,368,000","173,289,000","164,863,000","139,760,000","184,233,000","183,251,000","144,237,000","109,186,000","152,290,000","132,365,000","104,124,000","85,652,000","106,921,000","94,850,000","75,932,000","63,165,000","102,601,000","94,463,000","79,703,000","67,810,000","66,220,000","65,897,000","54,717,000","47,168,000","64,388,000","64,586,000","45,318,000","36,582,000","52,262,000","53,718,000","40,303,000","35,395,000","49,145,000","56,045,000","50,986,000","39,662,000","65,321,000","59,684,000","53,842,000","36,852,000","68,360,000","64,267,000","57,986,000","47,522,000","53,736,000","51,436,000","47,640,000","41,110,000","47,598,000","52,246,450","51,716,371","42,552,274","54,496,905","60,092,474","44,946,000","45,144,646","48,971,707","44,209,536","30,400,021","25,795,667","34,900,722","33,164,293","42,733,050","31,561,615","37,590,665","51,376,694","49,897,362","48,529,751","61,703,410","62,227,859","52,659,287","38,700,000","39,900,000","41,900,000","29,800,000","23,100,000","27,400,000","27,300,000","23,900,000","13,500,000","14,900,000","25,600,000","9,800,000","7,300,000","7,900,000","8,000,000","7,100,000","6,300,000","6,800,000","7,100,000","6,100,000","6,000,000","7,200,000","3,500,000","6,000,000",,"4,500,000","3,200,000","4,300,000","4,800,000","8,600,000","3,500,000","3,000,000","6,800,000","9,500,000",,,,,,,,,,,,,,,,,,,,,,,,
OperatingExpense,"415,011,000","106,017,000","101,137,000","104,665,000","103,192,000","106,090,000","107,483,000","104,941,000","111,486,000","111,758,000","107,592,000","117,231,000","112,361,000","104,963,000","119,448,000","114,296,000","109,360,000","105,638,000","102,771,000","107,213,000","99,763,000","98,728,000","93,896,000","94,750,000","98,156,000","88,102,000","76,918,000","78,913,000","73,347,000","68,692,000","65,079,000","67,626,000","64,118,000","61,888,000","61,997,000","66,627,000","64,735,000","62,736,000","59,646,000","44,135,000","43,081,000","42,517,000","39,803,000","41,316,000","41,923,000","39,169,000","37,622,000","38,441,000","43,491,000","40,149,000","39,414,000","38,693,000","41,225,000","40,439,000","38,352,000","44,152,000","43,080,000","42,270,000","39,225,000","41,655,000","39,139,000","39,039,000","35,537,000","35,066,000","33,285,000","33,388,000","31,338,000","30,836,000","32,888,625","32,452,789","31,731,199","29,247,387","32,838,751","27,872,000","29,870,776","26,842,052","25,461,437","26,657,374","27,908,506","29,105,230","48,548,239","30,226,798","23,942,410","25,122,347","29,168,895","29,217,117","28,038,998","27,268,062","26,251,433","25,918,398","19,800,000","20,300,000","20,200,000","16,600,000","12,700,000","15,500,000","13,500,000","16,100,000","8,800,000","9,100,000","16,400,000","6,000,000","4,900,000","5,100,000","5,100,000","5,000,000","4,900,000","5,300,000","5,100,000","4,800,000","4,900,000","5,200,000","6,200,000","5,700,000",,"5,400,000","31,600,000","6,800,000","9,100,000","7,200,000","9,400,000","6,500,000","6,200,000","6,400,000",,,,,,,,,,,,,,,,,,,,,,,,
	SellingGeneralAndAdministration,"264,801,000","69,380,000","63,792,000","66,899,000","64,730,000","67,011,000","63,899,000","62,628,000","67,357,000","65,887,000","60,977,000","69,875,000","65,117,000","58,622,000","73,539,000","68,763,000","64,555,000","62,283,000","60,370,000","64,562,000","59,519,000","61,317,000","58,191,000","60,204,000","62,146,000","56,519,000","47,020,000","51,464,000","47,482,000","44,707,000","41,815,000","44,696,000","41,059,000","39,162,000","38,562,000","43,075,000","39,914,000","38,205,000","38,827,000","28,824,000","27,435,000","26,956,000","24,275,000","25,358,000","26,284,000","23,678,000","21,835,000","22,825,000","26,442,000","24,297,000","23,898,000","23,502,000","25,382,000","24,276,000","21,535,000","27,540,000","26,050,000","24,969,000","22,315,000","25,608,000","23,304,000","23,712,000","21,395,000","22,207,000","21,121,000","21,145,000","19,172,000","19,455,000","21,885,567","20,928,002","18,931,176","17,982,255","21,224,353","17,762,000","18,862,246","17,507,642","16,562,984","17,771,918","17,448,267","18,275,419","37,634,273","20,018,899","15,261,836","16,081,088","18,493,950","18,760,181","18,187,339","18,134,737","17,247,721","18,071,442","12,800,000","13,200,000","13,100,000","11,700,000","8,700,000","11,500,000","9,900,000","10,800,000","6,500,000","6,800,000","12,200,000","4,500,000","3,500,000","3,600,000","3,500,000","3,600,000","3,500,000","3,900,000","3,700,000","3,400,000","3,500,000","3,500,000","4,300,000","3,900,000",,"3,600,000","29,500,000","4,700,000","7,000,000","5,100,000","7,300,000","4,500,000","4,300,000","4,600,000",,,,,,,,,,,,,,,,,,,,,,,,
		GeneralAndAdministrativeExpense,"264,801,000","69,380,000","63,792,000","66,899,000","64,730,000","67,011,000","63,899,000","62,628,000","67,357,000","65,887,000","60,977,000","69,875,000","65,117,000","58,622,000","73,539,000","68,763,000","64,555,000","62,283,000","60,370,000","64,562,000","59,519,000","61,317,000","58,191,000","60,204,000","62,146,000","56,519,000","47,020,000","51,464,000","47,482,000","44,707,000","41,815,000","44,696,000","41,059,000","39,162,000","38,562,000","43,075,000","39,914,000","38,205,000","38,827,000","28,824,000",,"26,956,000","24,275,000","25,358,000",,"23,678,000","21,835,000",,,,"23,898,000",,,,,,,,,,,,,,,,,,,,,,,,,,,,,,,,,,,,,,,,,,,,,,,,,,,,,,,,,,,,,,,,,,,,,,,,,,,,,,,,,,,,,,,,,,,,,,,,,
			SalariesAndWages,,,,,,,,,,,,,,"3,500,000","1,900,000","7,400,000","6,000,000","4,900,000","5,900,000","7,400,000","4,900,000","4,900,000","5,300,000","5,700,000","4,200,000","3,900,000","4,200,000","4,500,000","3,100,000","3,200,000","3,700,000","3,900,000","2,900,000","2,700,000","3,500,000","3,500,000","2,600,000","2,500,000","2,500,000","2,300",,"1,900,000","1,600","1,300",,"1,300,000","1,000,000",,,,"700,000",,,,,,,,,,,,,,,,,,,,,,,,,,,,,,,,,,,,,,,,,,,,,,,,,,,,,,,,,,,,,,,,,,,,,,,,,,,,,,,,,,,,,,,,,,,,,,,,,
			OtherGandA,"264,801,000","69,380,000","63,792,000","66,899,000","64,730,000","67,011,000","63,899,000","62,628,000","67,357,000","65,887,000","60,977,000","69,875,000","65,117,000","55,122,000","71,639,000","61,363,000","58,555,000","57,383,000","54,470,000","57,162,000","54,619,000","56,417,000","52,891,000","54,504,000","57,946,000","52,619,000","42,820,000","46,964,000","44,382,000","41,507,000","38,115,000","40,796,000","38,159,000","36,462,000","35,062,000","39,575,000","37,314,000","35,705,000","36,327,000","28,821,700",,"25,056,000","24,273,400","25,356,700",,"22,378,000","20,835,000",,,,"23,198,000",,,,,,,,,,,,,,,,,,,,,,,,,,,,,,,,,,,,,,,,,,,,,,,,,,,,,,,,,,,,,,,,,,,,,,,,,,,,,,,,,,,,,,,,,,,,,,,,,
	DepreciationAmortizationDepletionIncomeStatement,"150,210,000","36,637,000","37,345,000","37,766,000","38,462,000","39,079,000","43,584,000","42,313,000","44,129,000","45,871,000","46,615,000","47,356,000","47,244,000","46,341,000","45,909,000","45,533,000","44,805,000","43,355,000","42,401,000","42,651,000","40,244,000","37,411,000","35,705,000","34,546,000","36,010,000","31,583,000","29,898,000","27,449,000","25,865,000","23,985,000","23,264,000","22,930,000","23,059,000","22,726,000","23,435,000","23,552,000","24,821,000","24,531,000","20,819,000","15,311,000","15,646,000","15,561,000","15,528,000","15,958,000","15,639,000","15,491,000","15,787,000","15,616,000","17,049,000","15,852,000","15,516,000","15,191,000","15,843,000","16,163,000","16,817,000","16,612,000","17,030,000","17,301,000","16,910,000","16,047,000","15,835,000","15,327,000","14,142,000","12,859,000","12,164,000","12,243,000","12,166,000","11,381,000","11,003,058","11,524,787","12,800,023","11,265,132","11,614,398","10,110,000","11,008,530","9,334,410","8,898,453","8,885,456","10,460,239","10,829,811","10,913,966","10,207,899","8,680,574","9,041,259","10,674,945","10,456,936","9,851,659","9,133,325","9,003,712","7,846,956","7,000,000","7,100,000","7,100,000","4,900,000","4,000,000","4,000,000","3,600,000","5,300,000","2,300,000","2,300,000","4,200,000","1,500,000","1,400,000","1,500,000","1,600,000","1,400,000","1,400,000","1,400,000","1,400,000","1,400,000","1,400,000","1,700,000","1,900,000","1,800,000",,"1,800,000","2,100,000","2,100,000","2,100,000","2,100,000","2,100,000","2,000,000","1,900,000","1,800,000",,,,,,,,,,,,,,,,,,,,,,,,
		DepreciationAndAmortizationInIncomeStatement,"150,210,000","36,637,000","37,345,000","37,766,000","38,462,000","39,079,000","43,584,000","42,313,000","44,129,000","45,871,000","46,615,000","47,356,000","47,244,000","46,341,000","45,909,000","45,533,000","44,805,000","43,355,000","42,401,000","42,651,000","40,244,000","37,411,000","35,705,000","34,546,000","36,010,000","31,583,000","29,898,000","27,449,000","25,865,000","23,985,000","23,264,000","22,930,000","23,059,000","22,726,000","23,435,000","23,552,000","24,821,000","24,531,000","20,819,000","15,311,000","15,646,000","15,561,000","15,528,000","15,958,000","15,639,000","15,491,000","15,787,000","15,616,000","17,049,000","15,852,000","15,516,000","15,191,000","15,843,000","16,163,000","16,817,000","16,612,000","17,030,000","17,301,000","16,910,000","16,047,000","15,835,000","15,327,000","14,142,000","12,859,000","12,164,000","12,243,000","12,166,000","11,381,000","11,003,058","11,524,787","12,800,023","11,265,132","11,614,398","10,110,000","11,008,530","9,334,410","8,898,453","8,885,456","10,460,239","10,829,811","10,913,966","10,207,899","8,680,574","9,041,259","10,674,945","10,456,936","9,851,659","9,133,325","9,003,712","7,846,956","7,000,000","7,100,000","7,100,000","4,900,000","4,000,000","4,000,000","3,600,000","5,300,000","2,300,000","2,300,000","4,200,000","1,500,000","1,400,000","1,500,000","1,600,000","1,400,000","1,400,000","1,400,000","1,400,000","1,400,000","1,400,000","1,700,000","1,900,000","1,800,000",,"1,800,000","2,100,000","2,100,000","2,100,000","2,100,000","2,100,000","2,000,000","1,900,000","1,800,000",,,,,,,,,,,,,,,,,,,,,,,,
OperatingIncome,"104,715,000","24,553,000","3,710,000","43,443,000","33,009,000","1,396,000","-2,293,000","46,960,000","54,482,000","22,358,000","-3,192,000","42,506,000","51,478,000","27,013,000","-4,108,000","46,777,000","47,734,000","26,164,000","11,729,000","48,155,000","73,526,000","66,135,000","45,864,000","89,483,000","85,095,000","56,135,000","32,268,000","73,377,000","59,018,000","35,432,000","20,573,000","39,295,000","30,732,000","14,044,000","1,168,000","35,974,000","29,728,000","16,967,000","8,164,000","22,085,000","22,816,000","12,200,000","7,365,000","23,072,000","22,663,000","6,149,000","-1,040,000","13,821,000","10,227,000","154,000","-4,019,000","10,452,000","14,820,000","10,547,000","1,310,000","21,169,000","16,604,000","11,572,000","-2,373,000","26,705,000","25,128,000","18,947,000","11,985,000","18,670,000","18,151,000","14,252,000","9,772,000","16,762,000","19,357,825","19,263,582","10,821,075","25,249,518","27,253,723","17,074,000","15,273,870","22,129,655","18,748,099","3,742,647","-2,112,839","5,795,492","-15,383,946","12,506,252","7,619,205","12,468,318","22,207,799","20,680,245","20,490,753","34,435,348","35,976,426","26,740,889","18,900,000","19,600,000","21,700,000","13,200,000","10,400,000","11,900,000","13,800,000","7,800,000","4,700,000","5,800,000","9,200,000","3,800,000","2,400,000","2,800,000","2,900,000","2,100,000","1,400,000","1,500,000","2,000,000","1,300,000","1,100,000","2,000,000","-2,700,000","300,000","27,000,000","-900,000","-28,400,000","-2,500,000","-4,300,000","1,400,000","-5,900,000","-3,500,000","600,000","3,100,000","-117,800,000","35,300,000","38,000,000","43,300,000","-114,200,000","41,000,000","53,000,000","32,100,000","-86,800,000","21,900,000","36,600,000","36,500,000","-79,800,000","26,800,000","35,600,000","24,700,000","-39,500,000","16,000,000","14,700,000","14,200,000","-29,400,000","11,100,000","10,800,000","10,900,000"
NetNonOperatingInterestIncomeExpense,"-37,019,000","-10,219,000","-7,546,000","-9,535,000","-9,718,000","-6,366,000","-5,050,000","-5,142,000","-8,336,000","-13,249,000","-13,348,000","-14,087,000","-14,140,000","-13,531,000","-12,447,000","-11,310,000","-10,446,000","-10,166,000","-9,853,000","-9,707,000","-9,735,000","-9,382,000","-9,181,000","-9,067,000","-9,710,000","-8,007,000","-7,872,000","-9,131,000","-6,899,000","-6,646,000","-6,730,000","-6,749,000","-6,578,000","-6,563,000","-6,800,000","-6,886,000","-6,752,000","-6,637,000","-5,748,000","-4,197,000","-4,189,000","-4,178,000","-4,177,000","-4,173,000","-4,098,000","-4,395,000","-3,739,000","-3,679,000","-3,790,000","-3,359,000","-3,519,000","-3,509,000","-3,403,000","-3,102,000","-4,059,000",,,,,,,,,,,,,,,,,,,,,,,,,,,,,,,,,,,,,,,,,,,,,,,,,,,,,,,,,,,,,,,,,,,,,,,,,,,,,,,,,,,,,,,,,,,,,
	InterestIncomeNonOperating,,,,,,,,,,,,,,,,,,,,,,,,,,,,,,,,,,,,,,,,,,,"8,000","17,000","16,000","27,000","34,000","28,000","12,000","27,000","22,000","35,000","27,000","60,000","40,000",,,,,,,,,,,,,,,,,,,,,,,,,,,,,,,,,,,,,,,,,,,,,,,,,,,,,,,,,,,,,,,,,,,,,,,,,,,,,,,,,,,,,,,,,,,,,
	InterestExpenseNonOperating,"36,407,000","9,118,000","8,823,000","9,132,000","9,334,000","5,877,000","4,651,000","4,710,000","7,853,000","12,457,000","12,620,000","13,128,000","12,878,000","12,233,000","12,447,000","11,310,000","10,446,000","10,166,000","9,853,000","9,707,000","9,735,000","9,382,000","9,181,000","9,067,000","9,710,000","8,007,000","7,872,000","9,131,000","6,899,000","6,646,000","6,730,000","6,749,000","6,578,000","6,563,000","6,800,000","6,886,000","6,752,000","6,637,000","5,748,000","4,197,000","4,189,000","4,178,000","4,185,000","4,190,000","4,114,000","4,422,000","3,773,000","3,707,000","3,802,000","3,386,000","3,541,000","3,544,000","3,430,000","3,162,000","4,099,000",,,,,,,,,,,,,,,,,,,,,,,,,,,,,,,,,,,,,,,,,,,,,,,,,,,,,,,,,,,,,,,,,,,,,,,,,,,,,,,,,,,,,,,,,,,,,
	TotalOtherFinanceCost,,"1,101,000",,"403,000","384,000","489,000","399,000","432,000","483,000","792,000","728,000","959,000","1,262,000","1,298,000","12,447,000","11,310,000","10,446,000","10,166,000","9,853,000","9,707,000","9,735,000","9,382,000","9,181,000","9,067,000","9,710,000","8,007,000","7,872,000","9,131,000","6,899,000","6,646,000","6,730,000","6,749,000","6,578,000","6,563,000","6,800,000","6,886,000","6,752,000","6,637,000","5,748,000","4,197,000","4,189,000",,,,,,,,,,,,,,,,,,,,,,,,,,,,,,,,,,,,,,,,,,,,,,,,,,,,,,,,,,,,,,,,,,,,,,,,,,,,,,,,,,,,,,,,,,,,,,,,,,,,,,,,,,,
OtherIncomeExpense,"7,136,000","5,896,000","-1,098,000","967,000","1,370,000","3,144,000","1,075,000","4,140,000","3,122,000","-38,850,000","1,206,000","2,366,000","5,268,000","6,996,000","1,156,000","2,817,000","4,156,000","7,711,000","295,000","5,931,000","6,043,000","4,793,000","1,006,000","940,000","3,567,000","4,323,000","1,072,000","-14,791,000","1,290,000","3,471,000","1,735,000","1,795,000","3,028,000","5,593,000","595,000","2,012,000","1,070,000","1,477,000","428,000","1,614,000","2,882,000","7,627,000","2,357,000","2,959,000","3,633,000","943,000","-3,531,000","1,757,000",,"4,451,000","903,000","1,105,000","765,000","3,566,000","-92,597,000","402,000","-7,558,000","2,670,000","798,000","1,572,000","1,833,000","5,189,000","1,129,000","496,000","2,110,000","-11,933,000","239,000","1,131,000","-21,972,335","3,214,397","1,182,781","594,157","928,717","1,920,000","11,942,248","845,543","632,071","645,824","617,997","1,085,272","-47,793,456","578,216","447,800","347,035","861,155","942,427","592,748","276,493","-1,364,532","-1,932,495","200,000","200,000","900,000","1,000,000","700,000","600,000",,"900,000","700,000","300,000","500,000","300,000","100,000","100,000","-100,000","900,000","200,000","200,000","300,000",,"300,000",,,,,"100,000","-100,000","100,000","1,200,000",,"100,000","-100,000",,"200,000",,,,,,,,,,,,,,,,,,,,,,,,
	SpecialIncomeCharges,"6,740,000","5,389,000","-56,000","415,000","992,000","2,790,000","819,000","4,001,000","2,960,000","-38,972,000","1,018,000","2,241,000","4,806,000","6,738,000","2,192,000","3,874,000","4,909,000","8,415,000",,"6,495,000","6,646,000","5,048,000","1,729,000","1,443,000","3,593,000","4,061,000","1,016,000","-15,124,000","861,000","3,067,000","1,659,000","1,523,000","2,802,000","5,469,000","570,000","1,865,000","816,000","1,459,000","826,000","1,614,000","2,882,000","7,627,000","2,357,000","2,959,000","3,633,000","943,000","-3,531,000","1,757,000","-6,459,000","4,451,000","903,000","1,105,000","765,000","3,566,000","-92,597,000","402,000","-7,558,000","2,670,000","798,000","1,572,000","1,833,000","5,189,000","1,129,000","496,000","2,110,000","-11,933,000","239,000","1,131,000","-21,972,335","3,214,397","1,182,781","594,157","928,717","1,920,000","11,942,248","845,543","632,071","645,824","617,997","1,085,272","-47,793,456","578,216","447,800","347,035","861,155","942,427","592,748","276,493","-1,364,532","-1,932,495","200,000","200,000","900,000","1,000,000","700,000","600,000",,"900,000","700,000","300,000","500,000","300,000","100,000","100,000","-100,000","900,000","200,000","200,000","300,000",,"300,000",,,,,"100,000","-100,000","100,000","1,200,000",,"100,000","-100,000",,"200,000",,,,,,,,,,,,,,,,,,,,,,,,
		ImpairmentOfCapitalAssets,,,"0","0","0","0","0","0","0","53,264,000",,,,,,,,,,,,,,,,,,,,,,,,,,,,,,,,,,,,,,,"0","0","0",,"0",,"94,429,000",,,,,,,,,,,,,,,,,,,,,,,,,,,,,,,,,,,,,,,,,,,,,,,,,,,,,,,,,,,,,,,,,,,,,,,,,,,,,,,,,,,,,,,,,,,,,
		WriteOff,,,,,,,,,,,,,,,,,,,,,,,,,,,,,,,,,,,,,,,,,,,"0",,,"2,557,000",,,,,,,,,,,,,,,,,,,,,,,,,,,,,,,,,,,,,,,,,,,,,,,,,,,,,,,,,,,,,,,,,,,,,,,,,,,,,,,,,,,,,,,,,,,,,,,,,,,,,,
		OtherSpecialCharges,,,"0",,,"62,000","0",,"458,000","-12,504,000","76,000",,,,,,,,,,,,,,"0",,,"16,260,000",,,,"-272,000",,,,,,,,,,"-188,000","-2,357,000",,"-18,738,000","2,357,000","3,531,000",,,"-4,451,000","-903,000",,"-765,000",,"-1,832,000",,,,,,,,,,,,,,,,,,,,,,,,,,,,,,,,,,,,,,,,,,,,,,,,,,,,,,,,,,,,,,,,,,,,,,,,,,,,,,,,,,,,,,,,,,,,,
		GainOnSaleOfPPE,"6,740,000","5,389,000","-56,000","415,000","992,000","2,852,000","819,000","4,001,000","3,418,000","1,788,000","1,094,000","2,241,000","4,806,000","6,738,000","2,192,000","3,874,000","4,909,000","8,415,000",,"6,495,000","6,646,000","5,048,000","1,729,000","1,443,000","3,593,000","4,061,000","1,016,000","1,136,000","861,000","3,067,000","1,659,000","1,523,000","2,802,000","5,469,000","570,000","1,865,000","816,000","1,459,000","826,000",,,"7,439,000",,,,"3,300,000",,,,,,,,,,,,,,,,,,,,,,,,,,,,,,,,,,,,,,,,,,,,,,,,,,,,,,,,,,,,,,,,,,,,,,,,,,,,,,,,,,,,,,,,,,,,,,,,,,,,,,
	OtherNonOperatingIncomeExpenses,"396,000","507,000","-1,042,000","552,000","378,000","354,000","256,000","139,000","162,000","122,000","188,000","125,000","462,000","258,000","-1,036,000","-1,057,000","-753,000","-704,000","295,000","-564,000","-603,000","-255,000","-723,000","-503,000","-26,000","262,000","56,000","333,000","429,000","404,000","76,000","272,000","226,000","124,000","25,000","147,000","254,000","18,000","-398,000",,,,,,,,,,,,,,,,,,,,,,,,,,,,,,,,,,,,,,,,,,,,,,,,,,,,,,,,,,,,,,,,,,,,,,,,,,,,,,,,,,,,,,,,,,,,,,,,,,,,,,,,,,,,,
PretaxIncome,"74,832,000","20,230,000","-4,934,000","34,875,000","24,661,000","-1,826,000","-6,268,000","45,958,000","49,268,000","-29,741,000","-15,334,000","30,785,000","42,606,000","20,478,000","-15,399,000","38,284,000","41,444,000","23,709,000","2,171,000","44,379,000","69,834,000","61,546,000","37,689,000","81,356,000","78,952,000","52,451,000","25,468,000","49,455,000","53,409,000","32,257,000","15,578,000","34,341,000","27,182,000","13,074,000","-5,037,000","31,100,000","24,046,000","11,807,000","2,844,000","19,502,000","21,509,000","15,649,000","5,545,000","21,858,000","22,198,000","2,697,000","-8,310,000","11,899,000","8,071,000","1,246,000","-6,635,000","8,048,000","12,182,000","11,011,000","-95,346,000","17,654,000","6,253,000","11,370,000","-4,970,000","24,931,000","23,623,000","20,714,000","9,395,000","15,802,000","17,157,000","-995,000","6,527,000","17,741,000","-2,153,254","22,794,727","12,196,028","25,796,499","28,219,711","18,735,000","26,931,656","23,293,449","19,690,202","4,734,279","-1,124,767","7,155,744","-62,668,052","13,589,862","8,746,330","13,741,645","24,033,383","22,746,897","22,188,285","36,014,727","35,579,852","25,715,951","19,900,000","20,600,000","22,600,000","14,200,000","11,200,000","12,600,000","11,700,000","8,800,000","5,400,000","6,100,000","9,700,000","4,000,000","2,400,000","2,900,000","2,800,000","3,000,000","1,600,000","1,700,000","2,100,000","1,300,000","1,400,000","1,900,000","-3,100,000","400,000",,"-700,000","-28,600,000","-2,400,000","-3,000,000","1,600,000","-5,800,000","-3,600,000","700,000","3,300,000",,,,,,,,,,,,,,,,,,,,,,,,
TaxProvision,"7,620,000","694,000","-5,728,000","6,158,000","6,496,000","-2,724,000","-2,073,000","12,032,000","12,244,000","2,677,000","-4,145,000","6,556,000","12,710,000","6,199,000","-3,345,000","10,454,000","11,544,000","6,478,000","-37,888,000","15,603,000","26,126,000","22,750,000","14,026,000","30,306,000","29,592,000","19,368,000","9,995,000","18,631,000","19,582,000","11,999,000","6,146,000","13,534,000","10,692,000","5,179,000","-1,970,000","12,440,000","9,380,000","4,608,000","1,381,000","7,641,000","8,227,000","6,004,000","2,060,000","8,892,000","9,233,000","1,208,000","-3,216,000","5,152,000","3,428,000","-402,000","-2,670,000","4,525,000","5,477,000","3,442,000","-17,393,000","7,068,000","1,665,000","3,677,000","-1,837,000","9,674,000","9,165,000","8,144,000","3,747,000","6,242,000","7,067,000","5,508,000","2,656,000","7,019,000","10,239,703","9,082,202","4,822,438","10,175,657","11,132,825","7,558,000","10,489,514","9,366,210","8,328,687","1,950,120","-13,831","3,041,191","-5,823,952","5,877,570","3,738,081","5,716,232","10,389,637","9,689,231","9,097,196","14,396,697","13,989,427","11,219,498","7,900,000","8,100,000","9,100,000","5,400,000","4,500,000","5,100,000","4,600,000","3,500,000","2,200,000","2,600,000","4,200,000","1,600,000","800,000","1,200,000","100,000","1,300,000","600,000","700,000","800,000","200,000","300,000","1,000,000","200,000","100,000",,"-200,000","-2,700,000","-700,000","-800,000","900,000","-1,700,000","-1,100,000","600,000","1,400,000",,,,,,,,,,,,,,,,,,,,,,,,
NetIncomeCommonStockholders,"67,212,000","19,536,000","794,000","28,717,000","18,165,000","898,000","-4,195,000","33,926,000","37,024,000","-32,418,000","-11,189,000","24,229,000","29,896,000","14,279,000","-12,054,000","27,830,000","29,900,000","17,231,000","40,059,000","28,776,000","43,708,000","38,796,000","23,663,000","51,050,000","49,360,000","33,083,000","15,473,000","30,824,000","33,827,000","20,258,000","9,432,000","20,807,000","16,490,000","7,895,000","-3,067,000","18,660,000","14,666,000","7,199,000","1,463,000","11,861,000","13,282,000","9,645,000","3,485,000","12,966,000","12,965,000","1,489,000","-5,094,000","6,747,000","4,643,000","1,648,000","-3,965,000","3,523,000","6,628,000","7,597,000","-77,953,000","10,548,000","3,090,000","6,886,000","-3,226,000","14,927,000","14,294,000","12,445,000","5,585,000","9,560,000","10,090,000","-6,503,000","3,871,000","10,722,000","-12,392,957","13,712,525","7,373,590","15,620,842","17,086,886","11,177,000","16,442,142","13,927,239","11,361,515","2,784,159","-1,110,936","4,114,553","-56,844,100","7,712,292","5,008,249","8,025,413","13,643,746","13,057,666","13,091,089","21,618,030","21,590,425","14,496,453","12,000,000","12,500,000","13,500,000","8,800,000","6,700,000","7,500,000","7,100,000","5,300,000","3,200,000","3,500,000","5,500,000","2,400,000","1,600,000","1,700,000","2,700,000","1,700,000","1,000,000","1,000,000","1,300,000","1,100,000","1,100,000","900,000","-3,300,000","300,000","-4,300,000","-500,000","-28,200,000","-1,700,000","-2,200,000","700,000","-4,100,000","-2,500,000","100,000","1,900,000",,,"400,000",,,,,,,,,,,,,,,,,,,,,
	NetIncome,"67,212,000","19,536,000","794,000","28,717,000","18,165,000","898,000","-4,195,000","33,926,000","37,024,000","-32,418,000","-11,189,000","24,229,000","29,896,000","14,279,000","-12,054,000","27,830,000","29,900,000","17,231,000","40,059,000","28,776,000","43,708,000","38,796,000","23,663,000","51,050,000","49,360,000","33,083,000","15,473,000","30,824,000","33,827,000","20,258,000","9,432,000","20,807,000","16,490,000","7,895,000","-3,067,000","18,660,000","14,666,000","7,199,000","1,463,000","11,861,000","13,282,000","9,645,000","3,485,000","12,966,000","12,965,000","1,489,000","-5,094,000","6,747,000","4,643,000","1,648,000","-3,965,000","3,523,000","6,628,000","7,597,000","-77,953,000","10,548,000","3,090,000","6,886,000","-3,226,000","14,927,000","14,294,000","12,445,000","5,585,000","9,560,000","10,090,000","-6,503,000","3,871,000","10,722,000","-12,392,957","13,712,525","7,373,590","15,620,842","17,086,886","11,177,000","16,442,142","13,927,239","11,361,515","2,784,159","-1,110,936","4,114,553","-56,844,100","7,712,292","5,008,249","8,025,413","13,643,746","13,057,666","13,091,089","21,618,030","21,590,425","14,496,453","12,000,000","12,500,000","13,500,000","8,800,000","6,700,000","7,500,000","7,100,000","5,300,000","3,200,000","3,500,000","5,500,000","2,400,000","1,600,000","1,700,000","2,700,000","1,700,000","1,000,000","1,000,000","1,300,000","1,100,000","1,100,000","900,000","-3,300,000","300,000","-4,300,000","-500,000","-28,200,000","-1,700,000","-2,200,000","700,000","-4,100,000","-2,500,000","100,000","1,900,000",,,"400,000",,,,,,,,,,,,,,,,,,,,,
		NetIncomeIncludingNoncontrollingInterests,"67,212,000","19,536,000","794,000","28,717,000","18,165,000","898,000","-4,195,000","33,926,000","37,024,000","-32,418,000","-11,189,000","24,229,000","29,896,000","14,279,000","-12,054,000","27,830,000","29,900,000","17,231,000","40,059,000","28,776,000","43,708,000","38,796,000","23,663,000","51,050,000","49,360,000","33,083,000","15,473,000","30,824,000","33,827,000","20,258,000","9,432,000","20,807,000","16,490,000","7,895,000","-3,067,000","18,660,000","14,666,000","7,199,000","1,463,000","11,861,000","13,282,000","9,645,000","3,485,000","12,966,000","12,965,000","1,489,000","-5,094,000","6,747,000","4,643,000","1,648,000","-3,965,000","3,523,000","6,628,000","7,597,000","-77,953,000","10,548,000","3,090,000","6,886,000","-3,226,000","14,927,000","14,294,000","12,445,000","5,585,000","9,560,000","10,090,000","-6,503,000","3,871,000","10,722,000","-12,392,957","13,712,525","7,373,590","15,620,842","17,086,886","11,177,000","16,442,142","13,927,239","11,361,515","2,784,159","-1,110,936","4,114,553","-56,844,100","7,712,292","5,008,249","8,025,413","13,643,746","13,057,666","13,091,089","21,618,030","21,590,425","14,496,453","12,000,000","12,500,000","13,500,000","8,800,000","6,700,000","7,500,000","7,100,000","5,300,000","3,200,000","3,500,000","5,500,000","2,400,000","1,600,000","1,700,000","2,700,000","1,700,000","1,000,000","1,000,000","1,300,000","1,100,000","1,100,000","900,000","-3,300,000","300,000","-4,300,000","-500,000","-28,200,000","-1,700,000","-2,200,000","700,000","-4,100,000","-2,500,000","100,000","1,900,000","-2,400,000","-1,900,000","400,000","2,100,000","2,700,000","2,500,000","3,100,000","1,300,000","1,200,000","1,300,000","1,600,000","1,600,000","1,400,000","1,200,000","1,000,000","1,000,000","1,000,000","800,000","700,000","600,000","500,000","500,000","400,000","400,000"
			NetIncomeContinuousOperations,"67,212,000","19,536,000","794,000","28,717,000","18,165,000","898,000","-4,195,000","33,926,000","37,024,000","-32,418,000","-11,189,000","24,229,000","29,896,000","14,279,000","-12,054,000","27,830,000","29,900,000","17,231,000","40,059,000","28,776,000","43,708,000","38,796,000","23,663,000","51,050,000","49,360,000","33,083,000","15,473,000","30,824,000","33,827,000","20,258,000","9,432,000","20,807,000","16,490,000","7,895,000","-3,067,000","18,660,000","14,666,000","7,199,000","1,463,000","11,861,000","13,282,000","9,645,000","3,485,000","12,966,000","12,965,000","1,489,000","-5,094,000","6,747,000","4,643,000","1,648,000","-3,965,000","3,523,000","6,705,000","7,569,000","-77,953,000","10,586,000","4,588,000","7,693,000","-3,133,000","15,257,000","14,458,000","12,570,000","5,648,000","9,560,000","10,090,000","-6,503,000","3,871,000","10,722,000","-12,392,957","13,712,525","7,373,590","15,620,842","17,086,886","11,177,000","16,442,142","13,927,239","11,361,515","2,784,159","-1,110,936","4,114,553","-56,844,100","7,712,292","5,008,249","8,025,413","13,643,746","13,057,666","13,091,089","21,618,030","21,590,425","14,496,453","12,000,000","12,500,000","13,500,000","8,800,000","6,700,000","7,500,000","7,100,000","5,300,000","3,200,000","3,500,000","5,500,000","2,400,000","1,600,000","1,700,000","2,700,000","1,700,000","1,000,000","1,000,000","1,300,000","1,100,000","1,100,000","900,000","-3,300,000","300,000","-4,300,000","-500,000","-25,900,000","-1,700,000","-2,200,000","700,000","-4,100,000","-2,500,000","100,000","1,900,000","-2,400,000","-1,900,000","400,000","2,100,000","2,700,000","2,500,000","3,100,000","1,300,000","1,200,000","1,300,000","1,600,000","1,600,000","1,400,000","1,200,000","1,000,000","1,000,000","1,000,000","800,000","700,000","600,000","500,000","500,000","400,000","400,000"
			NetIncomeDiscontinuousOperations,,,,,,,,,,,,,,,,,,,,,,,,,,,,,,,,,,,,,,,,,,,,,,,,,"0","0","0","0","-77,000","28,000","0","-38,000","-1,498,000","-807,000","-93,000","-330,000","-164,000","-125,000","-63,000",,,,,,,,,,,,,,,,,,,,,,,,,,,,,,,,,,,,,,,,,,,,,,,,,,,,,,,,,,,,,,,,,,,,,,,,,,,,,,,,,,,,,
			NetIncomeExtraordinary,,,,,,,,,,,,,,,,,,,,,,,,,,,,,,,,,,,,,,,,,,,,,,,,,,,,,,,,,,,,,,,,,,,,,,,,,,,,,,,,,"0",,,,,,,,,,,,,,,,,,,,,,,,,,,,,,,,,,,,,,,,,,,,,,,,,,,,,,,,,,,,,,,,,,,
DilutedNIAvailtoComStockholders,"67,212,000","19,536,000","794,000","28,717,000","18,165,000","898,000","-4,195,000","33,926,000","37,024,000","-32,418,000","-11,189,000","24,229,000","29,896,000","14,279,000","-12,054,000","27,830,000","29,900,000","17,231,000","40,059,000","28,776,000","43,708,000","38,796,000","23,663,000","51,050,000","49,360,000","33,083,000","15,473,000","30,824,000","33,827,000","20,258,000","9,432,000","20,807,000","16,490,000","7,895,000","-3,067,000","18,660,000","14,666,000","7,199,000","1,463,000","11,861,000","13,282,000","9,645,000","3,485,000","12,966,000","12,965,000","1,489,000","-5,094,000","6,747,000","4,643,000","1,648,000","-3,965,000","3,523,000","6,628,000","7,597,000","-77,953,000","10,548,000","3,090,000","6,886,000","-3,226,000","14,927,000","14,294,000","12,445,000","5,585,000","9,560,000","10,090,000","-6,503,000","3,871,000","10,722,000","-12,392,957","13,712,525","7,373,590","15,620,842","17,086,886","11,177,000","16,442,142","13,927,239","11,361,515","2,784,159","-1,110,936","4,114,553","-56,844,100","7,712,292","5,008,249","8,025,413","13,643,746","13,057,666","13,091,089","21,618,030","21,590,425","14,496,453","12,000,000","12,500,000","13,500,000","8,800,000","6,700,000","7,500,000","7,100,000","5,300,000","3,200,000","3,500,000","5,500,000","2,400,000","1,600,000","1,700,000","2,700,000","1,700,000","1,000,000","1,000,000","1,300,000","1,100,000","1,100,000","900,000","-3,300,000","300,000","-4,300,000","-500,000","-28,200,000","-1,700,000","-2,200,000","700,000","-4,100,000","-2,500,000","100,000","1,900,000",,,"400,000",,,,,,,,,,,,,,,,,,,,,
BasicEPS,,"0.66","0.03","0.95","0.6","0.03","-0.13","1.06","1.17","-1.03","-0.35","0.77","0.95","0.45","-0.38","0.89","0.96","0.55","1.29","0.93","1.41","1.24","0.75","1.62","1.57","1.02","0.47","0.94","1","0.59","0.28","0.61","0.49","0.23","-0.09","0.56","0.44","0.22","0.04","0.36","0.4","0.29","0.1","0.39",,"0.04","-0.14","0.18",,"0.04","-0.1","0.09",,"0.19","-1.99","0.27",,"0.17","-0.08","0.36",,"0.31","0.14","0.24",,"-0.16","0.1","0.23",,"0.28","0.15","0.32",,"0.23","0.34","0.29",,"0.06","-0.02","0.09",,"0.17","0.12","0.19",,"0.31","0.31","0.51",,"0.35","0.31","0.33",,"0.26","0.2","0.23",,"0.16","0.11","0.14",,"0.12","0.09","0.09",,"0.09","0.05","0.05",,"0.05","0.06","0.05",,"0.01","-0.23","-0.03",,"-0.09","-0.11","0.03",,"-0.13","0.01","0.1",,"-0.1","0.02","0.1",,"0.12","0.15","0.09",,"0.08","0.1","0.1",,"0.08","0.07","0.06",,"0.05","0.05","0.05",,"0.04","0.03","0.03"
DilutedEPS,,"0.65","0.03","0.94","0.59","0.03","-0.13","1.05","1.15","-1.03","-0.35","0.76","0.94","0.45","-0.38","0.87","0.94","0.53","1.24","0.9","1.38","1.22","0.74","1.59","1.54","1","0.46","0.91","0.97","0.58","0.27","0.59","0.47","0.23","-0.09","0.54","0.43","0.21","0.04","0.35","0.39","0.28","0.1","0.38",,"0.04","-0.14","0.18",,"0.04","-0.1","0.09",,"0.19","-1.99","0.27",,"0.17","-0.08","0.36",,"0.31","0.14","0.24",,"-0.16","0.1","0.23",,"0.28","0.15","0.32",,"0.23","0.34","0.29",,"0.06","-0.02","0.09",,"0.17","0.12","0.19",,"0.31","0.31","0.51",,"0.34","0.31","0.32",,"0.25","0.19","0.22",,"0.16","0.11","0.14",,"0.12","0.08","0.09",,"0.09","0.05","0.05",,"0.05","0.06","0.05",,"0.01","-0.23","-0.03",,"-0.09","-0.11","0.03",,"-0.13","0.01","0.1",,"-0.1","0.02","0.1",,"0.12","0.15","0.09",,"0.08","0.1","0.1",,"0.08","0.07","0.06",,"0.05","0.05","0.05",,"0.04","0.03","0.03"
BasicAverageShares,,"29,638,833","30,071,169","30,172,254","30,431,143","30,675,625","31,445,075","31,878,583","31,750,547","31,603,498","31,549,417","31,502,543","31,487,011","31,451,809","31,359,765","31,246,591","31,206,340","31,190,366","31,056,840","31,061,448","31,084,019","31,357,124","31,531,834","31,429,493","31,363,768","32,433,560","32,662,942","32,871,240","33,936,859","34,107,262","34,125,829","34,010,147","33,965,484","33,860,832","33,836,099","33,423,678","33,141,347","33,033,740","32,780,667","33,089,959","33,600,852","33,741,255","33,759,015","33,508,193",,"34,706,822","35,221,017","37,465,142",,"39,021,043","39,069,364","38,990,281",,"39,330,308","39,379,470","39,321,662",,"40,436,212","40,799,664","40,718,872",,"40,469,787","40,295,932","40,211,358",,"40,163,176","40,058,234","47,136,830",,"48,828,142","48,689,374","48,603,969",,"48,510,119","48,285,294","48,028,895",,"47,871,508","47,869,706","47,863,069",,"46,472,492","42,925,983","42,946,969",,"42,592,484","42,249,501","41,988,910",,"41,738,741","38,709,677","37,878,788",,"33,846,154","33,500,000","32,608,696",,"33,125,000","29,090,909","25,000,000",,"20,000,000","17,777,778","18,888,889",,"18,888,889","20,000,000","20,000,000",,"22,000,000","18,333,333","18,000,000",,"19,200,000","18,695,652","16,666,667",,"18,888,889","20,000,000","23,333,333",,"19,230,769","19,000,000","19,000,000",,"19,230,769","20,000,000","20,729,000",,"16,597,000","16,597,000","15,816,000",,"15,417,000","15,417,000","15,037,000",,"15,030,000","14,298,000","16,772,000",,"14,606,000","11,936,000","11,936,000",,"11,936,000","11,936,000","11,936,000"
DilutedAverageShares,,"30,119,561","30,590,076","30,614,706","30,872,506","31,299,469","31,445,075","32,425,300","32,128,098","31,603,498","31,549,417","31,826,845","31,820,296","31,786,459","31,359,765","31,834,542","31,954,013","32,407,914","32,218,324","31,891,574","31,664,148","31,909,926","32,161,566","32,200,287","32,074,169","33,050,934","33,520,136","33,886,747","34,830,901","35,028,956","35,127,398","35,117,673","34,960,049","34,763,035","33,836,099","34,638,998","34,082,228","33,842,150","33,514,416","33,721,070","34,384,915","34,682,891","34,636,520","34,216,451",,"35,323,667","35,221,017","37,567,946",,"39,054,443","39,069,364","39,281,606",,"39,346,102","39,379,470","39,421,590",,"40,486,765","40,799,664","41,174,497",,"40,770,976","40,599,162","40,509,514",,"40,163,176","40,274,160","47,305,268",,"49,178,944","49,343,172","49,169,961",,"49,082,910","48,922,381","48,486,210",,"47,873,053","47,869,706","47,866,546",,"46,601,092","43,061,255","43,014,474",,"42,700,926","42,731,489","42,649,136",,"42,579,451","38,709,677","39,062,500",,"35,200,000","35,263,158","34,090,909",,"33,125,000","29,090,909","25,000,000",,"20,000,000","20,000,000","18,888,889",,"18,888,889","20,000,000","20,000,000",,"22,000,000","18,333,333","18,000,000",,"19,200,000","18,695,652","16,666,667",,"18,888,889","20,000,000","23,333,333",,"19,230,769","19,000,000","19,000,000",,"19,230,769","20,000,000","20,729,000",,"16,597,000","16,597,000","15,816,000",,"15,417,000","15,417,000","15,037,000",,"15,030,000","14,298,000","16,772,000",,"14,606,000","11,936,000","11,936,000",,"11,936,000","11,936,000","11,936,000"
TotalOperatingIncomeAsReported,,,,,,,,,,,,,,,,,,,,,,,,,,,,,,,,"39,295,000",,,,,,,,,,,,,,,,,,,,,,,,,,,,,,,"11,985,000",,,,,,,,,"25,249,518","27,253,723",,,,,,,,,,,,,,,,,,,,,,,,,,,,,,,,,,,,,,,,,,,,,,,,,,,,,,,,,,,,,,,,,,,,,,,,,,,
TotalExpenses,"3,174,607,000","851,747,000","757,771,000","810,530,000","754,559,000","726,101,000","752,958,000","763,296,000","769,439,000","791,964,000","740,795,000","841,609,000","832,743,000","806,730,000","752,727,000","801,460,000","751,736,000","705,211,000","643,404,000","708,060,000","706,661,000","720,203,000","655,267,000","709,740,000","704,064,000","608,510,000","527,202,000","585,891,000","519,461,000","456,931,000","420,508,000","471,094,000","451,339,000","412,240,000","389,350,000","476,746,000","448,904,000","420,400,000","361,162,000","301,201,000","295,218,000","283,903,000","260,042,000","296,503,000","281,055,000","246,214,000","219,243,000","247,763,000","271,314,000","231,482,000","220,350,000","248,664,000","254,871,000","247,172,000","244,212,000","312,798,000","305,483,000","281,868,000","287,131,000","302,967,000","292,196,000","272,696,000","246,308,000","259,507,000","241,793,000","244,438,000","234,369,000","244,136,000","231,905,118","228,396,298","213,717,497","237,917,087","233,510,265","202,488,000","181,095,104","173,891,787","164,134,149","135,923,247","139,266,436","152,685,422","163,556,261","157,245,502","130,663,057","155,346,328","172,471,306","180,930,697","175,274,561","200,255,073","203,333,377","185,519,494","139,500,000","141,300,000","121,700,000","108,200,000","86,300,000","96,700,000","89,900,000","88,100,000","57,200,000","64,700,000","105,700,000","44,100,000","37,500,000","37,500,000","36,500,000","32,400,000","31,200,000","35,900,000","36,300,000","34,600,000","32,400,000","34,400,000","33,600,000","31,200,000",,"32,800,000","61,400,000","35,900,000","35,300,000","36,800,000","38,000,000","34,200,000","32,400,000","35,100,000",,,,,,,,,,,,,,,,,,,,,,,,
NetIncomeFromContinuingAndDiscontinuedOperation,"67,212,000","19,536,000","794,000","28,717,000","18,165,000","898,000","-4,195,000","33,926,000","37,024,000","-32,418,000","-11,189,000","24,229,000","29,896,000","14,279,000","-12,054,000","27,830,000","29,900,000","17,231,000","40,059,000","28,776,000","43,708,000","38,796,000","23,663,000","51,050,000","49,360,000","33,083,000","15,473,000","30,824,000","33,827,000","20,258,000","9,432,000","20,807,000","16,490,000","7,895,000","-3,067,000","18,660,000","14,666,000","7,199,000","1,463,000","11,861,000","13,282,000","9,645,000","3,485,000","12,966,000","12,965,000","1,489,000","-5,094,000","6,747,000","4,643,000","1,648,000","-3,965,000","3,523,000","6,628,000","7,597,000","-77,953,000","10,548,000","3,090,000","6,886,000","-3,226,000","14,927,000","14,294,000","12,445,000","5,585,000","9,560,000","10,090,000","-6,503,000","3,871,000","10,722,000","-12,392,957","13,712,525","7,373,590","15,620,842","17,086,886","11,177,000","16,442,142","13,927,239","11,361,515","2,784,159","-1,110,936","4,114,553","-56,844,100","7,712,292","5,008,249","8,025,413","13,643,746","13,057,666","13,091,089","21,618,030","21,590,425","14,496,453","12,000,000","12,500,000","13,500,000","8,800,000","6,700,000","7,500,000","7,100,000","5,300,000","3,200,000","3,500,000","5,500,000","2,400,000","1,600,000","1,700,000","2,700,000","1,700,000","1,000,000","1,000,000","1,300,000","1,100,000","1,100,000","900,000","-3,300,000","300,000","-4,300,000","-500,000","-25,900,000","-1,700,000","-2,200,000","700,000","-4,100,000","-2,500,000","100,000","1,900,000",,,"400,000",,,,,,,,,,,,,,,,,,,,,
NormalizedIncome,"61,158,321.36","14,330,226","827,600","28,375,455","17,433,896","-1,138,700","-4,743,134.174","30,973,262","34,801,040","-3,968,440","-11,931,820.008","22,465,333","26,522,188","9,582,614","-13,769,849.601","25,013,602","26,360,611","11,113,295","40,059,000","24,567,240","39,548,373.342","35,615,760","22,577,188","50,145,239","47,113,692.37","30,520,509","14,855,272","40,246,252","33,281,679.043","18,331,924","8,426,646","19,884,062","14,790,162.608","4,591,724","-3,414,130","17,541,000","14,168,309.906","6,309,010","926,100","10,879,688","11,502,339.207","4,944,225.829","2,003,639.315","11,042,650","10,603,550","876,050","-2,929,509.747","5,604,950","8,841,350","-1,245,150","-4,506,800","2,804,750","6,207,750","5,117,719.099","-2,247,527.919","10,344,800","10,133,514.793","5,886,464.38","-3,636,045.07","14,294,984.678","13,336,147.822","9,421,128.222","4,969,278.127","9,259,926.592","8,824,000","656,800","3,727,600","10,038,465.701","790,444","11,778,854.146","6,658,493.072","15,261,055.479","16,524,552.76","10,025,000","9,151,237.296","13,419,913.2","10,982,272.4","2,396,664.6","-1,721,333.634","3,463,389.8","-13,492,249.966","7,365,362.4","4,739,569","7,817,192","13,127,053","12,492,209.8","12,735,440.2","21,452,063.617","22,418,444.909","15,655,950","11,879,396.985","12,378,640.777","12,960,000","8,180,281.69","6,280,000","7,140,000","7,100,000","4,757,954.545","2,780,000","3,320,000","5,200,000","2,220,000","1,533,333.333","1,640,000","2,796,428.571","1,160,000","875,000","880,000","1,114,285.714","1,100,000","864,285.714","900,000","-3,300,000","300,000","-4,300,000","-571,428.571","-25,809,440.559","-1,770,833.333","-3,080,000","700,000","-4,170,689.655","-2,430,555.556","100,000","1,780,000",,,"400,000",,,,,,,,,,,,,,,,,,,,,
InterestIncome,,,,,,,,,,,,,,,,,,,,,,,,,,,,,,,,,,,,,,,,,,,"8,000","17,000","16,000","27,000","34,000","28,000","12,000","27,000","22,000","35,000","27,000","60,000","40,000",,,,,,,,"234,000",,,,,,,,,"116,290","128,179",,,,,,,,,,,,,,,,,,,,,,,,,,,,,,,,,,,,,,,,,,,,,,,,,,,,,,,,,,,,,,,,,,,,,,,,,,,
InterestExpense,"36,407,000","9,118,000","8,823,000","9,132,000","9,334,000","5,877,000","4,651,000","4,710,000","7,853,000","12,457,000","12,620,000","13,128,000","12,878,000","12,233,000","12,447,000","11,310,000","10,446,000","10,166,000","9,853,000","9,707,000","9,735,000","9,382,000","9,181,000","9,067,000","9,710,000","8,007,000","7,872,000","9,131,000","6,899,000","6,646,000","6,730,000","6,749,000","6,578,000","6,563,000","6,800,000","6,886,000","6,752,000","6,637,000","5,748,000","4,197,000","4,189,000","4,178,000","4,185,000","4,190,000","4,114,000","4,422,000","3,773,000","3,707,000","3,802,000","3,386,000","3,541,000","3,544,000","3,430,000","3,162,000","4,099,000",,,,,,,,"3,953,000",,,,,,,,,"162,466","90,908",,,,,,,,,,,,,,,,,,,,,,,,,,,,,,,,,,,,,,,,,,,,,,,,,,,,,,,,,,,,,,,,,,,,,,,,,,,
NetInterestIncome,"-37,019,000","-10,219,000","-7,546,000","-9,535,000","-9,718,000","-6,366,000","-5,050,000","-5,142,000","-8,336,000","-13,249,000","-13,348,000","-14,087,000","-14,140,000","-13,531,000","-12,447,000","-11,310,000","-10,446,000","-10,166,000","-9,853,000","-9,707,000","-9,735,000","-9,382,000","-9,181,000","-9,067,000","-9,710,000","-8,007,000","-7,872,000","-9,131,000","-6,899,000","-6,646,000","-6,730,000","-6,749,000","-6,578,000","-6,563,000","-6,800,000","-6,886,000","-6,752,000","-6,637,000","-5,748,000","-4,197,000","-4,189,000","-4,178,000","-4,177,000","-4,173,000","-4,098,000","-4,395,000","-3,739,000","-3,679,000","-3,790,000","-3,359,000","-3,519,000","-3,509,000","-3,403,000","-3,102,000","-4,059,000",,,,,,,,,,,,,,,,,,,,,,,,,,,,,,,,,,,,,,,,,,,,,,,,,,,,,,,,,,,,,,,,,,,,,,,,,,,,,,,,,,,,,,,,,,,,,
EBIT,"111,239,000","29,348,000","3,889,000","44,007,000","33,995,000","4,051,000","-1,617,000","50,668,000","57,121,000","-17,284,000","-2,714,000","43,913,000","55,484,000","32,711,000","-2,952,000","49,594,000","51,890,000","33,875,000","12,024,000","54,086,000","79,569,000","70,928,000","46,870,000","90,423,000","88,662,000","60,458,000","33,340,000","58,586,000","60,308,000","38,903,000","22,308,000","41,090,000","33,760,000","19,637,000","1,763,000","37,986,000","30,798,000","18,444,000","8,592,000","22,085,000","25,698,000","19,827,000","9,730,000","26,048,000","26,312,000","7,119,000","-4,537,000","15,606,000","11,873,000","4,632,000","-3,094,000","11,592,000","15,612,000","14,173,000","-91,247,000","21,169,000","16,604,000","11,572,000","-2,373,000","26,705,000","25,128,000","18,947,000","11,985,000","18,670,000","18,151,000","14,252,000","9,772,000","16,762,000","19,357,825","19,263,582","10,821,075","25,249,518","27,253,723","17,074,000","15,273,870","22,129,655","18,748,099","3,742,647","-2,112,839","5,795,492","-15,383,946","12,506,252","7,619,205","12,468,318","22,207,799","20,680,245","20,490,753","34,435,348","35,976,426","26,740,889","18,900,000","19,600,000","21,700,000","13,200,000","10,400,000","11,900,000","13,800,000","7,800,000","4,700,000","5,800,000","9,200,000","3,800,000","2,400,000","2,800,000","2,900,000","2,100,000","1,400,000","1,500,000","2,000,000","1,300,000","1,100,000","2,000,000","-2,700,000","300,000","27,000,000","-900,000","-28,400,000","-2,500,000","-4,300,000","1,400,000","-5,900,000","-3,500,000","600,000","3,100,000","-117,800,000","35,300,000","38,000,000","43,300,000","-114,200,000","41,000,000","53,000,000","32,100,000","-86,800,000","21,900,000","36,600,000","36,500,000","-79,800,000","26,800,000","35,600,000","24,700,000","-39,500,000","16,000,000","14,700,000","14,200,000","-29,400,000","11,100,000","10,800,000","10,900,000"
EBITDA,"261,449,000"
ReconciledCostOfRevenue,"2,759,596,000","745,730,000","656,634,000","705,866,000","651,366,000","620,011,000","645,475,000","658,356,000","657,952,000","680,206,000","633,203,000","724,379,000","720,381,000","701,767,000","633,279,000","687,163,000","642,376,000","599,573,000","540,633,000","600,847,000","606,898,000","621,476,000","561,370,000","614,990,000","605,908,000","520,408,000","450,284,000","506,978,000","446,114,000","388,238,000","355,430,000","403,468,000","387,221,000","350,352,000","327,353,000","410,119,000","384,169,000","357,665,000","301,516,000","257,066,000","252,137,000","241,386,000","220,239,000","255,187,000","239,132,000","207,045,000","181,621,000","209,322,000","227,823,000","191,334,000","180,936,000","209,971,000","213,646,000","206,733,000","206,091,000","268,415,000","262,191,000","239,390,000","247,700,000","261,118,000","252,859,000","233,299,000","210,307,000","224,254,000","208,323,000","210,864,000","202,848,000","213,174,000","199,016,493","195,943,509","181,986,298","208,669,700","200,672,514","174,615,940","151,224,328","147,049,735","138,672,712","109,265,873","111,357,930","123,580,192","115,008,022","127,018,704","106,720,647","130,223,981","143,302,411","151,713,580","147,235,563","172,987,011","177,081,944","158,792,680","119,700,000","121,000,000","101,500,000","91,600,000","73,500,000","81,200,000","76,400,000","72,000,000","48,400,000","55,600,000","89,300,000","38,000,000","32,600,000","32,400,000","31,400,000","27,500,000","26,300,000","30,600,000","31,200,000","29,800,000","27,500,000","29,200,000","27,400,000","25,500,000",,"27,400,000","29,800,000","29,000,000","26,300,000","29,600,000","28,600,000","27,700,000","26,200,000","28,700,000",,,,,,,,,,,,,,,,,,,,,,,,
ReconciledDepreciation,"150,210,000","36,637,000","37,345,000","37,765,000","38,463,000","39,079,000","43,584,000","42,312,000","44,130,000","45,871,000","46,615,000","47,355,000","47,245,000","46,341,000","45,909,000","45,534,000","44,805,000","43,355,000","42,401,000","42,651,000","40,244,000","37,410,000","35,706,000","34,546,000","36,010,000","31,583,000","29,898,000","27,449,000","25,865,000","23,986,000","23,263,000","22,930,000","23,059,000","22,726,000","23,435,000","23,552,000","24,821,000","24,530,000","20,819,000","15,311,000","15,646,000","15,561,000","15,528,000","15,958,000","15,639,000","15,491,000","15,787,000","15,616,000","17,049,000","15,851,000","15,516,000","15,191,000","15,843,000","16,163,000","16,586,000","16,843,000","17,242,000","17,509,000","17,116,000","16,241,000","16,033,000","15,685,000","14,606,000","13,046,000","12,349,000","12,429,000","12,349,000","11,507,000","11,003,058","11,524,787","12,800,023","11,265,132","11,613,398","10,110,060","11,008,530","9,334,410","8,898,453","8,885,456","10,460,239","10,829,811","10,913,966","10,207,899","8,680,574","9,041,259","10,674,945","10,456,936","9,851,659","9,133,325","9,003,712","8,655,372","7,000,000","7,100,000","7,100,000","4,900,000","4,100,000","4,000,000","3,600,000","5,300,000","2,300,000","2,300,000","4,200,000","1,600,000","1,400,000","1,500,000","1,600,000","1,300,000","1,400,000","1,400,000","1,400,000","1,400,000","1,400,000","1,700,000","1,900,000","1,800,000",,"1,800,000","2,100,000","2,200,000","2,000,000","2,100,000","2,100,000","2,000,000","1,900,000","1,800,000",,,,,,,,,,,,,,,,,,,,,,,,
NetIncomeFromContinuingOperationNetMinorityInterest,"67,212,000","19,536,000","794,000","28,717,000","18,165,000","898,000","-4,195,000","33,926,000","37,024,000","-32,418,000","-11,189,000","24,229,000","29,896,000","14,279,000","-12,054,000","27,830,000","29,900,000","17,231,000","40,059,000","28,776,000","43,708,000","38,796,000","23,663,000","51,050,000","49,360,000","33,083,000","15,473,000","30,824,000","33,827,000","20,258,000","9,432,000","20,807,000","16,490,000","7,895,000","-3,067,000","18,660,000","14,666,000","7,199,000","1,463,000","11,861,000","13,282,000","9,645,000","3,485,000","12,966,000","12,965,000","1,489,000","-5,094,000","6,747,000","4,643,000","1,648,000","-3,965,000","3,523,000","6,705,000","7,569,000","-77,953,000","10,586,000","4,588,000","7,693,000","-3,133,000","15,257,000","14,458,000","12,570,000","5,648,000","9,560,000","10,090,000","-6,503,000","3,871,000","10,722,000","-12,392,957","13,712,525","7,373,590","15,620,842","17,086,886","11,177,000","16,442,142","13,927,239","11,361,515","2,784,159","-1,110,936","4,114,553","-56,844,100","7,712,292","5,008,249","8,025,413","13,643,746","13,057,666","13,091,089","21,618,030","21,590,425","14,496,453","12,000,000","12,500,000","13,500,000","8,800,000","6,700,000","7,500,000","7,100,000","5,300,000","3,200,000","3,500,000","5,500,000","2,400,000","1,600,000","1,700,000","2,700,000","1,700,000","1,000,000","1,000,000","1,300,000","1,100,000","1,100,000","900,000","-3,300,000","300,000","-4,300,000","-500,000","-25,900,000","-1,700,000","-2,200,000","700,000","-4,100,000","-2,500,000","100,000","1,900,000",,,"400,000",,,,,,,,,,,,,,,,,,,,,
TotalUnusualItemsExcludingGoodwill,"6,740,000","5,389,000","-56,000","415,000","992,000","2,790,000","819,000","4,001,000","2,960,000","-38,972,000","1,018,000","2,241,000","4,806,000","6,738,000","2,192,000","3,874,000","4,909,000","8,415,000",,"6,495,000","6,646,000","5,048,000","1,729,000","1,443,000","3,593,000","4,061,000","1,016,000","-15,124,000","861,000","3,067,000","1,659,000","1,523,000","2,802,000","5,469,000","570,000","1,865,000","816,000","1,459,000","826,000","1,614,000","2,882,000","7,627,000","2,357,000","2,959,000","3,633,000","943,000","-3,531,000","1,757,000","-6,459,000","4,451,000","903,000","1,105,000","765,000","3,566,000","-92,597,000","402,000","-7,558,000","2,670,000","798,000","1,572,000","1,833,000","5,189,000","1,129,000","496,000","2,110,000","-11,933,000","239,000","1,131,000","-21,972,335","3,214,397","1,182,781","594,157","928,717","1,920,000","11,942,248","845,543","632,071","645,824","617,997","1,085,272","-47,793,456","578,216","447,800","347,035","861,155","942,427","592,748","276,493","-1,364,532","-1,932,495","200,000","200,000","900,000","1,000,000","700,000","600,000",,"900,000","700,000","300,000","500,000","300,000","100,000","100,000","-100,000","900,000","200,000","200,000","300,000",,"300,000",,,,,"100,000","-100,000","100,000","1,200,000",,"100,000","-100,000",,"200,000",,,,,,,,,,,,,,,,,,,,,,,,
TotalUnusualItems,"6,740,000","5,389,000","-56,000","415,000","992,000","2,790,000","819,000","4,001,000","2,960,000","-38,972,000","1,018,000","2,241,000","4,806,000","6,738,000","2,192,000","3,874,000","4,909,000","8,415,000",,"6,495,000","6,646,000","5,048,000","1,729,000","1,443,000","3,593,000","4,061,000","1,016,000","-15,124,000","861,000","3,067,000","1,659,000","1,523,000","2,802,000","5,469,000","570,000","1,865,000","816,000","1,459,000","826,000","1,614,000","2,882,000","7,627,000","2,357,000","2,959,000","3,633,000","943,000","-3,531,000","1,757,000","-6,459,000","4,451,000","903,000","1,105,000","765,000","3,566,000","-92,597,000","402,000","-7,558,000","2,670,000","798,000","1,572,000","1,833,000","5,189,000","1,129,000","496,000","2,110,000","-11,933,000","239,000","1,131,000","-21,972,335","3,214,397","1,182,781","594,157","928,717","1,920,000","11,942,248","845,543","632,071","645,824","617,997","1,085,272","-47,793,456","578,216","447,800","347,035","861,155","942,427","592,748","276,493","-1,364,532","-1,932,495","200,000","200,000","900,000","1,000,000","700,000","600,000",,"900,000","700,000","300,000","500,000","300,000","100,000","100,000","-100,000","900,000","200,000","200,000","300,000",,"300,000",,,,,"100,000","-100,000","100,000","1,200,000",,"100,000","-100,000",,"200,000",,,,,,,,,,,,,,,,,,,,,,,,
NormalizedEBITDA,"254,709,000","60,596,000","41,290,000","81,358,000","71,466,000","40,340,000","41,148,000","88,980,000","98,291,000","67,559,000","42,883,000","89,028,000","97,923,000","72,314,000","40,765,000","91,254,000","91,786,000","68,815,000","54,425,000","90,242,000","113,167,000","103,291,000","80,847,000","123,526,000","121,079,000","87,980,000","62,222,000","101,159,000","85,312,000","59,822,000","43,913,000","62,497,000","54,017,000","36,894,000","24,628,000","59,673,000","54,803,000","41,516,000","28,585,000","35,782,000","38,462,000","27,761,000","22,901,000","39,047,000","38,318,000","21,667,000","14,781,000","29,465,000","35,381,000","16,033,000","11,519,000","25,678,000","30,690,000","26,770,000","18,167,000","37,610,000","41,404,000","26,411,000","13,945,000","41,374,000","39,328,000","29,443,000","25,462,000","31,220,000","28,390,000","38,614,000","21,882,000","27,138,000","52,333,218","27,573,972","22,438,317","35,920,493","37,939,404","25,264,060","14,340,152","30,618,522","27,014,481","11,982,279","7,729,403","15,540,031","43,323,476","22,135,935","15,851,979","21,162,542","32,021,589","30,194,754","29,749,664","43,292,180","46,344,670","37,328,756","25,700,000","26,500,000","27,900,000","17,100,000","13,800,000","15,300,000","17,400,000","12,200,000","6,300,000","7,800,000","12,900,000","5,100,000","3,700,000","4,200,000","4,600,000","2,600,000","2,600,000","2,700,000","3,100,000","2,700,000","2,200,000","3,700,000","-800,000","2,100,000","27,000,000","800,000","-26,200,000","-400,000","-3,400,000","3,500,000","-3,900,000","-1,400,000","2,500,000","4,700,000","-117,800,000","35,300,000","38,000,000","43,300,000","-114,200,000","41,000,000","53,000,000","32,100,000","-86,800,000","21,900,000","36,600,000","36,500,000","-79,800,000","26,800,000","35,600,000","24,700,000","-39,500,000","16,000,000","14,700,000","14,200,000","-29,400,000","11,100,000","10,800,000","10,900,000"
TaxRateForCalcs,"0.102","0.034","0.4","0.177","0.263","0.27","0.331","0.262","0.249","0.27","0.27","0.213","0.298","0.303","0.217","0.273","0.279","0.273","0.27","0.352","0.374","0.37","0.372","0.373","0.375","0.369","0.392","0.377","0.367","0.372","0.394","0.394","0.393","0.396","0.391","0.4","0.39","0.39","0.35","0.392","0.382","0.384","0.372","0.35","0.35","0.35","0.387","0.35","0.35","0.35","0.4","0.35","0.35","0.313","0.182","0.4","0.266","0.323","0.37","0.388","0.388","0.393","0.399","0.395","0.4","0.4","0.4","0.396","0.4","0.398","0.395","0.394","0.395","0.4","0.389","0.4","0.4","0.4","0.012","0.4","0.093","0.4","0.4","0.4","0.4","0.4","0.4","0.4","0.393","0.4","0.397","0.393","0.4","0.38","0.4","0.4","0.393","0.398","0.4","0.4","0.4","0.4","0.333","0.4","0.036","0.4","0.375","0.4","0.381","0.154","0.214","0.4","0.4","0.25","0.4","0.286","0.094","0.292","0.267","0.4","0.293","0.306","0.4","0.4",,,"0.4",,,,,,,,,,,,,,,,,,,,,
TaxEffectOfUnusualItems,"686,321.36","183,226","-22,400","73,455","260,896","753,300","270,865.826","1,048,262","737,040","-10,522,440","275,179.992","477,333","1,432,188","2,041,614","476,150.399","1,057,602","1,369,611","2,297,295","0","2,286,240","2,486,373.342","1,867,760","643,188","538,239","1,346,692.37","1,498,509","398,272","-5,701,748","315,679.043","1,140,924","653,646","600,062","1,102,162.608","2,165,724","222,870","746,000","318,309.906","569,010","289,100","632,688","1,102,339.207","2,926,225.829","875,639.315","1,035,650","1,271,550","330,050","-1,366,509.747","614,950","-2,260,650","1,557,850","361,200","386,750","267,750","1,114,719.099","-16,891,527.919","160,800","-2,012,485.207","863,464.38","294,954.93","609,984.678","711,147.822","2,040,128.222","450,278.127","195,926.592","844,000","-4,773,200","95,600","447,465.701","-8,788,934","1,280,726.146","467,684.072","234,370.479","366,383.76","768,000","4,651,343.296","338,217.2","252,828.4","258,329.6","7,599.366","434,108.8","-4,441,605.966","231,286.4","179,120","138,814","344,462","376,970.8","237,099.2","110,526.617","-536,512.091","-772,998","79,396.985","78,640.777","360,000","380,281.69","280,000","240,000","0","357,954.545","280,000","120,000","200,000","120,000","33,333.333","40,000","-3,571.429","360,000","75,000","80,000","114,285.714","0","64,285.714","0","0","0","0","28,571.429","-9,440.559","29,166.667","320,000","0","29,310.345","-30,555.556","0","80,000",,,"0",,,,,,,,,,,,,,,,,,,,,