name,ttm,03/31/2022,12/31/2021,09/30/2021,06/30/2021,03/31/2021,12/31/2020,09/30/2020,06/30/2020,03/31/2020,12/31/2019,09/30/2019,06/30/2019,03/31/2019,12/31/2018,09/30/2018,06/30/2018,03/31/2018,12/31/2017,09/30/2017,06/30/2017,03/31/2017,12/31/2016,09/30/2016,06/30/2016,03/31/2016,12/31/2015,09/30/2015,06/30/2015,03/31/2015,12/31/2014,09/30/2014,06/30/2014,03/31/2014,12/31/2013,09/30/2013,06/30/2013,03/31/2013,12/31/2012,09/30/2012,06/30/2012,03/31/2012,12/31/2011,09/30/2011,06/30/2011,03/31/2011,12/31/2010,09/30/2010,06/30/2010,03/31/2010,12/31/2009,09/30/2009,06/30/2009,03/31/2009,12/31/2008,09/30/2008,06/30/2008,03/31/2008,12/31/2007,09/30/2007,06/30/2007,03/31/2007,12/31/2006,09/30/2006,06/30/2006,03/31/2006,12/31/2005,09/30/2005,06/30/2005,03/31/2005,12/31/2004,09/30/2004,06/30/2004,03/31/2004,12/31/2003,09/30/2003,06/30/2003,03/31/2003,12/31/2002,09/30/2002,06/30/2002,03/31/2002,12/31/2001,09/30/2001,06/30/2001,03/31/2001,12/31/2000,09/30/2000,06/30/2000,03/31/2000,12/31/1999,09/30/1999,06/30/1999,03/31/1999,12/31/1998,09/30/1998,06/30/1998,03/31/1998,12/31/1997,09/30/1997,06/30/1997,03/31/1997
TotalRevenue,"3,061,240,000","718,467,000","811,527,000","816,560,000","714,686,000","652,670,000","706,639,000","664,351,000","527,803,000","583,907,000","693,747,000","786,986,000","691,867,000","577,509,000","649,385,000","714,505,000","622,224,000","550,515,000","604,645,000","637,834,000","536,563,000","473,380,000","519,829,000","524,025,000","476,867,000","437,894,000","470,579,000","481,373,000","425,148,000","395,162,000","461,951,000","453,422,000","395,462,000","353,315,000","375,402,000","360,580,000","341,543,000","335,644,000","351,246,000","316,356,000","302,377,000","297,622,000","319,402,000","299,507,000","279,802,000","262,593,000","283,815,000","260,223,000","244,228,000","250,003,000","285,563,000","264,820,000","248,614,000","233,697,000","255,719,000","280,703,000","264,450,000","247,063,000","263,707,000","246,317,000","237,133,000","170,417,000","166,755,000","161,653,000","153,803,000","146,970,000","144,318,000","137,390,000","132,245,000","117,206,000","113,079,000","99,924,000","87,022,000","81,055,000","70,105,000","53,061,000","48,141,000","33,100,000","21,594,000","17,889,000","17,525,000","17,040,000","17,728,000","15,681,000","15,939,000","14,823,000","13,858,000","14,026,000","12,918,000","11,938,000","10,800,000","11,800,000","10,700,000","8,200,000","4,100,000","3,100,000","2,600,000","2,000,000","1,900,000","1,600,000","1,100,000","800,000"
	OperatingRevenue,"3,061,240,000","718,467,000","811,527,000","816,560,000","714,686,000","652,670,000","706,639,000","664,351,000","527,803,000","583,907,000","693,747,000","786,986,000","691,867,000","577,509,000","649,385,000","714,505,000","622,224,000","550,515,000","604,645,000","637,834,000","536,563,000","473,380,000","519,829,000","524,025,000","476,867,000","437,894,000","470,579,000","481,373,000","425,148,000","395,162,000","461,951,000","453,422,000","395,462,000","353,315,000","375,402,000","360,580,000","341,543,000","335,644,000","351,246,000","316,356,000","302,377,000","297,622,000","319,402,000","299,507,000","279,802,000","262,593,000","283,815,000","260,223,000","244,228,000","250,003,000","285,563,000","264,820,000","248,614,000","233,697,000","255,719,000","280,703,000","264,450,000","247,063,000","263,707,000","246,317,000","237,133,000","170,417,000","166,755,000","161,653,000","153,803,000","146,970,000","144,318,000","137,390,000","132,245,000","117,206,000","113,079,000","99,924,000","87,022,000","81,055,000","70,105,000","53,061,000","48,141,000","33,100,000","18,594,000","17,889,000","17,525,000","17,040,000","17,728,000","15,681,000","15,939,000","14,823,000","13,858,000","14,026,000","12,918,000","11,938,000","10,800,000","11,800,000","10,700,000","8,200,000","4,100,000","3,100,000","2,600,000","2,000,000","1,900,000","1,600,000","1,100,000","800,000"
CostOfRevenue,"1,923,904,000","458,153,000","510,497,000","484,438,000","470,816,000","434,516,000","459,634,000","407,598,000","350,011,000","359,456,000","403,758,000","405,081,000","393,811,000","353,833,000","395,334,000","388,236,000","361,512,000","343,324,000","377,482,000","364,815,000","317,346,000","296,607,000","321,001,000","300,159,000","281,759,000","271,626,000","290,100,000","282,313,000","258,079,000","251,357,000","289,690,000","274,814,000","242,637,000","226,338,000","235,995,000","223,551,000","214,295,000","219,087,000","225,094,000","200,378,000","192,589,000","193,998,000","203,919,000","190,534,000","175,392,000","170,884,000","181,435,000","167,439,000","160,836,000","165,861,000","186,276,000","173,493,000","165,053,000","153,548,000","166,480,000","191,999,000","179,425,000","165,953,000","177,756,000","165,079,000","160,411,000","120,664,000","115,874,000","112,488,000","105,761,000","101,353,000","100,450,000","95,779,000","92,157,000","82,372,000","78,265,000","69,192,000","61,128,000","56,674,000","47,115,000","34,723,000","32,134,000","20,005,000","8,012,000","7,848,000","6,743,000","7,006,000","6,923,000","7,147,000","6,939,000","7,092,000","6,050,000","5,408,000","6,487,000","6,812,000","5,400,000","6,000,000","5,600,000","5,800,000","4,000,000","2,400,000","1,900,000","2,000,000","6,200,000","900,000","800,000","400,000"
GrossProfit,"1,137,336,000","260,314,000","301,030,000","332,122,000","243,870,000","218,154,000","247,005,000","256,753,000","177,792,000","224,451,000","289,989,000","381,905,000","298,056,000","223,676,000","254,051,000","326,269,000","260,712,000","207,191,000","227,163,000","273,019,000","219,217,000","176,773,000","198,828,000","223,866,000","195,108,000","166,268,000","180,479,000","199,060,000","167,069,000","143,805,000","172,261,000","178,608,000","152,825,000","126,977,000","139,407,000","137,029,000","127,248,000","116,557,000","126,152,000","115,978,000","109,788,000","103,624,000","115,483,000","108,973,000","104,410,000","91,709,000","102,380,000","92,784,000","83,392,000","84,142,000","99,287,000","91,327,000","83,561,000","80,149,000","89,239,000","88,704,000","85,025,000","81,110,000","85,951,000","81,238,000","76,722,000","49,753,000","50,881,000","49,165,000","48,042,000","45,617,000","43,868,000","41,611,000","40,088,000","34,834,000","34,814,000","30,732,000","25,894,000","24,381,000","22,990,000","18,338,000","16,007,000","13,095,000","13,582,000","10,041,000","10,782,000","10,034,000","10,805,000","8,534,000","9,000,000","7,731,000","7,808,000","8,618,000","6,431,000","5,126,000","5,400,000","5,800,000","5,100,000","2,400,000","100,000","700,000","700,000","0","-4,300,000","700,000","300,000","400,000"
OperatingExpense,"888,432,000","223,611,000","233,444,000","217,628,000","213,749,000","207,705,000","196,205,000","189,214,000","174,509,000","192,849,000","182,776,000","187,915,000","180,159,000","167,582,000","175,841,000","175,356,000","170,343,000","161,719,000","154,274,000","156,118,000","150,240,000","135,487,000","140,722,000","133,398,000","135,798,000","124,379,000","125,255,000","128,786,000","119,889,000","111,642,000","122,772,000","127,876,000","118,697,000","102,595,000","104,874,000","101,003,000","99,448,000","97,399,000","99,298,000","91,783,000","89,934,000","87,782,000","92,485,000","88,851,000","85,610,000","74,492,000","81,219,000","72,522,000","66,850,000","65,913,000","76,829,000","69,242,000","65,537,000","60,567,000","67,480,000","69,936,000","67,727,000","69,004,000","54,895,000","62,804,000","60,773,000","37,681,000","36,289,000","36,035,000","35,794,000","33,289,000","29,159,000","27,767,000","27,566,000","23,112,000","23,363,000","20,758,000","18,528,000","17,868,000","17,298,000","14,648,000","13,223,000","11,944,000","14,485,000","10,656,000","9,829,000","9,888,000","10,556,000","9,472,000","10,630,000","11,379,000","12,817,000","13,545,000","12,724,000","12,325,000","11,700,000","11,400,000","12,100,000","10,200,000","7,900,000","6,200,000","5,400,000","3,400,000","-400,000","2,500,000","2,100,000","1,400,000"
	SellingGeneralAndAdministration,"752,949,000","190,621,000","198,419,000","183,719,000","180,190,000","174,444,000","162,654,000","156,802,000","144,267,000","162,033,000","153,285,000","160,069,000","152,392,000","140,942,000","148,546,000","148,895,000","144,080,000","135,717,000","128,764,000","131,413,000","127,062,000","113,850,000","119,116,000","113,278,000","116,283,000","105,091,000","107,016,000","110,793,000","103,376,000","94,362,000","104,136,000","108,555,000","101,349,000","86,445,000","88,659,000","86,073,000","83,209,000","79,730,000","83,268,000","75,620,000","73,836,000","71,906,000","76,575,000","74,027,000","70,831,000","59,548,000","66,112,000","58,233,000","53,298,000","51,365,000","61,690,000","54,802,000","51,996,000","47,664,000","54,320,000","55,439,000","53,114,000","54,554,000","53,088,000","49,326,000","48,202,000","29,731,000","28,509,000","28,647,000","28,731,000","26,470,000","23,227,000","21,994,000","21,921,000","18,087,000","18,764,000","16,543,000","15,095,000","14,314,000","14,155,000","11,581,000","10,127,000","9,188,000","8,756,000","8,137,000","7,727,000","7,579,000","7,994,000","7,227,000","8,504,000","9,200,000","10,263,000","10,921,000","10,020,000","9,592,000","8,700,000","8,900,000","9,800,000","7,800,000","6,100,000","4,900,000","4,300,000","2,500,000","-1,200,000","2,000,000","1,900,000","1,100,000"
		GeneralAndAdministrativeExpense,"752,949,000","190,621,000","198,419,000","183,719,000","180,190,000","174,444,000","162,654,000","156,802,000","144,267,000","162,033,000","153,285,000","160,069,000","152,392,000","140,942,000","148,546,000","148,895,000","144,080,000","135,717,000","128,764,000","131,413,000","127,062,000","113,850,000","119,116,000","113,278,000","116,283,000","105,091,000","107,016,000","110,793,000","103,376,000","94,362,000","104,136,000","108,555,000","101,349,000","86,445,000","88,659,000","86,073,000","83,209,000","79,730,000","83,268,000","75,620,000","73,836,000","71,906,000","76,575,000","74,027,000","70,831,000","59,548,000","66,112,000","58,233,000","53,298,000","51,365,000","61,690,000","54,802,000","51,996,000","47,664,000",,,,,,,,,,,,,,,,,,,,,,,,,,,,,,,,,,,,,,,,,,,,,,,,
			SalariesAndWages,"495,936,000","126,765,000","128,679,000","119,421,000","121,071,000","115,668,000","110,373,000","101,577,000","90,952,000","101,240,000","102,045,000","101,354,000","98,550,000","92,795,000","89,895,000","93,108,000","91,723,000","85,706,000","78,170,000","82,134,000","78,620,000","71,863,000","75,446,000","71,899,000","73,838,000","67,237,000","67,004,000","67,070,000","64,760,000","60,328,000","64,691,000","64,587,000","60,368,000","53,574,000","54,946,000","52,819,000","51,752,000","48,727,000","49,431,000","45,549,000","44,809,000","44,266,000","44,412,000","43,969,000","43,758,000","36,335,000","37,757,000","35,007,000","31,448,000","32,172,000","35,033,000","34,733,000","31,085,000","28,596,000",,,,,,,,,,,,,,,,,,,,,,,,,,,,,,,,,,,,,,,,,,,,,,,,
			OtherGandA,"257,013,000","63,856,000","69,740,000","64,298,000","59,119,000","58,776,000","52,281,000","55,225,000","53,315,000","60,793,000","51,240,000","58,715,000","53,842,000","48,147,000","58,651,000","55,787,000","52,357,000","50,011,000","50,594,000","49,279,000","48,442,000","41,987,000","43,670,000","41,379,000","42,445,000","37,854,000","40,012,000","43,723,000","38,616,000","34,034,000","39,445,000","43,968,000","40,981,000","32,871,000","33,713,000","33,254,000","31,457,000","31,003,000","33,837,000","30,071,000","29,027,000","27,640,000","32,163,000","30,058,000","27,073,000","23,213,000","28,355,000","23,226,000","21,850,000","19,193,000","26,657,000","20,069,000","20,911,000","19,068,000",,,,,,,,,,,,,,,,,,,,,,,,,,,,,,,,,,,,,,,,,,,,,,,,
	DepreciationAmortizationDepletionIncomeStatement,"135,483,000","32,990,000","35,025,000","33,909,000","33,559,000","33,261,000","33,551,000","32,412,000","30,242,000","30,816,000","29,491,000","27,846,000","27,767,000","26,640,000","27,295,000","26,461,000","26,263,000","26,002,000","25,510,000","24,705,000","23,178,000","21,637,000","21,606,000","20,120,000","19,515,000","19,288,000","18,239,000","17,993,000","16,513,000","17,280,000","18,636,000","19,321,000","17,348,000","16,150,000","16,215,000","14,930,000","16,239,000","17,669,000","16,030,000","16,163,000","16,098,000","15,876,000","15,910,000","14,824,000","14,779,000","14,944,000","15,107,000","14,289,000","13,552,000","14,548,000","15,139,000","14,440,000","13,541,000","12,903,000","13,160,000","14,497,000","14,613,000","14,450,000","13,998,000","13,478,000","12,571,000","7,950,000","7,780,000","7,388,000","7,063,000","6,819,000","5,932,000","5,773,000","5,645,000","5,025,000","4,599,000","4,215,000","3,433,000","3,554,000","3,143,000","3,067,000","3,096,000","2,756,000","2,729,000","2,519,000","2,102,000","2,309,000","2,562,000","2,245,000","2,126,000","2,179,000","2,554,000","2,624,000","2,704,000","2,733,000","3,000,000","2,500,000","2,300,000","2,400,000","1,800,000","1,300,000","1,100,000","900,000","800,000","500,000","200,000","300,000"
		DepreciationAndAmortizationInIncomeStatement,"135,483,000","32,990,000","35,025,000","33,909,000","33,559,000","33,261,000","33,551,000","32,412,000","30,242,000","30,816,000","29,491,000","27,846,000","27,767,000","26,640,000","27,295,000","26,461,000","26,263,000","26,002,000","25,510,000","24,705,000","23,178,000","21,637,000","21,606,000","20,120,000","19,515,000","19,288,000","18,239,000","17,993,000","16,513,000","17,280,000","18,636,000","19,321,000","17,348,000","16,150,000","16,215,000","14,930,000","16,239,000","17,669,000","16,030,000","16,163,000","16,098,000","15,876,000","15,910,000","14,824,000","14,779,000","14,944,000","15,107,000","14,289,000","13,552,000","14,548,000","15,139,000","14,440,000","13,541,000","12,903,000","13,160,000","14,497,000","14,613,000","14,450,000","13,998,000","13,478,000","12,571,000","7,950,000","7,780,000","7,388,000","7,063,000","6,819,000","5,932,000","5,773,000","5,645,000","5,025,000","4,599,000","4,215,000","3,433,000","3,554,000","3,143,000","3,067,000","3,096,000","2,756,000","2,729,000","2,519,000","2,102,000","2,309,000","2,562,000","2,245,000","2,126,000","2,179,000","2,554,000","2,624,000","2,704,000","2,733,000","3,000,000","2,500,000","2,300,000","2,400,000","1,800,000","1,300,000","1,100,000","900,000","800,000","500,000","200,000","300,000"
OperatingIncome,"248,904,000","36,703,000","67,586,000","114,494,000","30,121,000","10,449,000","50,800,000","67,539,000","3,283,000","31,602,000","107,213,000","193,990,000","117,897,000","56,094,000","78,210,000","150,913,000","90,369,000","45,472,000","72,889,000","116,901,000","68,977,000","41,286,000","58,106,000","90,468,000","59,310,000","41,889,000","55,224,000","70,274,000","47,180,000","32,163,000","49,489,000","50,732,000","34,128,000","24,382,000","34,533,000","36,026,000","27,800,000","19,158,000","26,854,000","24,195,000","19,854,000","15,842,000","22,998,000","20,122,000","18,800,000","17,217,000","21,161,000","20,262,000","16,542,000","18,229,000","22,458,000","22,085,000","18,024,000","19,582,000","21,759,000","18,768,000","17,298,000","12,106,000","31,056,000","18,434,000","15,949,000","12,072,000","14,592,000","13,130,000","12,248,000","12,328,000","14,709,000","13,844,000","12,522,000","11,722,000","11,451,000","9,974,000","7,366,000","6,513,000","5,692,000","3,690,000","2,784,000","1,151,000","-903,000","-615,000","953,000","146,000","249,000","-938,000","-1,630,000","-3,648,000","-5,009,000","-4,927,000","-6,293,000","-7,199,000","-6,300,000","-5,600,000","-7,000,000","-7,800,000","-7,800,000","-5,500,000","-4,700,000","-3,400,000","-3,900,000","-1,800,000","-1,800,000","-1,000,000"
NetNonOperatingInterestIncomeExpense,"-34,516,000","-5,989,000","-9,355,000","-9,919,000","-9,253,000","-9,007,000","-8,837,000","-9,338,000","-8,723,000","-8,666,000","-8,371,000","-8,525,000","-9,516,000","-7,856,000","-8,317,000","-10,981,000","-9,645,000","-7,310,000","-7,079,000","-9,154,000","-7,917,000","-5,978,000","-6,912,000","-7,375,000","-6,515,000","-5,834,000","-5,804,000","-6,151,000","-5,600,000","-5,089,000","-4,261,000","-2,249,000","-1,815,000","-1,456,000","-1,207,000","-2,411,000","-2,158,000","-2,365,000","-2,611,000","-4,606,000","-4,273,000","-4,170,000","-4,282,000","-3,435,000","-3,699,000","-4,220,000","-4,109,000","-4,243,000","-4,459,000","-4,399,000","-5,202,000","-5,398,000","-5,768,000","-6,098,000",,,,,,,,,,,,,,,,,,,,,,,,,,,,,,,,,,,,,,,,,,,,,,,,
	InterestIncomeNonOperating,"627,000","145,000","125,000","153,000","204,000","182,000","173,000","139,000","161,000","567,000","545,000","568,000","513,000","343,000","320,000","288,000","416,000","296,000","434,000","380,000","459,000","1,170,000","452,000","349,000","443,000","452,000","528,000","539,000","494,000","609,000","593,000","797,000","627,000","532,000","560,000","527,000","417,000","494,000","500,000","877,000","1,306,000","1,310,000","1,417,000","1,745,000","1,472,000","1,115,000","1,279,000","831,000","572,000","555,000","752,000","644,000","885,000","969,000",,,,,,,,,,,,,,,,,,,,,,,,,,,,,,,,,,,,,,,,,,,,,,,,
	InterestExpenseNonOperating,"35,143,000","6,134,000","9,480,000","10,072,000","9,457,000","9,189,000","9,010,000","9,477,000","8,884,000","9,233,000","8,916,000","9,093,000","10,029,000","8,199,000","8,637,000","11,269,000","10,061,000","7,606,000","7,513,000","9,534,000","8,376,000","7,148,000","7,364,000","7,724,000","6,958,000","6,286,000","6,332,000","6,690,000","6,094,000","5,698,000","4,854,000","3,046,000","2,442,000","1,988,000","1,767,000","2,938,000","2,575,000","2,859,000","3,111,000","5,483,000","5,579,000","5,480,000","5,699,000","5,180,000","5,171,000","5,335,000","5,388,000","5,074,000","5,031,000","4,954,000","5,954,000","6,042,000","6,653,000","7,067,000",,,,,,,,,,,,,,,,,,,,,,,,,,,,,,,,,,,,,,,,,,,,,,,,
OtherIncomeExpense,"-50,710,000","-5,270,000","-37,421,000","-8,135,000","116,000","-4,001,000","13,483,000","-2,835,000","-101,362,000","-18,775,000","10,596,000","-10,967,000","-9,053,000","2,305,000","-12,244,000","-2,738,000","-20,661,000","1,849,000","-32,374,000","8,179,000","8,873,000","1,732,000","-8,848,000","-1,527,000","17,959,000","2,172,000","-7,352,000","-16,083,000","-4,716,000","-12,952,000","-2,316,000","-744,000","-3,118,000","-1,269,000","-18,925,000","25,027,000","1,184,000","-1,577,000","-27,455,000","1,579,000","-4,668,000","6,793,000","-2,357,000","-13,129,000","4,018,000","10,759,000","-72,680,000","12,100,000","-8,894,000","-4,528,000","-2,457,000","9,991,000","10,016,000","-20,060,000","-221,413,000","-14,623,000","-1,489,000","-4,341,000","5,238,000","8,141,000","1,944,000","673,000","4,851,000","1,287,000","2,959,000","1,729,000","-513,000","1,108,000","-4,308,000","-2,597,000","-2,077,000","551,000","360,000","143,000","-4,315,000","12,000","-3,023,000","16,199,000","-1,078,000","-977,000","-3,977,000","412,000","1,469,000","-3,560,000","3,146,000","4,245,000","-3,511,000","-7,766,000","-2,092,000","-1,826,000","-900,000","-1,900,000","400,000","700,000","-1,700,000","-400,000","1,200,000","300,000","800,000","300,000","200,000","100,000"
	GainOnSaleOfSecurity,"-12,296,000","-5,462,000","1,185,000","-8,135,000","116,000","-4,032,000","13,923,000","-1,368,000","2,495,000","-18,806,000","10,581,000","-10,967,000","-121,000","3,208,000","-5,196,000","-2,704,000","-20,690,000","1,935,000","-735,000","8,179,000","11,141,000","1,715,000","-8,901,000","-1,527,000","-1,944,000","2,172,000","-7,352,000","-16,010,000","-5,104,000","-12,952,000","-579,000","-711,000","-3,087,000","-1,269,000","-447,000","2,899,000","1,460,000","-1,701,000","1,138,000","1,419,000","-4,800,000","2,100,000",,,,,,,,,"3,689,000","1,751,000","9,600,000",,,,,,,,,,,,,,,,,,,,,,,,,,,,,,,,,,,,,,,,,,,,,,,,,
	EarningsFromEquityInterest,,,,,,,,,,,"0","0","0","0","0","0",,"-117,000",,,,,,,,,"0","0","0",,"18,000","-33,000","-31,000","0","-54,000","0","136,000","124,000","147,000","185,000","278,000","332,000","388,000","624,000","366,000","474,000","426,000","34,000","447,000","554,000","426,000","474,000","516,000","518,000","416,000","353,000","238,000","243,000","41,000","-9,000","636,000","240,000","105,000","197,000","187,000","171,000","279,000","254,000","407,000","245,000","77,000","164,000","125,000","-21,000","138,000","246,000",,,"-24,000","-159,000",,,,,,,,,,,,,,,,,,,,,,
	SpecialIncomeCharges,,,"-38,634,000","0","0",,"-581,000","-1,467,000","-104,554,000","0","9,831,000","0","-8,903,000","-928,000","-7,049,000","0",,,"-31,770,000","0","-2,286,000",,,,,,,,,,"0","0",,,"-18,425,000","19,319,000",,,"-32,886,000","-25,000","-4,946,000","6,461,000","816,000","-13,753,000","3,652,000","10,285,000","-65,458,000","12,066,000","-9,341,000","-5,082,000","-6,572,000","7,766,000","9,500,000","-20,578,000","-221,829,000","-14,976,000","-1,727,000","-4,584,000","5,197,000","8,150,000","1,308,000","433,000","4,746,000","1,090,000","2,772,000","1,558,000","-792,000","854,000","-4,715,000","-2,842,000","-2,154,000","387,000","235,000","164,000","-4,453,000","-234,000","-3,023,000","16,199,000","-1,054,000","-818,000","-3,977,000","412,000","1,469,000","-3,560,000","3,146,000","4,245,000","-3,511,000","-7,766,000","-2,092,000","-1,826,000","-900,000","-1,900,000","400,000","700,000","-1,700,000","-400,000","1,200,000","300,000","800,000","300,000","200,000","100,000"
		RestructuringAndMergernAcquisition,,,,,"0",,,,"104,600,000",,,,,,"6,600,000",,,,,,,,,,,,,,,,"0","0",,,"0","-19,319,000",,,,,,,,,,,,,,,,,,,,,,,,,,,,,,,,,,,,,,,,,,,,,,,,,,,,,,,,,,,,,,,,,,
		ImpairmentOfCapitalAssets,,,"0","0","0",,"581,000","1,467,000","104,554,000",,"0",,,,"7,049,000","0",,,"31,770,000","0","2,286,000",,,,,,,,,,"0",,,,"18,400,000",,,,"28,700,000",,,,,,,,"70,925,000","0","0","0","0","0","0","9,884,000",,,,,,,,,,,,,,,,,,,,,,,,,,,,,,,,,,,,,,,,,,,,,,,,
		WriteOff,,,,,,,,,,,,,,,,,,,,,,,,,,,,,,,,,,,,,,,,,,,,,,,,,,,,"0",,,,,,,,,,,,,,,,,,,,,,,,,,,,,,,,,,,,,,,,,,,,,,,,,,
		OtherSpecialCharges,,,,,,,,,,,,,"8,903,000","928,000",,,,,,,,,,,,,,,,,,,,,,,,,,,,,,,,,"-5,467,000","-12,066,000","9,341,000","5,082,000",,"-7,766,000","-9,500,000","10,694,000",,,,,,,,,,,,,,,,,,,,,,,,,,,,,,,,,,,,,,,,,,,,,,,,
		GainOnSaleOfBusiness,,,,,,,,,,,,,,,,,,,,,,,,,,,,,,,,,,,,,,,,,,,,,,,,,,,,"500,000",,,,,,,,,,,,,,,,,,,,,,,,,,,,,,,,,,,,,,,,,,,,,,,,,,
	OtherNonOperatingIncomeExpenses,"220,000","192,000","28,000",,,"31,000","141,000",,"697,000","31,000","-9,816,000",,"-29,000","25,000","1,000","-34,000","29,000","31,000","83,000",,"18,000","17,000","53,000",,"19,903,000",,"0","-73,000","388,000",,"-1,800,000",,,,"1,000","2,809,000","-412,000",,,,,,,,,,,,,,,,,,,,,,,,,,,,,,,,,,,,,,,,,,,,,,,,,,,,,,,,,,,,,,,,,
PretaxIncome,"163,678,000","25,444,000","20,810,000","96,440,000","20,984,000","-2,559,000","55,446,000","55,366,000","-106,802,000","4,161,000","109,438,000","174,498,000","99,328,000","50,543,000","57,649,000","137,194,000","60,063,000","40,011,000","33,436,000","115,926,000","69,933,000","37,040,000","42,346,000","81,566,000","70,754,000","38,227,000","42,068,000","48,040,000","36,864,000","14,122,000","42,912,000","47,739,000","29,195,000","21,657,000","14,401,000","58,642,000","26,826,000","15,216,000","-3,212,000","21,168,000","10,913,000","18,465,000","16,359,000","3,558,000","19,119,000","23,756,000","-55,628,000","28,119,000","3,189,000","9,302,000","14,799,000","26,678,000","22,272,000","-6,576,000","-203,130,000","687,000","11,864,000","-5,287,000","32,720,000","23,154,000","14,207,000","13,509,000","19,710,000","14,297,000","14,938,000","13,182,000","13,186,000","14,270,000","7,702,000","8,744,000","8,323,000","9,620,000","6,669,000","5,391,000","-150,000","2,165,000","-1,880,000","16,096,000","-3,407,000","-2,975,000","-4,647,000","-1,016,000","-574,000","-6,490,000","-669,000","-2,123,000","-11,638,000","-15,011,000","-10,480,000","-11,234,000",,,,,,,,,"-4,000,000",,,"-900,000"
TaxProvision,"76,180,000","17,154,000","23,948,000","22,726,000","12,352,000","6,062,000","-14,948,000","15,051,000","8,931,000","2,441,000","2,868,000","36,957,000","31,323,000","15,964,000","-2,246,000","34,937,000","16,427,000","13,667,000","56,265,000","15,573,000","18,586,000","8,971,000","13,691,000","20,784,000","15,177,000","9,143,000","8,546,000","16,716,000","10,343,000","6,997,000","12,754,000","12,830,000","8,707,000","5,724,000","5,247,000","10,668,000","8,661,000","3,156,000","9,556,000","6,827,000","5,187,000","5,367,000","5,271,000","6,483,000","6,825,000","6,125,000","5,714,000","7,054,000","4,344,000","5,787,000","6,012,000","8,110,000","6,397,000","5,317,000","2,071,000","-6,057,000","2,908,000","10,997,000","12,605,000","6,634,000","4,990,000","3,933,000","4,036,000","3,638,000","3,599,000","3,570,000","3,746,000","3,929,000","3,471,000","3,830,000","3,467,000","3,657,000","2,289,000","2,105,000","1,936,000","740,000","895,000","675,000","-460,000","-449,000","262,000","-1,665,000","-971,000","1,015,000","-1,792,000","-282,000","350,000","767,000","20,000","51,000",,,,,,,,,"0",,,"-100,000"
NetIncomeCommonStockholders,"87,689,000","8,297,000","-3,125,000","73,882,000","8,635,000","-8,665,000","70,235,000","40,249,000","-115,804,000","1,921,000","106,446,000","137,607,000","68,153,000","34,543,000","59,992,000","102,723,000","43,724,000","26,413,000","-22,933,000","100,290,000","51,365,000","28,123,000","28,911,000","60,733,000","55,677,000","29,094,000","33,487,000","31,334,000","26,809,000","7,178,000","30,087,000","35,037,000","20,502,000","16,022,000","9,995,000","47,874,000","18,111,000","12,006,000","-13,014,000","14,630,000","5,747,000","13,172,000","10,968,000","-3,180,000","11,889,000","17,284,000","-60,680,000","20,965,000","-1,483,000","2,826,000","8,206,000","18,865,000","15,544,000","-12,298,000","-201,816,000","6,070,000","7,787,000","-6,836,000","19,626,000","15,921,000","8,618,000","9,567,000","15,413,000","10,416,000","11,127,000","9,351,000","8,472,000","10,159,000","3,918,000","4,826,000","4,798,000","5,963,000","4,380,000","3,286,000","640,000","1,376,000","-2,777,000","15,421,000","-3,056,000","-2,728,000","-3,692,000","3,528,000","-575,000","-5,408,000","7,647,000","-994,000","-11,988,000","-15,778,000","-10,500,000","-11,285,000","-4,400,000","-10,000,000","-6,900,000","-9,600,000","-11,200,000","-9,300,000","-4,200,000","-3,600,000","-4,000,000","-1,500,000","-1,600,000","-800,000"
	NetIncome,"87,689,000","8,297,000","-3,125,000","73,882,000","8,635,000","-8,665,000","70,235,000","40,249,000","-115,804,000","1,921,000","106,446,000","137,607,000","68,153,000","34,543,000","59,992,000","102,723,000","43,724,000","26,413,000","-22,933,000","100,290,000","51,365,000","28,123,000","28,911,000","60,733,000","55,677,000","29,094,000","33,487,000","31,334,000","26,809,000","7,178,000","30,087,000","35,037,000","20,502,000","16,022,000","9,995,000","47,874,000","18,111,000","12,006,000","-13,014,000","14,630,000","5,747,000","13,172,000","10,968,000","-3,180,000","11,889,000","17,284,000","-60,680,000","20,965,000","-1,483,000","2,826,000","8,206,000","18,865,000","15,544,000","-12,298,000","-201,816,000","6,070,000","7,787,000","-6,836,000","19,626,000","15,921,000","8,618,000","9,567,000","15,413,000","10,416,000","11,127,000","9,351,000","8,472,000","10,159,000","3,918,000","4,826,000","4,798,000","5,963,000","4,380,000","3,286,000","640,000","1,376,000","-2,777,000","15,421,000","-3,056,000","-2,728,000","-3,692,000","3,528,000","-575,000","-5,408,000","7,647,000","-994,000","-11,988,000","-15,778,000","-10,500,000","-11,285,000","-4,400,000","-10,000,000","-6,900,000","-9,600,000","-11,200,000","-9,300,000","-4,200,000","-3,600,000","-4,000,000","-1,500,000","-1,600,000","-800,000"
		NetIncomeIncludingNoncontrollingInterests,"87,498,000","8,290,000","-3,138,000","73,714,000","8,632,000","-8,621,000","70,394,000","40,315,000","-115,733,000","1,720,000","106,570,000","137,541,000","68,005,000","34,579,000","59,895,000","102,257,000","43,636,000","26,344,000","-22,829,000","100,353,000","51,347,000","28,069,000","28,655,000","60,782,000","55,577,000","29,084,000","33,522,000","31,324,000","26,521,000","7,125,000","30,158,000","34,909,000","20,488,000","15,933,000","9,154,000","47,974,000","18,165,000","12,060,000","-12,768,000","14,341,000","5,726,000","13,098,000","11,088,000","-2,925,000","12,294,000","17,631,000","-61,342,000","21,065,000","-1,155,000","3,515,000","8,725,000","19,020,000","16,021,000","-11,954,000","-203,590,000","6,744,000","8,460,000","-6,273,000","20,115,000","16,520,000","9,217,000","9,920,000","15,674,000","10,659,000","11,339,000","9,612,000","8,805,000","10,341,000","4,231,000","4,914,000","4,856,000","5,963,000","4,380,000","3,286,000","640,000","1,376,000","-2,777,000","15,421,000","-3,079,000","-2,758,000","-3,713,000","3,554,000","-575,000","-5,408,000","7,647,000","-994,000","-11,988,000","-15,778,000","-10,500,000","-11,285,000","-4,400,000","-10,000,000","-6,900,000","-9,600,000","-11,200,000","-9,300,000","-4,200,000","-3,600,000","-4,000,000","-1,500,000","-1,600,000","-800,000"
			NetIncomeContinuousOperations,"87,498,000","8,290,000","-3,138,000","73,714,000","8,632,000","-8,621,000","70,394,000","40,315,000","-115,733,000","1,720,000","106,570,000","137,541,000","68,005,000","34,579,000","59,895,000","102,257,000","43,636,000","26,344,000","-22,829,000","100,353,000","51,347,000","28,069,000","28,655,000","60,782,000","55,577,000","29,084,000","33,522,000","31,324,000","26,521,000","7,125,000","30,158,000","34,909,000","20,488,000","15,933,000","9,154,000","47,974,000","18,165,000","12,060,000","-12,768,000","14,341,000","5,726,000","13,098,000","11,088,000","-2,925,000","12,294,000","17,631,000","-61,342,000","21,065,000","-1,155,000","3,515,000","8,787,000","18,568,000","15,875,000","-11,893,000","-202,356,000","6,070,000","8,283,000","-6,836,000","19,626,000","15,921,000","8,618,000","9,223,000","15,413,000","10,416,000","11,127,000","9,351,000","9,107,000","10,159,000","3,918,000","4,826,000","4,798,000","5,963,000","4,380,000","3,286,000","-2,086,000","1,425,000","-2,775,000","15,421,000","-2,924,000","-2,496,000","-4,888,000","623,000","397,000","-7,505,000","1,123,000","-1,841,000","-11,988,000","-15,778,000","-10,500,000","-11,285,000","-5,400,000","-10,100,000","-8,400,000","-9,800,000","-14,100,000","-9,300,000","-4,200,000","-3,600,000","-4,000,000","-1,500,000","-1,600,000","-800,000"
			NetIncomeDiscontinuousOperations,,,,,,,,,,,,,,,,,,,,,,,,,,,,,,,,,,,,,,,,,,,,,,,"0","0","0","0","-62,000","452,000","146,000","-61,000","540,000",,"-496,000",,"0",,,"344,000",,,,,,,,,,,,,"-150,000","-49,000","-2,000",,"78,000","-12,000","148,000","2,905,000",,,,,,,,,,,,,,,,,,,,
			NetIncomeExtraordinary,,,,,,,,,,,,,,,,,,,,,,,,,,,,,,,,,,,,,,,,,,,,,,,,,,,,,,,,,,,,,,,,,,,,,,,,,,,,,,,,"-220,000","1,048,000",,,,,,,,,,,,,,,,,,,,,
			NetIncomeFromTaxLossCarryforward,,,,,,,,,,,,,,,,,,,,,,,,,,,,,,,,,,,,,,,,,,,,,,,,,,,,,,,,,,,,,,,,,,,,,,,,,,,,,,,,,,,"-972,000","2,097,000","6,524,000","847,000",,,,,"1,000,000","100,000","1,500,000","200,000",,,,,,,,
		MinorityInterests,"191,000","7,000","13,000","168,000","3,000","-44,000","-159,000","-66,000","-71,000","201,000","-124,000","66,000","148,000","-36,000","97,000","466,000","88,000","69,000","-104,000","-63,000","18,000","54,000","256,000","-49,000","100,000","10,000","-35,000","10,000","288,000","53,000","-71,000","128,000","14,000","89,000","841,000","-100,000","-54,000","-54,000","-246,000","289,000","21,000","74,000","-120,000","-255,000","-405,000","-347,000","662,000","-100,000","-328,000","-689,000","-519,000","-155,000","-477,000","-344,000","2,845,000","-674,000","-673,000","-563,000","-489,000","-599,000","-599,000","-353,000","-261,000","-243,000","-212,000","-261,000","-333,000","-182,000","-313,000","-88,000",,,,,,,,,"23,000","30,000","21,000","-26,000",,,,,,,,,,,,,,,,,,,,
AverageDilutionEarnings,,"900,000",,,,,,,,,,,,,,,,,,,,,,,,,,,,,,,,,,,,,,,,,,,,,,,,,,,,,,,,,,,,,,,,,,,,,,,,,,,,,,,,,,,,,,,,,,,,,,,,,,,,
DilutedNIAvailtoComStockholders,"87,689,000","8,297,000","-3,125,000","73,882,000","8,635,000","-8,665,000","70,235,000","40,249,000","-115,804,000","1,921,000","106,446,000","137,607,000","68,153,000","34,543,000","59,992,000","102,723,000","43,724,000","26,413,000","-22,933,000","100,290,000","51,365,000","28,123,000","28,911,000","60,733,000","55,677,000","29,094,000","33,487,000","31,334,000","26,809,000","7,178,000","30,087,000","35,037,000","20,502,000","16,022,000","9,995,000","47,874,000","18,111,000","12,006,000","-13,014,000","14,630,000","5,747,000","13,172,000","10,968,000","-3,180,000","11,889,000","17,284,000","-60,680,000","20,965,000","-1,483,000","2,826,000","8,206,000","18,865,000","15,544,000","-12,298,000","-201,816,000","6,070,000","7,787,000","-6,836,000","19,626,000","15,921,000","8,618,000","9,567,000","15,413,000","10,416,000","11,127,000","9,351,000","8,472,000","10,159,000","3,918,000","4,826,000","4,798,000","5,963,000","4,380,000","3,286,000","640,000","1,376,000","-2,777,000","15,421,000","-3,056,000","-2,728,000","-3,692,000","3,528,000","-575,000","-5,408,000","7,647,000","-994,000","-11,988,000","-15,778,000","-10,500,000","-11,285,000","-4,400,000","-10,000,000","-6,900,000","-9,600,000","-11,200,000","-9,300,000","-4,200,000","-3,600,000","-4,000,000","-1,500,000","-1,600,000","-800,000"
BasicEPS,,"0.162","-0.061","1.398","0.163","-0.165","1.331","0.768","-2.215","0.036","1.964","2.537","1.252","0.664","1.158","1.996","0.857","0.513","-0.434","1.904","0.978","0.536","0.553","1.163","1.069","0.559","0.632","0.593","0.515","0.139","0.583","0.665","0.391","0.314","0.198","0.954","0.362","0.241","-0.264","0.287","0.112","0.26",,"-0.063","0.232","0.338",,"0.413","-0.029","0.055",,"0.372","0.308","-0.24",,"0.12","0.16","-0.14",,"0.33","0.18","0.25",,"0.28","0.3","0.26",,"0.29","0.11","0.14",,"0.19","0.14","0.11",,"0.05","-0.1","0.61",,"-0.11","-0.21","0.16",,"-0.27","0.4","-0.06",,"-0.9","-0.64","-0.72",,"-0.64","-0.45","-0.66",,"-0.61","-0.28","-0.24",,"-0.09","-0.09","-0.05"
DilutedEPS,,"0.162","-0.061","1.37","0.16","-0.165","1.31","0.76","-2.215","0.036","1.91","2.46","1.25","0.62","1.1","1.89","0.82","0.49","-0.44","1.8","0.93","0.51","0.54","1.11","1.04","0.53","0.61","0.57","0.5","0.13","0.55","0.64","0.38","0.3","0.19","0.92","0.35","0.24","-0.264","0.28","0.11","0.26",,"-0.063","0.23","0.33",,"0.41","-0.03","0.05",,"0.36","0.3","-0.24",,"0.11","0.15","-0.14",,"0.31","0.17","0.24",,"0.26","0.28","0.24",,"0.26","0.1","0.13",,"0.17","0.13","0.1",,"0.05","-0.1","0.57",,"-0.11","-0.21","0.14",,"-0.27","0.37","-0.06",,"-0.9","-0.64","-0.72",,"-0.64","-0.45","-0.66",,"-0.61","-0.28","-0.24",,"-0.09","-0.09","-0.05"
BasicAverageShares,,"50,548,522","51,147,884","52,855,471","52,822,254","52,796,485","52,734,049","52,310,135","52,288,531","52,205,689","54,220,854","54,240,495","54,480,239","51,950,140","51,819,998","51,458,654","50,981,871","51,505,621","52,808,158","52,670,288","52,534,283","52,428,006","52,303,401","52,202,501","52,093,420","52,038,854","53,031,802","52,778,794","52,039,335","51,853,620","51,596,767","52,596,502","52,431,046","50,947,385","50,626,242","50,215,595","50,006,703","49,756,839","49,322,600","50,819,002","50,823,038","50,703,656",,"50,513,354","51,272,714","51,184,236",,"50,813,836","50,801,170","50,900,879",,"50,358,983","50,292,907","50,292,907",,"49,002,842","48,916,432","48,956,945",,"48,523,643","47,638,963","38,434,178",,"37,230,518","37,030,289","36,555,149",,"35,404,949","35,129,878","33,883,451",,"31,623,233","30,966,937","30,120,295",,"26,700,521","26,559,343","25,215,308",,"23,394,036","23,076,258","22,476,888",,"20,426,648","19,105,450","17,915,375",,"17,541,079","16,528,883","15,650,289",,"15,625,000","15,333,333","14,545,455",,"15,245,902","15,000,000","15,000,000",,"16,666,667","17,777,778","16,000,000"
DilutedAverageShares,,"54,497,863","51,945,097","53,853,675","54,008,839","52,796,485","53,427,569","53,201,971","53,080,303","54,779,321","55,783,838","55,972,061","54,702,459","55,576,867","54,665,240","54,263,892","53,492,835","53,953,246","52,808,158","55,784,485","55,210,993","54,921,779","53,973,112","54,523,211","53,781,606","54,529,588","54,824,950","54,544,763","53,658,504","53,625,641","54,337,625","54,619,793","53,773,759","52,763,650","52,828,845","52,200,472","51,517,640","50,620,437","50,002,236","51,597,319","51,671,501","51,357,390",,"51,116,512","51,957,942","51,947,914",,"51,539,150","50,914,453","51,923,122",,"51,906,902","51,240,221","50,292,907",,"54,882,604","54,738,902","48,956,945",,"54,439,296","49,359,226","43,688,014",,"42,524,973","42,748,030","42,263,210",,"42,006,633","37,745,274","36,528,742",,"34,698,436","34,058,533","33,351,456",,"29,232,003","26,559,343","26,936,990",,"23,394,036","23,076,258","26,145,733",,"20,426,648","20,667,568","17,915,375",,"17,541,079","16,528,883","15,650,289",,"15,625,000","15,333,333","14,545,455",,"15,245,902","15,000,000","15,000,000",,"16,666,667","17,777,778","16,000,000"
TotalOperatingIncomeAsReported,"210,270,000","36,703,000","28,952,000","114,494,000","30,121,000","10,449,000","50,219,000","66,072,000","-101,271,000","31,602,000","107,213,000","193,990,000","117,897,000","56,094,000","71,161,000","150,913,000","90,369,000","45,472,000","41,119,000","116,901,000","66,691,000","41,286,000","58,106,000","90,468,000","59,310,000","41,889,000","55,224,000","70,274,000","47,180,000","32,163,000","49,489,000","50,732,000","34,128,000","24,382,000","16,108,000","55,345,000","27,800,000","19,158,000","-1,886,000","24,195,000","19,854,000","15,842,000","22,998,000","20,122,000","18,800,000","17,217,000","-49,764,000","20,262,000","16,542,000","18,229,000","22,458,000","22,085,000","18,024,000","9,698,000","-198,318,000","18,768,000","17,298,000","12,106,000","31,056,000","18,434,000","15,949,000","12,072,000","14,592,000","13,130,000","12,248,000","12,328,000","14,709,000","13,844,000","12,522,000","11,722,000","11,451,000","9,974,000","7,366,000","6,513,000","5,692,000","3,690,000","2,784,000","1,151,000","-903,000","-615,000","953,000","146,000","249,000","-938,000","-1,630,000","-3,648,000","-5,009,000","-4,927,000","-6,293,000","-7,199,000","-6,300,000","-5,600,000","-7,000,000","-7,800,000","-7,800,000","-5,500,000","-4,700,000","-3,400,000","-3,900,000","-1,800,000","-1,800,000","-1,000,000"
TotalExpenses,"2,812,336,000","681,764,000","743,941,000","702,066,000","684,565,000","642,221,000","655,839,000","596,812,000","524,520,000","552,305,000","586,534,000","592,996,000","573,970,000","521,415,000","571,175,000","563,592,000","531,855,000","505,043,000","531,756,000","520,933,000","467,586,000","432,094,000","461,723,000","433,557,000","417,557,000","396,005,000","415,355,000","411,099,000","377,968,000","362,999,000","412,462,000","402,690,000","361,334,000","328,933,000","340,869,000","324,554,000","313,743,000","316,486,000","324,392,000","292,161,000","282,523,000","281,780,000","296,404,000","279,385,000","261,002,000","245,376,000","262,654,000","239,961,000","227,686,000","231,774,000","263,105,000","242,735,000","230,590,000","214,115,000","233,960,000","261,935,000","247,152,000","234,957,000","232,651,000","227,883,000","221,184,000","158,345,000","152,163,000","148,523,000","141,555,000","134,642,000","129,609,000","123,546,000","119,723,000","105,484,000","101,628,000","89,950,000","79,656,000","74,542,000","64,413,000","49,371,000","45,357,000","31,949,000","22,497,000","18,504,000","16,572,000","16,894,000","17,479,000","16,619,000","17,569,000","18,471,000","18,867,000","18,953,000","19,211,000","19,137,000","17,100,000","17,400,000","17,700,000","16,000,000","11,900,000","8,600,000","7,300,000","5,400,000","5,800,000","3,400,000","2,900,000","1,800,000"
NetIncomeFromContinuingAndDiscontinuedOperation,"87,689,000","8,297,000","-3,125,000","73,882,000","8,635,000","-8,665,000","70,235,000","40,249,000","-115,804,000","1,921,000","106,446,000","137,607,000","68,153,000","34,543,000","59,992,000","102,723,000","43,724,000","26,413,000","-22,933,000","100,290,000","51,365,000","28,123,000","28,911,000","60,733,000","55,677,000","29,094,000","33,487,000","31,334,000","26,809,000","7,178,000","30,087,000","35,037,000","20,502,000","16,022,000","9,995,000","47,874,000","18,111,000","12,006,000","-13,014,000","14,630,000","5,747,000","13,172,000","10,968,000","-3,180,000","11,889,000","17,284,000","-60,680,000","20,965,000","-1,483,000","2,826,000","8,206,000","18,865,000","15,544,000","-12,298,000","-201,952,000","6,070,000","7,787,000","-6,836,000","19,626,000","15,921,000","8,618,000","9,567,000","15,413,000","10,416,000","11,127,000","9,351,000","8,472,000","10,159,000","3,918,000","4,826,000","4,798,000","5,963,000","4,380,000","3,286,000","-2,236,000","1,376,000","-2,777,000","15,421,000","-2,846,000","-2,508,000","-4,740,000","3,528,000","397,000","-7,505,000","1,123,000","-1,841,000","-11,988,000","-15,778,000","-10,500,000","-11,285,000","-5,400,000","-10,100,000","-8,400,000","-9,800,000","-14,100,000","-9,300,000","-4,200,000","-3,600,000","-4,000,000","-1,500,000","-1,600,000","-800,000"
NormalizedIncome,"118,247,000","11,574,200","24,212,770","80,097,140","8,550,320","-5,721,640","60,495,340","42,312,880","-41,300,930","15,649,380","86,568,929.513","146,248,996","74,334,440","32,983,480","68,930,850","104,737,480","58,765,630","25,139,770","-3,430,000","93,206,986","44,865,430","26,823,030","34,934,193.572","61,870,615","57,203,040","27,441,108","39,345,461.158","41,772,520","30,478,776","14,949,200","30,493,913.73","35,556,741","22,669,074","16,955,984","21,990,992.501","29,699,676","17,122,580","13,354,893","7,622,200","13,685,586.073","8,961,900","8,588,941.348","12,828,539.153","5,759,450","9,540,671.74","9,650,777.446","-13,161,100","11,925,905.793","4,588,650","6,129,300","10,141,950","11,789,128.046","8,626,605.424","1,138,700","-58,303,150","15,804,400","9,586,692.852","-3,856,400","16,431,083.894","10,106,108.405","7,769,415.781","8,916,063.291","11,638,834.399","9,603,360.285","9,022,855.67","8,214,943.559","9,674,001.365","9,540,134.268","6,747,000","6,531,200","6,090,400","5,723,116.32","4,225,659.019","3,186,036.357","585,800","1,579,018.476","-961,200","-98,680.604","-2,012,307.015","-1,801,456.134","-2,501,800","375,800","-484,400","-5,369,000","-764,600","-5,522,132.831","-9,881,400","-11,118,400","-9,244,800","-10,189,400","-4,860,000","-8,960,000","-8,640,000","-10,220,000","-13,080,000","-9,060,000","-4,920,000","-3,780,000","-4,800,000","-1,680,000","-1,720,000","-888,888.889"
InterestIncome,"627,000","145,000","125,000","153,000","204,000","182,000","173,000","139,000","161,000","567,000","545,000","568,000","513,000","343,000","320,000","288,000","416,000","296,000","434,000","380,000","459,000","1,170,000","452,000","349,000","443,000","452,000","528,000","539,000","494,000","609,000","593,000","797,000","627,000","532,000","560,000","527,000","417,000","494,000","500,000","877,000","1,306,000","1,310,000","1,417,000","1,745,000","1,472,000","1,115,000","1,279,000","831,000","572,000","555,000","752,000","644,000","885,000","969,000",,,,,,,,,,,,,,,,,,,,,,,,,,,,,,,,,,,,,,,,,,,,,,,,
InterestExpense,"35,143,000","6,134,000","9,480,000","10,072,000","9,457,000","9,189,000","9,010,000","9,477,000","8,884,000","9,233,000","8,916,000","9,093,000","10,029,000","8,199,000","8,637,000","11,269,000","10,061,000","7,606,000","7,513,000","9,534,000","8,376,000","7,148,000","7,364,000","7,724,000","6,958,000","6,286,000","6,332,000","6,690,000","6,094,000","5,698,000","4,854,000","3,046,000","2,442,000","1,988,000","1,767,000","2,938,000","2,575,000","2,859,000","3,111,000","5,483,000","5,579,000","5,480,000","5,699,000","5,180,000","5,171,000","5,335,000","5,388,000","5,074,000","5,031,000","4,954,000","5,954,000","6,042,000","6,653,000","7,067,000",,,,,,,,,,,,,,,,,,,,,,,,,,,,,,,,,,,,,,,,,,,,,,,,
NetInterestIncome,"-34,516,000","-5,989,000","-9,355,000","-9,919,000","-9,253,000","-9,007,000","-8,837,000","-9,338,000","-8,723,000","-8,666,000","-8,371,000","-8,525,000","-9,516,000","-7,856,000","-8,317,000","-10,981,000","-9,645,000","-7,310,000","-7,079,000","-9,154,000","-7,917,000","-5,978,000","-6,912,000","-7,375,000","-6,515,000","-5,834,000","-5,804,000","-6,151,000","-5,600,000","-5,089,000","-4,261,000","-2,249,000","-1,815,000","-1,456,000","-1,207,000","-2,411,000","-2,158,000","-2,365,000","-2,611,000","-4,606,000","-4,273,000","-4,170,000","-4,282,000","-3,435,000","-3,699,000","-4,220,000","-4,109,000","-4,243,000","-4,459,000","-4,399,000","-5,202,000","-5,398,000","-5,768,000","-6,098,000",,,,,,,,,,,,,,,,,,,,,,,,,,,,,,,,,,,,,,,,,,,,,,,,
EBIT,"198,821,000","31,578,000","30,290,000","106,512,000","30,441,000","6,630,000","64,456,000","64,843,000","-97,918,000","13,394,000","118,354,000","183,591,000","109,357,000","58,742,000","66,286,000","148,463,000","70,124,000","47,617,000","40,949,000","125,460,000","78,309,000","44,188,000","49,710,000","89,290,000","77,712,000","44,513,000","48,400,000","54,730,000","42,958,000","19,820,000","47,766,000","50,785,000","31,637,000","23,645,000","16,168,000","61,580,000","29,401,000","18,075,000","-101,000","26,651,000","16,492,000","23,945,000","22,058,000","8,738,000","24,290,000","29,091,000","-50,240,000","33,193,000","8,220,000","14,256,000","20,753,000","32,720,000","28,925,000","491,000","-209,492,000","18,768,000","17,298,000","12,106,000","31,056,000","18,434,000","15,949,000","12,072,000","14,592,000","13,130,000","12,248,000","12,328,000","14,709,000","13,844,000","12,522,000","11,722,000","11,451,000","9,974,000","7,366,000","6,513,000","5,692,000","3,690,000","2,784,000","1,151,000","-903,000","-615,000","953,000","146,000","249,000","-938,000","-1,630,000","-3,648,000","-5,009,000","-4,927,000","-6,293,000","-7,199,000","-6,300,000","-5,600,000","-7,000,000","-7,800,000","-7,800,000","-5,500,000","-4,700,000","-3,400,000","-3,900,000","-1,800,000","-1,800,000","-1,000,000"
EBITDA,"334,304,000"
ReconciledCostOfRevenue,"1,923,904,000","458,153,000","510,497,000","484,438,000","470,816,000","434,516,000","459,634,000","407,598,000","350,011,000","359,456,000","403,758,000","405,081,000","393,811,000","353,833,000","395,334,000","388,236,000","361,512,000","343,324,000","377,482,000","364,815,000","317,346,000","296,607,000","321,001,000","300,159,000","281,759,000","271,626,000","290,100,000","282,313,000","258,079,000","251,357,000","289,690,000","274,814,000","242,637,000","226,338,000","235,995,000","223,551,000","214,295,000","219,087,000","225,094,000","200,378,000","192,589,000","193,998,000","203,919,000","190,534,000","175,392,000","170,884,000","181,435,000","167,439,000","160,650,000","166,047,000","186,418,000","173,493,000","165,053,000","153,548,000","169,307,000","190,180,000","178,654,000","165,228,000","177,171,000","163,743,000","159,927,000","120,381,000","115,424,000","112,038,000","105,228,000","100,755,000","99,887,000","95,413,000","91,518,000","82,372,000","78,265,000","69,192,000","61,128,000","56,674,000","47,115,000","34,723,000","32,188,000","19,951,000","10,494,000","5,366,000","6,743,000","7,006,000","12,388,000","1,682,000","6,939,000","7,092,000","6,050,000","5,408,000","6,487,000","6,812,000","5,400,000","5,900,000","5,700,000","5,800,000","4,000,000","2,400,000","1,900,000","2,000,000","6,200,000","900,000","800,000","400,000"
ReconciledDepreciation,"135,483,000","32,990,000","35,025,000","33,909,000","33,559,000","33,261,000","33,551,000","32,412,000","30,242,000","30,816,000","29,491,000","27,846,000","27,767,000","26,640,000","27,295,000","26,461,000","26,263,000","26,002,000","25,510,000","24,705,000","23,178,000","21,637,000","21,606,000","20,120,000","19,515,000","19,288,000","18,239,000","17,993,000","16,513,000","17,280,000","18,636,000","19,321,000","17,348,000","16,150,000","16,215,000","14,930,000","16,239,000","17,669,000","16,030,000","16,163,000","16,098,000","15,876,000","15,910,000","14,824,000","14,779,000","14,944,000","15,107,000","14,289,000","13,738,000","14,362,000","14,997,000","14,440,000","13,541,000","12,903,000","10,333,000","16,316,000","15,384,000","15,175,000","14,583,000","14,814,000","13,055,000","8,233,000","8,230,000","7,838,000","7,596,000","7,417,000","6,495,000","6,139,000","6,284,000","5,025,000","4,599,000","4,215,000","3,433,000","3,554,000","3,143,000","3,067,000","3,042,000","2,810,000","247,000","5,001,000","2,102,000","2,309,000","-2,903,000","7,710,000","2,126,000","2,179,000","2,554,000","2,624,000","2,704,000","2,733,000","3,000,000","2,600,000","2,200,000","2,400,000","1,800,000","1,300,000","1,100,000","900,000","800,000","500,000","200,000","300,000"
NetIncomeFromContinuingOperationNetMinorityInterest,"87,689,000","8,297,000","-3,125,000","73,882,000","8,635,000","-8,665,000","70,235,000","40,249,000","-115,804,000","1,921,000","106,446,000","137,607,000","68,153,000","34,543,000","59,992,000","102,723,000","43,724,000","26,413,000","-22,933,000","100,290,000","51,365,000","28,123,000","28,911,000","60,733,000","55,677,000","29,094,000","33,487,000","31,334,000","26,809,000","7,178,000","30,087,000","35,037,000","20,502,000","16,022,000","9,995,000","47,874,000","18,111,000","12,006,000","-13,014,000","14,630,000","5,747,000","13,172,000","10,968,000","-3,180,000","11,889,000","17,284,000","-60,680,000","20,965,000","-1,483,000","2,826,000","8,268,000","18,413,000","15,398,000","-12,237,000","-202,492,000","6,070,000","8,283,000","-6,836,000","19,626,000","15,921,000","8,618,000","9,223,000","15,413,000","10,416,000","11,127,000","9,351,000","9,107,000","10,159,000","3,918,000","4,826,000","4,798,000","5,963,000","4,380,000","3,286,000","-2,086,000","1,425,000","-2,775,000","15,421,000","-2,924,000","-2,496,000","-4,888,000","623,000","397,000","-7,505,000","1,123,000","-1,841,000","-11,988,000","-15,778,000","-10,500,000","-11,285,000","-5,400,000","-10,100,000","-8,400,000","-9,800,000","-14,100,000","-9,300,000","-4,200,000","-3,600,000","-4,000,000","-1,500,000","-1,600,000","-800,000"
TotalUnusualItemsExcludingGoodwill,"-50,930,000","-5,462,000","-37,449,000","-8,135,000","116,000","-4,032,000","13,342,000","-2,835,000","-102,059,000","-18,806,000","20,412,000","-10,967,000","-9,024,000","2,280,000","-12,245,000","-2,704,000","-20,690,000","1,935,000","-32,505,000","8,179,000","8,855,000","1,715,000","-8,901,000","-1,527,000","-1,944,000","2,172,000","-7,352,000","-16,010,000","-5,104,000","-12,952,000","-579,000","-711,000","-3,087,000","-1,269,000","-18,872,000","22,218,000","1,460,000","-1,701,000","-31,748,000","1,394,000","-4,946,000","6,461,000","-2,745,000","-13,753,000","3,652,000","10,285,000","-73,106,000","12,066,000","-9,341,000","-5,082,000","-2,883,000","9,517,000","9,500,000","-20,578,000","-221,829,000","-14,976,000","-1,727,000","-4,584,000","5,197,000","8,150,000","1,308,000","433,000","4,746,000","1,090,000","2,772,000","1,558,000","-792,000","854,000","-4,715,000","-2,842,000","-2,154,000","387,000","235,000","164,000","-4,453,000","-234,000","-3,023,000","16,199,000","-1,054,000","-818,000","-3,977,000","412,000","1,469,000","-3,560,000","3,146,000","4,245,000","-3,511,000","-7,766,000","-2,092,000","-1,826,000","-900,000","-1,900,000","400,000","700,000","-1,700,000","-400,000","1,200,000","300,000","800,000","300,000","200,000","100,000"
TotalUnusualItems,"-50,930,000","-5,462,000","-37,449,000","-8,135,000","116,000","-4,032,000","13,342,000","-2,835,000","-102,059,000","-18,806,000","20,412,000","-10,967,000","-9,024,000","2,280,000","-12,245,000","-2,704,000","-20,690,000","1,935,000","-32,505,000","8,179,000","8,855,000","1,715,000","-8,901,000","-1,527,000","-1,944,000","2,172,000","-7,352,000","-16,010,000","-5,104,000","-12,952,000","-579,000","-711,000","-3,087,000","-1,269,000","-18,872,000","22,218,000","1,460,000","-1,701,000","-31,748,000","1,394,000","-4,946,000","6,461,000","-2,745,000","-13,753,000","3,652,000","10,285,000","-73,106,000","12,066,000","-9,341,000","-5,082,000","-2,883,000","9,517,000","9,500,000","-20,578,000","-221,829,000","-14,976,000","-1,727,000","-4,584,000","5,197,000","8,150,000","1,308,000","433,000","4,746,000","1,090,000","2,772,000","1,558,000","-792,000","854,000","-4,715,000","-2,842,000","-2,154,000","387,000","235,000","164,000","-4,453,000","-234,000","-3,023,000","16,199,000","-1,054,000","-818,000","-3,977,000","412,000","1,469,000","-3,560,000","3,146,000","4,245,000","-3,511,000","-7,766,000","-2,092,000","-1,826,000","-900,000","-1,900,000","400,000","700,000","-1,700,000","-400,000","1,200,000","300,000","800,000","300,000","200,000","100,000"
NormalizedEBITDA,"385,234,000","70,030,000","102,764,000","148,556,000","63,884,000","43,923,000","84,665,000","100,090,000","34,383,000","63,016,000","127,433,000","222,404,000","146,148,000","83,102,000","105,826,000","177,628,000","117,077,000","71,684,000","98,964,000","141,986,000","92,632,000","64,110,000","80,217,000","110,937,000","99,171,000","61,629,000","73,991,000","88,733,000","64,575,000","50,052,000","66,981,000","70,817,000","52,072,000","41,064,000","51,255,000","54,292,000","44,180,000","37,445,000","47,677,000","41,420,000","37,536,000","33,360,000","40,713,000","37,315,000","35,417,000","33,750,000","37,973,000","35,416,000","31,299,000","33,886,000","38,775,000","37,643,000","32,966,000","33,972,000","25,497,000","50,060,000","34,409,000","31,865,000","40,442,000","25,098,000","27,696,000","19,872,000","18,076,000","19,878,000","17,072,000","18,187,000","21,996,000","19,129,000","23,521,000","19,589,000","18,204,000","13,802,000","10,564,000","9,903,000","13,288,000","6,991,000","8,903,000","-12,238,000","2,880,000","5,204,000","7,032,000","2,043,000","1,342,000","10,332,000","-2,650,000","-5,714,000","1,056,000","5,463,000","-1,497,000","-2,640,000","-2,400,000","-1,100,000","-5,100,000","-6,100,000","-4,300,000","-3,800,000","-4,800,000","-2,800,000","-3,900,000","-1,600,000","-1,800,000","-800,000"
TaxRateForCalcs,"0.4","0.4","0.27","0.236","0.27","0.27","0.27","0.272","0.27","0.27","0.026","0.212","0.315","0.316","0.27","0.255","0.273","0.342","0.4","0.134","0.266","0.242","0.323","0.255","0.215","0.239","0.203","0.348","0.281","0.4","0.297","0.269","0.298","0.264","0.364","0.182","0.323","0.207","0.35","0.323","0.35","0.291","0.322","0.35","0.357","0.258","0.35","0.251","0.35","0.35","0.35","0.304","0.287","0.35","0.35","0.35","0.245","0.35","0.385","0.287","0.351","0.291","0.205","0.254","0.241","0.271","0.284","0.275","0.4","0.4","0.4","0.38","0.343","0.39","0.4","0.342","0.4","0.042","0.135","0.151","0.4","0.4","0.4","0.4","0.4","0.133","0.4","0.4","0.4","0.4","0.4","0.4","0.4","0.4","0.4","0.4","0.4","0.4","0","0.4","0.4","0.111"
TaxEffectOfUnusualItems,"-20,372,000","-2,184,800","-10,111,230","-1,919,860","31,320","-1,088,640","3,602,340","-771,120","-27,555,930","-5,077,620","534,929.513","-2,325,004","-2,842,560","720,480","-3,306,150","-689,520","-5,648,370","661,770","-13,002,000","1,095,986","2,355,430","415,030","-2,877,806.428","-389,385","-417,960","519,108","-1,493,538.842","-5,571,480","-1,434,224","-5,180,800","-172,086.27","-191,259","-919,926","-335,016","-6,876,007.499","4,043,676","471,580","-352,107","-11,111,800","449,586.073","-1,731,100","1,877,941.348","-884,460.847","-4,813,550","1,303,671.74","2,651,777.446","-25,587,100","3,026,905.793","-3,269,350","-1,778,700","-1,009,050","2,893,128.046","2,728,605.424","-7,202,300","-77,640,150","-5,241,600","-423,307.148","-1,604,400","2,002,083.894","2,335,108.405","459,415.781","126,063.291","971,834.399","277,360.285","667,855.67","421,943.559","-224,998.635","235,134.268","-1,886,000","-1,136,800","-861,600","147,116.32","80,659.019","64,036.357","-1,781,200","-79,981.524","-1,209,200","679,319.396","-142,307.015","-123,456.134","-1,590,800","164,800","587,600","-1,424,000","1,258,400","563,867.169","-1,404,400","-3,106,400","-836,800","-730,400","-360,000","-760,000","160,000","280,000","-680,000","-160,000","480,000","120,000","0","120,000","80,000","11,111.111"