name,ttm,03/31/2022,12/31/2021,09/30/2021,06/30/2021,03/31/2021,12/31/2020,09/30/2020,06/30/2020,03/31/2020,12/31/2019,09/30/2019,06/30/2019,03/31/2019,12/31/2018,09/30/2018,06/30/2018,03/31/2018,12/31/2017,09/30/2017,06/30/2017,03/31/2017,12/31/2016,09/30/2016,06/30/2016,03/31/2016,12/31/2015,09/30/2015,06/30/2015,03/31/2015,12/31/2014,09/30/2014,06/30/2014,03/31/2014,12/31/2013,09/30/2013,06/30/2013,03/31/2013,12/31/2012,09/30/2012,06/30/2012,03/31/2012,12/31/2011,09/30/2011,06/30/2011,03/31/2011,12/31/2010,09/30/2010,06/30/2010,03/31/2010,12/31/2009,09/30/2009,06/30/2009,03/31/2009,12/31/2008,09/30/2008,06/30/2008,03/31/2008,12/31/2007,09/30/2007,06/30/2007,03/31/2007,12/31/2006,09/30/2006,06/30/2006,03/31/2006,12/31/2005,09/30/2005,06/30/2005,03/31/2005,12/31/2004,09/30/2004,06/30/2004,03/31/2004,12/31/2003,09/30/2003,06/30/2003,03/31/2003,12/31/2002,09/30/2002,06/30/2002,03/31/2002,12/31/2001,09/30/2001,06/30/2001,03/31/2001,12/31/2000,09/30/2000,06/30/2000,03/31/2000,12/31/1999,09/30/1999,06/30/1999,03/31/1999,12/31/1998,09/30/1998,06/30/1998,03/31/1998,12/31/1997,09/30/1997,06/30/1997,03/31/1997,12/31/1996,09/30/1996,06/30/1996,03/31/1996,12/31/1995,09/30/1995,06/30/1995,03/31/1995,12/31/1994,09/30/1994,06/30/1994,03/31/1994,12/31/1993,09/30/1993,06/30/1993,03/31/1993,12/31/1992,09/30/1992,06/30/1992,03/31/1992,12/31/1991,09/30/1991,06/30/1991,03/31/1991,12/31/1990,09/30/1990,06/30/1990,03/31/1990,12/31/1989,09/30/1989,06/30/1989,03/31/1989,12/31/1988,09/30/1988,06/30/1988,03/31/1988,11/30/1987,08/31/1987,05/31/1987,02/28/1987,11/30/1986,08/31/1986,05/31/1986,02/28/1986,11/30/1985,08/31/1985
TotalRevenue,"424,518,000","112,974,000","107,372,000","104,597,000","99,575,000","97,931,000","92,668,000","92,012,000","89,715,000","88,628,000","86,550,000","83,938,000","82,101,000","78,798,000","77,978,000","75,326,000","74,885,000","72,203,000","71,356,000","68,746,000","67,894,000","66,154,000","66,351,000","63,190,000","61,917,000","61,589,000","61,019,000","58,553,000","57,844,000","57,592,000","57,241,000","55,957,000","53,819,000","52,812,000","53,467,000","51,250,000","49,179,000","48,275,000","46,058,000","46,997,000","46,472,000","46,798,000","44,126,000","43,962,000","43,265,000","43,278,000","41,941,000","43,138,000","43,588,000","44,459,000","42,775,000","43,186,000","43,068,000","43,325,000","43,928,000","42,920,000","41,479,000","40,440,000","38,473,000","39,173,000","37,185,000","36,111,000","33,169,000","34,463,000","33,267,000","32,830,000","32,468,000","32,049,000","31,433,000","30,654,000","29,619,000","29,437,000","28,113,000","27,663,000","27,555,000","27,367,000","26,676,000","26,843,000","27,959,000","26,115,000","26,623,000","25,466,000","26,469,000","27,695,000","26,357,000","24,774,000","26,755,000","24,601,000","23,606,000","23,141,000","7,136,000","35,500,000","21,300,000","22,300,000","15,228,000","25,800,000","19,700,000","16,100,000","9,022,000","19,900,000","12,700,000","12,100,000","9,965,000","12,400,000","8,800,000","8,800,000","5,964,000","7,700,000","8,900,000","7,700,000","7,000,000","6,400,000","8,400,000","5,400,000","5,800,000","7,300,000","3,900,000","3,700,000","100,000","3,500,000","3,300,000","3,300,000","7,700,000","3,300,000","3,300,000","3,300,000","3,000,000","3,100,000","4,000,000","4,800,000","1,700,000","3,800,000","11,100,000","9,000,000","100,000","4,600,000","3,800,000","2,500,000","1,300,000","2,300,000","1,600,000","2,500,000","1,700,000","1,800,000","3,100,000","2,500,000","2,200,000","1,900,000"
	OperatingRevenue,"424,447,000","112,952,000","107,349,000","104,584,000","99,562,000","97,917,000","92,592,000","92,000,000","89,500,000","88,577,000","86,480,000","83,913,000","81,783,000","78,637,000","77,872,000","75,306,000","73,720,000","72,120,000","71,327,000","68,712,000","67,855,000","66,137,000","66,333,000","63,178,000","61,882,000","61,568,000","60,996,000","58,520,000","57,827,000","57,575,000","57,232,000","55,896,000","53,801,000","52,777,000","53,365,000","51,216,000","49,040,000","48,228,000","45,997,000","46,997,000","46,472,000","46,798,000","44,126,000","43,962,000","43,265,000","43,278,000","41,941,000","43,138,000","43,588,000","44,459,000","42,775,000","43,186,000","43,068,000","43,325,000","43,928,000","42,920,000","41,479,000","40,999,000","38,165,000","39,276,000","37,292,000","36,209,000","33,323,000","34,531,000","33,288,000","32,852,000","32,715,000","32,049,000","31,433,000","30,654,000","29,619,000","29,437,000","28,113,000","27,663,000","27,555,000","27,367,000","26,676,000","26,843,000","27,959,000","26,115,000","26,623,000","25,559,000","27,360,000","27,660,000","26,357,000","24,774,000","26,040,000","24,695,000","24,226,000","23,141,000","7,136,000","35,500,000","21,300,000","22,300,000","15,228,000","25,800,000","19,700,000","16,100,000","9,022,000","19,900,000","12,700,000","12,100,000","9,965,000","12,400,000","8,800,000","8,800,000","5,964,000","7,700,000","8,900,000","7,700,000","7,000,000","6,400,000","8,400,000","5,400,000","5,800,000","7,300,000","3,900,000","3,700,000","100,000","3,500,000","3,300,000","3,300,000","7,700,000","3,300,000","3,300,000","3,300,000","3,000,000","3,100,000","4,000,000","4,800,000","1,700,000","3,800,000","11,100,000","9,000,000","100,000","4,600,000","3,800,000","2,500,000","1,300,000","2,300,000","1,600,000","2,500,000","1,700,000","1,800,000","3,100,000","2,500,000","2,200,000","1,900,000"
CostOfRevenue,"118,322,000","31,064,000","29,557,000","29,644,000","28,057,000","27,820,000","25,863,000","26,325,000","25,351,000","25,829,000","24,294,000","23,756,000","22,922,000","22,302,000","22,547,000","21,718,000","21,453,000","20,676,000","20,748,000","20,109,000","20,244,000","19,007,000","20,217,000","18,552,000","17,758,000","17,820,000","18,147,000","16,795,000","16,047,000","16,413,000","16,261,000","15,899,000","15,625,000","15,012,000","16,052,000","14,587,000","13,684,000","13,562,000","12,907,000","13,642,000","13,400,000","13,101,000","11,748,000","12,628,000","12,575,000","12,460,000","11,397,000","13,176,000","13,045,000","13,524,000","12,263,000","12,735,000","12,670,000","12,591,000","12,815,000","12,193,000","11,536,000",,,,,,,,,,,,,,,,,,,,,,,,,,,,,,,,,,,,,,,,,,,,,,,,,,,,,,,,,,,,,,,,,,,,,,,,,,,,,,,,,,,,,,,,,,,
GrossProfit,"306,196,000","81,910,000","77,815,000","74,953,000","71,518,000","70,111,000","66,805,000","65,687,000","64,364,000","62,799,000","62,256,000","60,182,000","59,179,000","56,496,000","55,431,000","53,608,000","53,432,000","51,527,000","50,608,000","48,637,000","47,650,000","47,147,000","46,134,000","44,638,000","44,159,000","43,769,000","42,872,000","41,758,000","41,797,000","41,179,000","40,980,000","40,058,000","38,194,000","37,800,000","37,415,000","36,663,000","35,495,000","34,713,000","33,151,000","33,355,000","33,072,000","33,697,000","32,378,000","31,334,000","30,690,000","30,818,000","30,544,000","29,962,000","30,543,000","30,935,000","30,512,000","30,451,000","30,398,000","30,734,000","31,113,000","30,727,000","29,943,000",,,,,,,,,,,,,,,,,,,,,,,,,,,,,,,,,,,,,,,,,,,,,,,,,,,,,,,,,,,,,,,,,,,,,,,,,,,,,,,,,,,,,,,,,,,
OperatingExpense,"149,650,000","40,826,000","36,900,000","35,955,000","35,969,000","34,679,000","34,209,000","33,173,000","32,761,000","31,281,000","32,707,000","29,251,000","31,900,000","27,683,000","27,716,000","26,030,000","26,548,000","25,148,000","25,159,000","24,216,000","23,768,000","25,703,000","22,748,000","21,689,000","22,256,000","24,474,000","22,494,000","21,411,000","21,796,000","22,680,000","21,160,000","21,152,000","20,112,000","20,616,000","19,893,000","19,537,000","19,105,000","18,979,000","17,262,000","17,889,000","18,077,000","19,045,000","17,225,000","16,988,000","16,713,000","17,216,000","16,936,000","17,169,000","17,250,000","17,327,000","16,110,000","15,833,000","15,476,000","15,605,000","14,991,000","15,686,000","14,643,000","25,379,000","-15,736,000","24,683,000","24,104,000","23,308,000","21,778,000","22,304,000","21,369,000","21,485,000","21,859,000","20,497,000","20,438,000","30,621,000","-12,282,000","29,413,000","17,936,000","17,732,000","17,918,000","17,414,000","26,676,000","17,089,000","-12,905,000","26,089,000","15,524,000","15,303,000","15,499,000","14,627,000","14,023,000","13,367,000","14,209,000","12,757,000","12,505,000","11,944,000","74,199,000","-9,900,000","-9,800,000","-9,800,000","65,424,000","-9,700,000","-8,900,000","-7,300,000","47,169,000","-6,500,000","-6,100,000","-5,900,000","38,466,000","-6,100,000","-4,600,000","-4,200,000","32,888,000","-4,700,000","-4,400,000","-4,200,000","-3,700,000","-3,900,000","-3,600,000","-3,100,000","-3,000,000","-2,800,000","-2,100,000","-2,700,000","-2,200,000","-2,100,000","-1,900,000","-2,100,000","-2,400,000","-1,700,000","-2,000,000","-1,700,000","-2,000,000","-2,000,000","-2,200,000","-2,500,000",,,,,,,,,,,,,,,,,,
	SellingGeneralAndAdministration,"16,523,000","4,485,000","3,726,000","3,692,000","4,620,000","4,366,000","3,523,000","3,962,000","4,191,000","3,389,000","5,010,000","3,261,000","4,609,000","3,937,000","3,475,000","3,060,000","3,740,000","3,463,000","3,386,000","3,205,000","2,903,000","5,478,000","2,569,000","2,328,000","3,023,000","5,312,000","3,562,000","3,179,000","3,812,000","4,538,000","2,947,000","3,373,000","2,958,000","3,448,000","2,995,000","2,589,000","2,777,000","3,364,000","2,383,000","2,453,000","2,536,000","3,116,000","2,564,000","2,551,000","2,607,000","2,969,000","2,657,000","2,521,000","2,544,000","2,610,000","2,098,000","2,246,000","2,166,000","2,561,000","2,198,000","2,250,000","2,018,000","2,081,000","2,427,000","1,993,000","1,846,000","2,029,000","1,967,000","1,990,000","1,636,000","1,808,000","1,608,000","1,573,000","1,795,000","1,898,000","1,781,000","1,686,000","1,568,000","1,676,000","1,220,000","1,246,000","1,261,000","1,239,000","900,000","1,102,000","1,090,000","1,087,000","1,084,000","1,207,000","1,179,000","1,103,000","1,891,000","1,228,000","1,269,000","1,219,000","1,380,000","1,100,000","900,000","1,100,000","1,122,000","900,000","900,000","900,000","723,000","800,000","700,000","700,000","656,000","600,000","500,000","500,000","580,000","500,000","600,000","500,000","1,100,000","300,000","300,000","300,000","300,000","200,000","200,000",,"200,000","200,000","300,000","200,000","200,000","200,000","200,000","300,000","200,000","200,000","200,000","200,000",,,,,,,,,,,,,,,,,,
		GeneralAndAdministrativeExpense,"16,523,000","4,485,000","3,726,000","3,692,000","4,620,000","4,366,000","3,523,000","3,962,000","4,191,000","3,389,000","5,010,000","3,261,000","4,609,000","3,937,000","3,475,000","3,060,000","3,740,000","3,463,000","3,386,000","3,205,000","2,903,000","5,478,000","2,569,000","2,328,000","3,023,000","5,312,000","3,562,000","3,179,000","3,812,000","4,538,000","2,947,000","3,373,000","2,958,000","3,448,000","2,995,000","2,589,000","2,777,000","3,364,000","2,383,000",,,,,,,,,,,,,,,,,"2,250,000","2,018,000","2,081,000",,"1,993,000","1,846,000","2,029,000",,"1,990,000","1,636,000","1,808,000","1,608,000","1,573,000","1,795,000","1,898,000","1,781,000","1,686,000","1,568,000","1,676,000","1,220,000","1,246,000","1,261,000","1,239,000","900,000","1,102,000","1,090,000","1,087,000","1,084,000","1,207,000","1,179,000","1,103,000","1,891,000","1,228,000","1,269,000","1,219,000","1,380,000","1,100,000","900,000","1,100,000","1,122,000","900,000","900,000","900,000","723,000","800,000","700,000","700,000","656,000","600,000","500,000","500,000","580,000","500,000","600,000","500,000","1,100,000","300,000","300,000","300,000","300,000","200,000","200,000",,"200,000","200,000","300,000","200,000","200,000","200,000","200,000","300,000","200,000","200,000","200,000","200,000",,,,,,,,,,,,,,,,,,
			SalariesAndWages,,,,,,,,,,,,,,,,,,,,,,,,,,,,,,,,,,,,,,,,,,,,,,,,,,,,,,,,"2,250,000","2,018,000","2,081,000",,"1,993,000","1,846,000","2,029,000",,"1,990,000","1,636,000","1,808,000","1,608,000","1,573,000","1,795,000","1,898,000","1,781,000","1,686,000","1,568,000","1,676,000","1,220,000","1,246,000","1,261,000","1,239,000","900,000","1,102,000","1,090,000","1,087,000","1,084,000","1,207,000","1,179,000","1,103,000","1,891,000","1,228,000","1,269,000","1,219,000","1,400,000","1,100,000","900,000","1,100,000","1,100,000","900,000","900,000","900,000","700,000","800,000","700,000","700,000","700,000","600,000","500,000","500,000","600,000","500,000","600,000","500,000","1,100,000","300,000","300,000","300,000","300,000","200,000","200,000",,"200,000","200,000","300,000","200,000","200,000","200,000","200,000","300,000","200,000","200,000","200,000","200,000",,,,,,,,,,,,,,,,,,
			RentAndLandingFees,"545,000","175,000","103,000","133,000","134,000","330,000","139,000","248,000","166,000","108,000","105,000","110,000","103,000","93,000",,,,,,,,,,,,,,,,,,,,,,,,,,,,,,,,,,,,,,,,,,,,,,,,,,,,,,,,,,,,,,,,,,,,,,,,,,,,,,,,,,,,,,,,,,,,,,,,,,,,,,,,,,,,,,,,,,,,,,,,,,,,,,,,,,,,,,
			OtherGandA,"15,978,000","4,310,000","3,623,000","3,559,000","4,486,000","4,036,000","3,384,000","3,714,000","4,025,000","3,281,000","4,905,000","3,151,000","4,506,000","3,844,000","3,475,000","3,060,000","3,740,000","3,463,000","3,386,000","3,205,000","2,903,000","5,478,000","2,569,000","2,328,000","3,023,000","5,312,000","3,562,000","3,179,000","3,812,000","4,538,000","2,947,000","3,373,000","2,958,000","3,448,000","2,995,000","2,589,000","2,777,000","3,364,000","2,383,000",,,,,,,,,,,,,,,,,,,,,,,,,,,,,,,,,,,,,,,,,,,,,,,,,,,,,,,,,,,,,,,,,,,,,,,,,,,,,,,,,,,,,,,,,,,,,,,,,,,,,,,,,,,,,
	DepreciationAmortizationDepletionIncomeStatement,"133,127,000","36,341,000","33,174,000","32,263,000","31,349,000","30,313,000","30,686,000","29,211,000","28,570,000","27,892,000","27,697,000","25,990,000","27,291,000","23,746,000","24,241,000","22,970,000","22,808,000","21,685,000","21,773,000","21,011,000","20,865,000","20,225,000","20,179,000","19,361,000","19,233,000","19,162,000","18,932,000","18,232,000","17,984,000","18,142,000","18,213,000","17,779,000","17,154,000","17,168,000","16,898,000","16,948,000","16,328,000","15,615,000","14,879,000","15,436,000","15,541,000","15,929,000","14,661,000","14,437,000","14,106,000","14,247,000","14,279,000","14,648,000","14,706,000","14,717,000","14,012,000","13,587,000","13,310,000","13,044,000","12,793,000","13,436,000","12,625,000","12,418,000","12,596,000","12,200,000","12,026,000","11,195,000","10,206,000","10,559,000","10,310,000","10,482,000","10,843,000","9,605,000","9,751,000","9,070,000","8,551,000","8,245,000","8,277,000","8,263,000","8,641,000","7,978,000","7,744,000","7,687,000","8,375,000","7,736,000","7,325,000","7,052,000","7,231,000","6,890,000","6,676,000","6,244,000","6,210,000","5,799,000","5,911,000","5,529,000",,,,,,,,,,,,,,,,,,,,,,,,,,,,,,,,,,,,,,,,,,,,,,,,,,,,,,,,,,
		DepreciationAndAmortizationInIncomeStatement,"133,127,000","36,341,000","33,174,000","32,263,000","31,349,000","30,313,000","30,686,000","29,211,000","28,570,000","27,892,000","27,697,000","25,990,000","27,291,000","23,746,000","24,241,000","22,970,000","22,808,000","21,685,000","21,773,000","21,011,000","20,865,000","20,225,000","20,179,000","19,361,000","19,233,000","19,162,000","18,932,000","18,232,000","17,984,000","18,142,000","18,213,000","17,779,000","17,154,000","17,168,000","16,898,000","16,948,000","16,328,000","15,615,000","14,879,000","15,436,000","15,541,000","15,929,000","14,661,000","14,437,000","14,106,000","14,247,000","14,279,000","14,648,000","14,706,000","14,717,000","14,012,000","13,587,000","13,310,000","13,044,000","12,793,000","13,436,000","12,625,000","12,418,000","12,596,000","12,200,000","12,026,000","11,195,000","10,206,000","10,559,000","10,310,000","10,482,000","10,843,000","9,605,000","9,751,000","9,070,000","8,551,000","8,245,000","8,277,000","8,263,000","8,641,000","7,978,000","7,744,000","7,687,000","8,375,000","7,736,000","7,325,000","7,052,000","7,231,000","6,890,000","6,676,000","6,244,000","6,210,000","5,799,000","5,911,000","5,529,000",,,,,,,,,,,,,,,,,,,,,,,,,,,,,,,,,,,,,,,,,,,,,,,,,,,,,,,,,,
	OtherTaxes,,,,,,,,,,,,,,,,,,,,,,,,,,,,,,,,,,,,,,,,,,,,,,,,,,,,,,,,,,"-25,379,000",,"-24,683,000","-24,104,000","-23,308,000","-21,630,000","-22,125,000","-21,233,000","-21,348,000","-21,733,000","-20,382,000","-20,324,000","-19,429,000","-18,600,000","-18,204,000","-17,813,000","-17,611,000","-17,822,000","-17,307,000","-16,660,000","-19,388,000","-17,623,000","-16,436,000","-15,434,000","-15,210,000","-15,409,000","-14,541,000",,"-13,367,000",,"-12,757,000","-12,505,000","-11,944,000",,"-11,000,000","-10,700,000","-10,900,000",,"-10,600,000","-9,800,000","-8,200,000",,"-7,300,000","-6,800,000","-6,600,000",,"-6,700,000","-5,100,000","-4,700,000",,"-5,200,000","-5,000,000","-4,700,000","-4,800,000","-4,200,000","-3,900,000","-3,400,000","-3,400,000","-3,000,000","-2,300,000","-2,700,000","-4,100,000","-2,300,000","-2,200,000","-2,300,000","-2,600,000","-1,900,000","-2,200,000","-2,000,000","-2,200,000","-2,200,000","-2,400,000","-2,700,000",,,,,,,,,,,,,,,,,,
	OtherOperatingExpenses,,,,,,,,,,,,,,,,,,,,,,,,,,,,,,,,,,,,,,,,,,,,,,,,,,,,,,,,,,"36,259,000",,"35,173,000","34,336,000","33,392,000","31,235,000","31,880,000","30,656,000","30,543,000","31,141,000","29,701,000","29,216,000","39,082,000","-4,014,000","37,686,000","25,904,000","25,404,000","25,879,000","25,497,000","34,331,000","27,551,000","-4,557,000","33,687,000","22,543,000","22,374,000","22,593,000","21,071,000","6,168,000","19,387,000","-31,098,000","18,487,000","17,830,000","17,140,000",,,,,,,,,,,,,,,,,,,,,,,,,,,,,,,,,,,,,,,,,,,,,,,,,,,,,,,,,,
OperatingIncome,"156,546,000","41,084,000","40,915,000","38,998,000","35,549,000","35,432,000","32,596,000","32,514,000","31,603,000","31,518,000","29,549,000","30,931,000","27,279,000","28,813,000","27,715,000","27,578,000","26,884,000","26,379,000","25,449,000","24,421,000","23,882,000","21,444,000","23,386,000","22,949,000","21,903,000","19,295,000","20,378,000","20,347,000","20,001,000","18,499,000","19,820,000","18,906,000","18,082,000","17,184,000","17,522,000","17,126,000","16,390,000","15,734,000","15,889,000","15,466,000","14,995,000","14,652,000","15,153,000","14,346,000","13,977,000","13,602,000","13,608,000","12,793,000","13,293,000","13,608,000","14,402,000","14,618,000","14,922,000","15,129,000","16,122,000","15,041,000","15,300,000","15,061,000","13,091,000","14,490,000","13,081,000","12,803,000","11,391,000","12,159,000","11,898,000","11,345,000","10,609,000","11,552,000","10,995,000","33,000","41,901,000","24,000","10,177,000","9,931,000","9,637,000","9,953,000","0","9,754,000","40,864,000","26,000","11,099,000","10,163,000","10,970,000","13,068,000","12,334,000","11,407,000","12,546,000","11,844,000","11,101,000","11,197,000","-67,063,000","45,400,000","31,100,000","32,100,000","-50,196,000","35,500,000","28,600,000","23,400,000","-38,147,000","26,400,000","18,800,000","18,000,000","-28,501,000","18,500,000","13,400,000","13,000,000","-26,924,000","12,400,000","13,300,000","11,900,000","10,700,000","10,300,000","12,000,000","8,500,000","8,800,000","10,100,000","6,000,000","6,400,000","2,300,000","5,600,000","5,200,000","5,400,000","10,100,000","5,000,000","5,300,000","5,000,000","5,000,000","5,100,000","6,200,000","7,300,000","10,300,000","3,800,000","11,100,000","9,000,000","2,100,000","4,600,000","3,800,000","2,500,000","2,400,000","2,300,000","1,600,000","2,500,000","2,500,000","1,800,000","3,100,000","2,500,000","3,200,000","1,900,000"
NetNonOperatingInterestIncomeExpense,"-32,779,000","-8,110,000","-8,072,000","-8,416,000","-8,181,000","-8,276,000","-8,777,000","-8,347,000","-8,346,000","-8,457,000","-8,249,000","-8,522,000","-8,846,000","-8,846,000","-8,853,000","-8,804,000","-8,842,000","-8,607,000","-8,370,000","-8,704,000","-9,015,000","-8,686,000","-8,135,000","-8,841,000","-9,172,000","-9,065,000","-8,886,000","-8,492,000","-8,483,000","-8,805,000","-8,821,000","-8,781,000","-8,898,000","-8,986,000","-9,009,000","-8,845,000","-8,717,000","-8,621,000","-8,527,000","-8,426,000","-8,977,000","-9,441,000","-8,526,000","-8,596,000","-8,458,000","-8,795,000","-8,572,000","-8,760,000","-8,806,000","-8,697,000","-8,592,000","-8,464,000","-7,785,000","-7,377,000","-7,610,000","-7,471,000","-7,482,000",,,,,,,,,,,,,,,,,,,,,,,,,,,,,,,,,,,,,,,,,,,,,,,,,,,,,,,,,,,,,,,,,,,,,,,,,,,,,,,,,,,,,,,,,,,
	InterestIncomeNonOperating,,,,,,,,,,,,,,,,,,,,,,,,,,,,,,,,,,,,,,,,,,,"83,000","84,000","84,000","83,000","84,000","85,000","86,000","81,000","73,000","73,000","32,000","124,000","104,000","125,000","27,000",,,,,,,,,,,,,,,,,,,,,,,,,,,,,,,,,,,,,,,,,,,,,,,,,,,,,,,,,,,,,,,,,,,,,,,,,,,,,,,,,,,,,,,,,,,
	InterestExpenseNonOperating,"30,781,000","7,624,000","7,558,000","7,916,000","7,683,000","7,741,000","8,205,000","7,795,000","7,794,000","7,925,000","7,706,000","8,007,000","8,308,000","8,309,000","8,307,000","8,264,000","8,324,000","8,123,000","7,896,000","8,224,000","8,529,000","8,207,000","7,660,000","8,109,000","8,654,000","8,752,000","8,565,000","8,108,000","8,177,000","8,480,000","8,508,000","8,465,000","8,595,000","8,682,000","8,683,000","8,528,000","8,394,000","8,298,000","7,324,000","8,426,000","8,977,000","9,441,000","8,609,000","8,680,000","8,542,000","8,878,000","8,656,000","8,845,000","8,892,000","8,778,000","8,665,000","8,537,000","7,817,000","7,501,000","7,714,000","7,596,000","7,509,000",,,,,,,,,,,,,,,,,,,,,,,,,,,,,,,,,,,,,,,,,,,,,,,,,,,,,,,,,,,,,,,,,,,,,,,,,,,,,,,,,,,,,,,,,,,
	TotalOtherFinanceCost,"1,998,000","486,000","514,000","500,000","498,000","535,000","572,000","552,000","552,000","532,000","543,000","515,000","538,000","537,000","546,000","540,000","518,000","484,000","474,000","480,000","486,000","479,000","475,000","732,000","518,000","313,000","321,000","384,000","306,000","325,000","313,000","316,000","303,000","304,000","326,000","317,000","323,000","323,000",,,,,,,,,,,,,,,,,,,,,,,,,,,,,,,,,,,,,,,,,,,,,,,,,,,,,,,,,,,,,,,,,,,,,,,,,,,,,,,,,,,,,,,,,,,,,,,,,,,,,,,,,,,,,,
OtherIncomeExpense,"70,118,000","30,630,000","39,068,000","210,000","210,000","201,000","13,376,000","244,000","230,000","237,000","29,982,000","166,000","8,516,000","2,567,000","-279,000","4,267,000","222,000","10,976,000","588,000","255,000","22,110,000","215,000","120,000","692,000","31,362,000","11,600,000","86,000","242,000","3,145,000","367,000","1,857,000","7,736,000","58,000","316,000","213,000","233,000","117,000","195,000","87,000","-143,000","172,000","152,000","-101,000","41,000","96,000","95,000","9,000","93,000","91,000","95,000","83,000","90,000","89,000","89,000","-400,000","212,000","-53,000","366,000","2,505,000","-68,000","-85,000","-74,000",,,,,,"33,000","754,000","377,000",,"1,543,000","61,000",,,,,"210,000","93,000",,,"93,000","891,000","-35,000",,,,"94,000","620,000","1,000",,"14,000,000","200,000","1,500,000",,,,,,,,,,,,,,,"1,000,000",,"-200,000",,"2,500,000",,,,,,,,,,,,,,"-400,000","-400,000",,"900,000",,,,,,,,,,,,,,,,,,
	GainOnSaleOfSecurity,,"30,352,000","38,859,000",,,,"13,145,000",,,,"29,662,000",,"9,081,000","2,325,000","0","4,051,000",,"10,222,000","0",,"21,855,000",,"-143,000",,"30,981,000","11,332,000","0",,"2,903,000",,"1,676,000","7,417,000",,,,,,,,,,,,,,,,,,,,,,,"0",,,"7,000",,,,"36,086,000",,,,,,,,,,"154,000",,,,,,,"0",,,"93,000","891,000","-35,000",,,,"94,000","620,000","1,000",,"14,000,000","200,000","1,500,000",,,,,,,,,,,,,,,"1,000,000",,"-200,000",,"2,500,000",,,,,,,,,,,,,,"-400,000","-400,000",,"900,000",,,,,,,,,,,,,,,,,,
	EarningsFromEquityInterest,,,,,,,,,,,,,,,,,,,,,,,,,,,,,,,,,,,,,,,,,,,"87,000","87,000","87,000","86,000","84,000","84,000","83,000","84,000","106,000","82,000","82,000","81,000","-87,000","-89,000","-58,000",,,,,,,,,,,,,,,,,,,,,,,,,,,,,,,,,,,,,,,,,,,,,,,,,,,,,,,,,,,,,,,,,,,,,,,,,,,,,,,,,,,,,,,,,,,
	SpecialIncomeCharges,,,,,,,,,,,,,,,,,,,"0","0",,,"0","-161,000",,,"-164,000","0","0",,"-50,000","0","-160,000","0","-8,000","-16,000","-138,000","-29,000","-369,000","-143,000","172,000","152,000","-188,000","-46,000","9,000","9,000","-75,000","9,000","8,000","11,000",,"8,000","7,000","8,000",,"301,000","5,000","359,000","2,829,000","-68,000","-85,000","-36,160,000","-133,144,000","0","0","0","-1,407,000","33,000","754,000","377,000",,"1,389,000","61,000","0","0","0","0","210,000",,,,,,,,,,,,,,,,,,,,,,,,,,,,,,,,,,,,,,,,,,,,,,,,,,,,,,,,,,,,,,,,,,,,,,
		RestructuringAndMergernAcquisition,,,,,,,,,,,,,,,,,,,"0","0",,,"0","161,000",,,"164,000","0","0",,"50,000","0","160,000","0","8,000","16,000","138,000","29,000","124,000","45,000","0","19,000","197,000","55,000",,,,,,,,,,,,,,,,,,,,,,,,,,,,,,,,,,,,,,,,,,,,,,,,,,,,,,,,,,,,,,,,,,,,,,,,,,,,,,,,,,,,,,,,,,,,,,,,,,,,,,,,
		OtherSpecialCharges,,,,,,,,,,,,,,,,,,,,,,,,,,,,,,,,,,,,,,,,"98,000","-172,000","-171,000",,,,,,,,,,,,,,,,"-352,000",,,,,,"7,000","16,000","1,068,000",,,,,,,,,,,,"-104,000",,,,,,,,,,,,,,,,,,,,,,,,,,,,,,,,,,,,,,,,,,,,,,,,,,,,,,,,,,,,,,,,,,,,,,
		GainOnSaleOfPPE,,,,,,,,,,,,,,,,,,,,,,,,,,,,,,,,,,,,,,,,,,,"9,000","9,000","9,000","9,000","9,000","9,000","8,000","11,000",,"8,000",,,,,"5,000","7,000",,,,,,"7,000","16,000","1,068,000","0","33,000","754,000","377,000",,"1,389,000","61,000","0","0","0","0","106,000",,,,,,,,,,,,,,,,,,,,,,,,,,,,,,,,,,,,,,,,,,,,,,,,,,,,,,,,,,,,,,,,,,,,,,
	OtherNonOperatingIncomeExpenses,"907,000","278,000","209,000","210,000","210,000","201,000","231,000","244,000","230,000","237,000","320,000","166,000","-565,000","242,000","-279,000","216,000","222,000","754,000","588,000","255,000","255,000","215,000","263,000","853,000","381,000","268,000","250,000","242,000","242,000","367,000","231,000","319,000","218,000","316,000","221,000","249,000","255,000","224,000","211,000",,,,,,,,,,,,,,,,,,,,,,,,,,,,,,,,,,,,,,,,,,,,,,,,,,,,,,,,,,,,,,,,,,,,,,,,,,,,,,,,,,,,,,,,,,,,,,,,,,,,,,,,,,,,,
PretaxIncome,"193,885,000","63,604,000","71,911,000","30,792,000","27,578,000","27,357,000","37,195,000","24,411,000","23,487,000","23,298,000","51,282,000","22,575,000","26,949,000","22,534,000","18,583,000","23,041,000","18,264,000","28,748,000","17,667,000","15,972,000","36,977,000","12,973,000","15,371,000","14,800,000","44,093,000","21,830,000","11,578,000","12,097,000","14,663,000","10,061,000","12,856,000","17,861,000","9,242,000","8,514,000","8,726,000","8,514,000","7,790,000","7,308,000","7,449,000","6,897,000","6,190,000","5,363,000","6,526,000","5,791,000","5,615,000","4,902,000",,,,,,,,,,,,,,,,,,,,,,,,,,,,,,,,,,,,,,,,,,,,,,,,,,,,,,,,,,,,,,,,,,,,,,,,,,,,,,,,,,,,,,,,,,,,,,,,,,,,,,
NetIncomeCommonStockholders,"193,798,000","63,580,000","71,889,000","30,771,000","27,558,000","27,339,000","37,181,000","24,401,000","23,484,000","23,297,000","49,609,000","22,571,000","26,953,000","22,529,000","18,556,000","23,010,000","18,227,000","28,713,000","17,590,000","15,884,000","36,890,000","12,819,000","15,224,000","14,661,000","43,913,000","21,711,000","11,435,000","11,968,000","14,533,000","9,930,000","12,722,000","17,729,000","9,118,000","8,372,000","9,455,000","8,363,000","7,643,000","7,154,000","12,238,000","6,771,000","7,973,000","5,403,000","6,405,000","5,670,000","5,492,000","4,792,000","4,922,000","4,023,000","4,477,000","4,903,000","5,678,000","6,147,000","7,156,000","7,678,000","8,433,000","7,176,000","9,090,000","7,435,000","8,645,000","7,058,000","5,476,000","5,931,000","10,921,000","5,264,000","4,920,000","5,505,000","4,264,000","5,191,000","5,232,000","4,880,000","4,968,000","6,753,000","4,625,000","4,356,000","4,103,000","2,360,000","3,523,000","2,762,000","2,913,000","2,671,000","4,426,000","3,608,000","5,126,000","6,073,000","8,664,000","4,311,000","13,002,000","4,526,000","4,513,000","4,463,000","3,829,000","18,400,000","4,700,000","5,400,000","7,666,000","9,200,000","5,400,000","5,000,000","4,279,000","9,900,000","3,500,000","3,100,000","5,209,000","2,700,000","2,000,000","2,500,000","2,911,000","1,100,000","2,300,000","1,500,000","900,000","1,200,000","3,800,000","1,300,000","1,500,000","3,700,000","800,000","500,000","-4,900,000","400,000","500,000","300,000","3,900,000","600,000","400,000","700,000","300,000","400,000","900,000","1,400,000","-1,900,000","600,000","8,300,000","7,000,000","-1,000,000","4,300,000","3,500,000","2,200,000","1,100,000","2,100,000","1,300,000","2,200,000","1,500,000","1,600,000","2,900,000","2,300,000","1,900,000","1,700,000"
	NetIncome,"193,798,000","63,580,000","71,889,000","30,771,000","27,558,000","27,339,000","37,181,000","24,401,000","23,484,000","23,297,000","49,609,000","22,571,000","26,953,000","22,529,000","18,556,000","23,010,000","18,227,000","28,713,000","17,590,000","15,884,000","36,890,000","12,819,000","15,224,000","14,661,000","43,913,000","21,711,000","11,435,000","11,968,000","14,533,000","9,930,000","12,722,000","17,729,000","9,118,000","8,372,000","9,455,000","8,363,000","7,643,000","7,154,000","12,238,000","6,771,000","7,973,000","5,403,000","6,405,000","5,670,000","5,492,000","4,792,000","4,922,000","4,023,000","4,477,000","4,903,000","5,678,000","6,147,000","7,156,000","7,678,000","8,433,000","7,872,000","9,746,000","8,091,000","9,301,000","7,714,000","6,132,000","6,587,000","11,577,000","5,920,000","5,576,000","6,161,000","4,920,000","5,847,000","5,888,000","5,536,000","5,624,000","7,409,000","5,281,000","5,012,000","4,759,000","5,163,000","5,259,000","5,264,000","5,415,000","5,173,000","6,928,000","6,110,000","7,628,000","8,575,000","11,166,000","6,813,000","15,504,000","7,028,000","7,015,000","6,965,000","6,355,000","19,600,000","5,900,000","6,600,000","8,636,000","10,200,000","5,500,000","5,000,000","4,279,000","9,900,000","3,500,000","3,100,000","5,209,000","2,700,000","2,000,000","2,500,000","2,911,000","1,100,000","2,300,000","1,500,000","900,000","1,200,000","3,800,000","1,300,000","1,500,000","3,700,000","800,000","500,000","-4,900,000","400,000","500,000","300,000","3,900,000","600,000","400,000","700,000","300,000","400,000","900,000","1,400,000","-1,900,000","600,000","8,300,000","7,000,000","-1,000,000","4,300,000","3,500,000","2,200,000","1,100,000","2,100,000","1,300,000","2,200,000","1,500,000","1,600,000","2,900,000","2,300,000","1,900,000","1,700,000"
		NetIncomeIncludingNoncontrollingInterests,"193,885,000","63,604,000","71,911,000","30,792,000","27,578,000","27,357,000","37,195,000","24,411,000","23,487,000","23,298,000","51,282,000","22,575,000","26,949,000","22,534,000","18,583,000","23,041,000","18,264,000","28,748,000","17,667,000","15,972,000","36,977,000","12,973,000","15,371,000","14,800,000","44,093,000","21,830,000","11,578,000","12,097,000","14,663,000","10,061,000","12,856,000","17,861,000","9,242,000","8,514,000","9,613,000","8,514,000","7,790,000","7,308,000","12,385,000","6,897,000","8,084,000","5,522,000","6,526,000","5,791,000","5,615,000","4,902,000","5,045,000","4,126,000","4,578,000","5,006,000","5,783,000","6,244,000","7,226,000","7,841,000","8,433,000","7,872,000","9,746,000","8,247,000","8,860,000","7,847,000","6,290,000","6,737,000","11,429,000","5,741,000","5,440,000","6,024,000","4,794,000","5,732,000","5,774,000","5,407,000","5,500,000","7,287,000","5,158,000","4,891,000","4,663,000","5,056,000","5,145,000","5,165,000","5,326,000","5,070,000","6,838,000","6,017,000","7,538,000","8,489,000","11,166,000","6,898,000","14,827,000","7,108,000","7,136,000","6,866,000","6,222,000","19,500,000","5,800,000","6,500,000","9,036,000","10,100,000","5,500,000","5,000,000","4,279,000","9,900,000","3,500,000","3,100,000","5,209,000","2,700,000","2,000,000","2,500,000","2,911,000","1,100,000","2,300,000","1,500,000","1,000,000","1,200,000","3,800,000","1,300,000","1,500,000","3,700,000","800,000","500,000","-4,900,000","400,000","500,000","300,000","3,900,000","600,000","400,000","700,000","300,000","400,000","900,000","1,400,000","-1,900,000","600,000","8,300,000","7,000,000","-1,000,000","4,300,000","3,500,000","2,200,000","1,100,000","2,100,000","1,300,000","2,200,000","1,500,000","1,600,000","2,900,000","2,300,000","1,900,000","1,700,000"
			NetIncomeContinuousOperations,"193,885,000","63,604,000","71,911,000","30,792,000","27,578,000","27,357,000","37,195,000","24,411,000","23,487,000","23,298,000","51,282,000","22,575,000","26,949,000","22,534,000","18,583,000","23,041,000","18,264,000","28,748,000","17,667,000","15,972,000","36,977,000","12,973,000","15,371,000","14,800,000","44,093,000","21,830,000","11,578,000","12,097,000","14,663,000","10,061,000","12,856,000","17,861,000","9,242,000","8,514,000","8,726,000","8,514,000","7,790,000","7,308,000","7,449,000","6,897,000","6,190,000","5,363,000","6,526,000","5,791,000","5,615,000","4,902,000","5,045,000","4,126,000","4,578,000","5,006,000","5,893,000","6,244,000","7,226,000","7,841,000","8,433,000","7,782,000","7,765,000","8,091,000","8,656,000","7,374,000","6,125,000","6,580,000","5,975,000","5,913,000","5,522,000","5,032,000","4,920,000","5,814,000","5,163,000","5,126,000","5,471,000","5,996,000","5,154,000","5,012,000","4,759,000","5,157,000","5,259,000","5,160,000","5,563,000","5,213,000","6,934,000","6,081,000","15,134,000","6,073,000","8,664,000","4,311,000","15,504,000","7,028,000","7,015,000","6,965,000","6,373,000","19,600,000","5,900,000","7,000,000","6,566,000","10,200,000","5,500,000","5,000,000","4,279,000","9,900,000","3,500,000","3,100,000","5,209,000","2,700,000","2,000,000","2,500,000","2,911,000","1,100,000","2,300,000","1,500,000","900,000","1,200,000","3,800,000","1,300,000","1,500,000","3,700,000","800,000","500,000","-4,900,000","400,000","500,000","300,000","3,900,000","600,000","400,000","700,000","300,000","400,000","900,000","1,400,000","-1,900,000","600,000","8,300,000","7,000,000","-1,000,000","4,300,000","3,500,000","2,200,000","1,100,000","2,100,000","1,300,000","2,200,000","1,500,000","1,600,000","2,900,000","2,300,000","1,900,000","1,700,000"
			NetIncomeDiscontinuousOperations,,,,,,,,,,,,,,,,,,,,,,,,,,,,,,,"0","0","0","0","887,000","0","0","0","4,936,000","0","1,894,000","159,000",,,,,"0","0","0","0","-110,000","0","0","0","0","90,000","1,981,000","0","645,000","340,000","7,000","7,000","5,602,000","7,000","54,000","1,129,000","0","33,000","725,000","410,000","153,000","1,413,000","127,000","0","0","6,000","0","104,000","-148,000","-40,000","-6,000","29,000",,,,,,,,,,,,,,,,,,,,,,,,,,,,,,,,,,,,,,,,,,,,,,,,,,,,,,,,,,,,,,,,,,
			NetIncomeExtraordinary,,,,,,,,,,,,,,,,,,,,,,,,,,,,,,,,,,,,,,,,,,,,,,,,,,,,,,,,,,,,,,,,,,,,,,,,,,,,,,,,,,,,,,,"0","0","0","0","-18,000",,,"-400,000",,,,,,,,,,,,,,,,,,,,,,,,,,,,,,,,,,,,,,,,,,,,,,,,,,,,,,
		MinorityInterests,"-87,000","-24,000","-22,000","-21,000","-20,000","-18,000","-14,000","-10,000","-3,000","-1,000","-1,673,000","-4,000","4,000","-5,000","-27,000","-31,000","-37,000","-35,000","-77,000","-88,000","-87,000","-154,000","-147,000","-139,000","-180,000","-119,000","-143,000","-129,000","-130,000","-131,000","-134,000","-132,000","-124,000","-142,000","-158,000","-151,000","-147,000","-154,000","-147,000","-126,000","-111,000","-119,000","-121,000","-121,000","-123,000","-110,000","-123,000","-103,000","-101,000","-103,000","-105,000","-97,000","-70,000","-163,000",,,,"-156,000",,"-133,000","-158,000","-150,000","148,000","179,000","136,000","137,000","126,000","115,000","114,000","129,000","124,000","122,000","123,000","121,000","96,000","107,000","114,000","99,000","89,000","103,000","90,000","93,000","90,000","86,000",,"-85,000","677,000","-80,000","-121,000","99,000","133,000","100,000","100,000","100,000",,"100,000",,,,,,,,,,,,,,,,,,,,,,,,,,,,,,,,,,,,,,,,,,,,,,,,,,,,
	PreferredStockDividends,,,,,,,,,,,,,,,,,,,,,,,,,,,,,,,,,,,,,,,,,,,,,,,,,,,,,,,"0","14,000","656,000","656,000","656,000","656,000","656,000","656,000","656,000","656,000","656,000","656,000","656,000","656,000","656,000","656,000","656,000","656,000","656,000","656,000","656,000","1,025,000","1,736,000","2,502,000","2,502,000","2,502,000","2,502,000","2,502,000","2,502,000","2,502,000","2,502,000","2,502,000","2,502,000","2,502,000","2,502,000","2,502,000","2,526,000","1,200,000","1,200,000","1,200,000","970,000","1,000,000","100,000",,,,,,,,,,,,,,,,,,,,,,,,,,,,,,,,,,,,,,,,,,,,,,,,,,,
	OtherunderPreferredStockDividend,,,,,,,,,,,,,,,,,,,,,,,,,,,,,,,,,,,,,,,,,,,,,,,,,,,,,,,"0","682,000",,,,,,,,,,,,,,,,,,,"0","1,778,000",,,,,,,,,,,,,,,,,,,,,,,,,,,,,,,,,,,,,,,,,,,,,,,,,,,,,,,,,,,,,,,,,,,,,,,,
DilutedNIAvailtoComStockholders,"193,798,000","63,580,000","71,889,000","30,771,000","27,558,000","27,339,000","37,181,000","24,401,000","23,484,000","23,297,000","49,609,000","22,571,000","26,953,000","22,529,000","18,556,000","23,010,000","18,227,000","28,713,000","17,590,000","15,884,000","36,890,000","12,819,000","15,224,000","14,661,000","43,913,000","21,711,000","11,435,000","11,968,000","14,533,000","9,930,000","12,722,000","17,729,000","9,118,000","8,372,000","9,455,000","8,363,000","7,643,000","7,154,000","12,238,000","6,771,000","7,973,000","5,403,000","6,405,000","5,670,000","5,492,000","4,792,000","4,922,000","4,023,000","4,477,000","4,903,000","5,678,000","6,147,000","7,156,000","7,678,000","8,433,000","7,176,000","9,090,000","7,435,000","8,645,000","7,058,000","5,476,000","5,931,000","10,921,000","5,264,000","4,920,000","5,505,000","4,264,000","5,191,000","5,232,000","4,880,000","4,968,000","6,753,000","4,625,000","4,356,000","4,103,000","2,360,000","3,523,000","2,762,000","2,913,000","2,671,000","4,426,000","3,608,000","5,126,000","6,073,000","8,664,000","4,311,000","13,002,000","4,526,000","4,513,000","4,463,000","3,829,000","18,400,000","4,700,000","5,400,000","7,666,000","9,200,000","5,400,000","5,000,000","4,279,000","9,900,000","3,500,000","3,100,000","5,209,000","2,700,000","2,000,000","2,500,000","2,911,000","1,100,000","2,300,000","1,500,000","900,000","1,200,000","3,800,000","1,300,000","1,500,000","3,700,000","800,000","500,000","-4,900,000","400,000","500,000","300,000","3,900,000","600,000","400,000","700,000","300,000","400,000","900,000","1,400,000","-1,900,000","600,000","8,300,000","7,000,000","-1,000,000","4,300,000","3,500,000","2,200,000","1,100,000","2,100,000","1,300,000","2,200,000","1,500,000","1,600,000","2,900,000","2,300,000","1,900,000","1,700,000"
BasicEPS,,"1.54","1.76","0.76","0.69","0.69","0.94","0.62","0.6","0.6","1.29","0.6","0.73","0.62","0.51","0.64","0.52","0.83","0.51","0.46","1.09","0.38","0.46","0.45","1.36","0.67","0.36","0.37","0.45","0.31","0.4","0.56","0.29","0.27","0.31","0.28","0.25","0.24","0.41","0.23","0.28","0.2",,"0.21","0.2","0.18",,"0.15","0.17","0.18",,"0.24","0.28","0.31",,"0.29","0.37","0.31",,"0.3","0.23","0.25",,"0.24","0.22","0.25",,"0.24","0.24","0.23",,"0.32","0.22","0.21",,"0.13","0.21","0.17",,"0.17","0.28","0.23",,"0.39","0.55","0.28",,"0.29","0.29","0.29",,"1.15","0.29","0.33",,"0.56","0.33","0.31",,"0.78","0.28","0.26",,"0.26","0.28","0.4",,"0.17","0.35","0.24",,"0.19","0.61","0.23",,"0.99","0.22","0.13",,"0.11","0.13","0.09",,"0.17","0.11","0.19",,"0.09","0.25","0.37",,"0.16","2.19","1.85",,"1.11","0.91","0.56",,"0.53","0.33","0.55",,"0.41","0.72","0.56",,"0.41"
DilutedEPS,,"1.54","1.75","0.76","0.69","0.69","0.94","0.62","0.6","0.6","1.28","0.6","0.73","0.62","0.51","0.64","0.52","0.83","0.51","0.46","1.08","0.38","0.46","0.45","1.35","0.67","0.35","0.37","0.45","0.31","0.4","0.56","0.29","0.27","0.31","0.28","0.25","0.24","0.41","0.23","0.28","0.19",,"0.21","0.2","0.18",,"0.15","0.17","0.18",,"0.24","0.28","0.31",,"0.29","0.37","0.31",,"0.3","0.23","0.25",,"0.23","0.22","0.25",,"0.23","0.24","0.23",,"0.32","0.22","0.21",,"0.13","0.2","0.17",,"0.16","0.27","0.22",,"0.38","0.53","0.27",,"0.29","0.29","0.28",,"1.11","0.29","0.33",,"0.56","0.33","0.3",,"0.77","0.28","0.26",,"0.25","0.28","0.39",,"0.17","0.35","0.24",,"0.19","0.61","0.23",,"0.99","0.22","0.13",,"0.11","0.13","0.09",,"0.17","0.11","0.19",,"0.09","0.25","0.37",,"0.16","2.19","1.85",,"1.11","0.91","0.56",,"0.53","0.33","0.55",,"0.41","0.72","0.56",,"0.41"
BasicAverageShares,,"41,246,000","40,844,000","40,434,000","40,068,000","39,673,000","39,507,000","39,338,000","39,007,000","38,882,000","38,561,000","37,771,000","36,944,000","36,465,000","36,135,000","35,716,000","35,196,000","34,689,000","34,406,000","34,215,000","33,987,000","33,361,000","32,874,000","32,741,000","32,376,000","32,254,000","32,159,000","32,126,000","32,045,000","32,032,000","31,892,000","31,515,000","31,137,000","30,806,000","30,556,000","30,281,000","29,991,000","29,809,000","29,491,000","28,912,000","28,246,000","27,647,000",,"26,839,000","26,820,000","26,809,000",,"26,758,000","26,748,000","26,735,000",,"25,811,000","25,326,000","24,999,000",,"24,908,000","24,488,000","23,684,000",,"23,562,000","23,550,000","23,531,000",,"22,235,000","21,932,000","21,881,000",,"21,799,000","21,755,000","20,891,000",,"20,804,000","20,745,000","20,687,000",,"18,451,000","16,864,000","15,924,000",,"15,901,000","15,892,000","15,772,000",,"15,702,000","15,692,000","15,673,000",,"15,643,000","15,624,000","15,569,000",,"16,000,000","16,206,897","16,363,636",,"16,428,571","16,363,636","16,129,032",,"12,692,308","12,500,000","11,923,077",,"10,384,615","6,250,000","6,250,000",,"6,470,588","6,571,429","6,250,000",,"6,315,789","6,229,508","5,652,174",,"3,737,374","3,636,364","3,846,154",,"3,636,364","3,846,154","3,333,333",,"3,529,412","3,636,364","3,684,211",,"4,444,444","3,600,000","3,783,784",,"3,750,000","3,789,954","3,783,784",,"3,873,874","3,846,154","3,928,571",,"3,962,264","3,939,394","4,000,000",,"3,902,439","4,027,778","4,107,143",,"4,146,341"
DilutedAverageShares,,"41,359,000","41,011,000","40,567,000","40,165,000","39,765,000","39,653,000","39,450,000","39,077,000","38,961,000","38,687,000","37,869,000","37,019,000","36,526,000","36,232,000","35,798,000","35,259,000","34,736,000","34,505,000","34,290,000","34,040,000","33,409,000","32,964,000","32,823,000","32,440,000","32,307,000","32,314,000","32,248,000","32,139,000","32,109,000","32,043,000","31,644,000","31,244,000","30,886,000","30,699,000","30,400,000","30,096,000","29,890,000","29,614,000","29,030,000","28,341,000","27,718,000",,"26,914,000","26,897,000","26,873,000",,"26,828,000","26,815,000","26,794,000",,"25,916,000","25,413,000","25,070,000",,"25,069,000","24,647,000","23,829,000",,"23,778,000","23,776,000","23,769,000",,"22,553,000","22,237,000","22,208,000",,"22,130,000","22,073,000","21,196,000",,"21,179,000","21,142,000","21,114,000",,"18,818,000","17,225,000","16,282,000",,"16,264,000","16,254,000","16,166,000",,"16,045,000","19,208,000","16,029,000",,"15,828,000","15,785,000","15,732,000",,"16,576,577","16,206,897","16,363,636",,"16,428,571","16,363,636","16,666,667",,"12,857,143","12,500,000","11,923,077",,"10,800,000","6,410,256","6,410,256",,"6,470,588","6,571,429","6,250,000",,"6,315,789","6,229,508","5,652,174",,"3,737,374","3,636,364","3,846,154",,"3,636,364","3,846,154","3,333,333",,"3,529,412","3,636,364","3,684,211",,"4,444,444","3,600,000","3,783,784",,"3,750,000","3,789,954","3,783,784",,"3,873,874","3,846,154","3,928,571",,"3,962,264","3,939,394","4,000,000",,"3,902,439","4,027,778","4,107,143",,"4,146,341"
TotalOperatingIncomeAsReported,,,,,,,,,,,,,,,"27,715,000","27,578,000","26,884,000","26,379,000","25,449,000","24,421,000","23,882,000","21,444,000","23,386,000","22,788,000","21,903,000","19,295,000","20,214,000","20,347,000","20,001,000","18,499,000","19,770,000","18,906,000","17,922,000","17,184,000","17,514,000","17,110,000","16,252,000","15,705,000","15,765,000","15,421,000","14,995,000","14,633,000","14,956,000","14,291,000","13,977,000","13,602,000","13,608,000","12,793,000","13,293,000","13,608,000","14,402,000","14,618,000","14,922,000","15,129,000","16,122,000","15,041,000","15,300,000","15,061,000","13,091,000","14,490,000","13,081,000","12,803,000","11,232,000","12,159,000","11,936,000","11,406,000","10,609,000","11,552,000","10,995,000","33,000","41,901,000","24,000","66,000","0","39,352,000","0","0","9,858,000","40,864,000","26,000","11,099,000","10,163,000","10,970,000","13,068,000","12,334,000","11,407,000","12,546,000","11,844,000","11,101,000","11,197,000",,,,,,,,,,,,,,,,,,,,,,,,,,,,,,,,,,,,,,,,,,,,,,,,,,,,,,,,,,
RentExpenseSupplemental,"545,000","175,000","103,000","133,000","134,000","330,000","139,000","248,000","166,000","108,000","105,000","110,000","103,000","93,000",,,,,,,,,,,,,,,,,,,,,,,,,,,,,,,,,,,,,,,,,,,,,,,,,,,,,,,,,,,,,,,,,,,,,,,,,,,,,,,,,,,,,,,,,,,,,,,,,,,,,,,,,,,,,,,,,,,,,,,,,,,,,,,,,,,,,,
TotalExpenses,"267,972,000","71,890,000","66,457,000","65,599,000","64,026,000","62,499,000","60,072,000","59,498,000","58,112,000","57,110,000","57,001,000","53,007,000","54,822,000","49,985,000","50,263,000","47,748,000","48,001,000","45,824,000","45,907,000","44,325,000","44,012,000","44,710,000","42,965,000","40,241,000","40,014,000","42,294,000","40,641,000","38,206,000","37,843,000","39,093,000","37,421,000","37,051,000","35,737,000","35,628,000","35,945,000","34,124,000","32,789,000","32,541,000","30,169,000","31,531,000","31,477,000","32,146,000","28,973,000","29,616,000","29,288,000","29,676,000","28,333,000","30,345,000","30,295,000","30,851,000","28,373,000","28,568,000","28,146,000","28,196,000","27,806,000","27,879,000","26,179,000","25,379,000","25,382,000","24,683,000","24,104,000","23,308,000","21,778,000","22,304,000","21,369,000","21,485,000","21,859,000","20,497,000","20,438,000","30,621,000","-12,282,000","29,413,000","17,936,000","17,732,000","17,918,000","17,414,000","26,676,000","17,089,000","-12,905,000","26,089,000","15,524,000","15,303,000","15,499,000","14,627,000","14,023,000","13,367,000","14,209,000","12,757,000","12,505,000","11,944,000","74,199,000","-9,900,000","-9,800,000","-9,800,000","65,424,000","-9,700,000","-8,900,000","-7,300,000","47,169,000","-6,500,000","-6,100,000","-5,900,000","38,466,000","-6,100,000","-4,600,000","-4,200,000","32,888,000","-4,700,000","-4,400,000","-4,200,000","-3,700,000","-3,900,000","-3,600,000","-3,100,000","-3,000,000","-2,800,000","-2,100,000","-2,700,000","-2,200,000","-2,100,000","-1,900,000","-2,100,000","-2,400,000","-1,700,000","-2,000,000","-1,700,000","-2,000,000","-2,000,000","-2,200,000","-2,500,000",,,,,,,,,,,,,,,,,,
NetIncomeFromContinuingAndDiscontinuedOperation,"193,798,000","63,580,000","71,889,000","30,771,000","27,558,000","27,339,000","37,181,000","24,401,000","23,484,000","23,297,000","49,609,000","22,571,000","26,953,000","22,529,000","18,556,000","23,010,000","18,227,000","28,713,000","17,590,000","15,884,000","36,890,000","12,819,000","15,224,000","14,661,000","43,913,000","21,711,000","11,435,000","11,968,000","14,533,000","9,930,000","12,722,000","17,729,000","9,118,000","8,372,000","9,455,000","8,363,000","7,643,000","7,154,000","12,238,000","6,771,000","7,973,000","5,403,000","6,405,000","5,670,000","5,492,000","4,792,000","4,922,000","4,023,000","4,477,000","4,903,000","5,678,000","6,147,000","7,156,000","7,678,000","8,433,000","7,872,000","9,746,000","8,091,000","9,301,000","7,714,000","6,132,000","6,587,000","11,577,000","5,920,000","5,576,000","6,161,000","4,920,000","5,847,000","5,888,000","5,536,000","5,624,000","7,409,000","5,281,000","5,012,000","4,759,000","5,163,000","5,259,000","5,264,000","5,415,000","5,173,000","6,928,000","6,110,000","7,628,000","8,575,000","11,166,000","6,813,000","15,504,000","7,028,000","7,015,000","6,965,000","6,373,000","19,600,000","5,900,000","7,000,000","8,636,000","10,200,000","5,500,000","5,000,000","4,279,000","9,900,000","3,500,000","3,100,000","5,209,000","2,700,000","2,000,000","2,500,000","2,911,000","1,100,000","2,300,000","1,500,000","900,000","1,200,000","3,800,000","1,300,000","1,500,000","3,700,000","800,000","500,000","-4,900,000","400,000","500,000","300,000","3,900,000","600,000","400,000","700,000","300,000","400,000","900,000","1,400,000","-1,900,000","600,000","8,300,000","7,000,000","-1,000,000","4,300,000","3,500,000","2,200,000","1,100,000","2,100,000","1,300,000","2,200,000","1,500,000","1,600,000","2,900,000","2,300,000","1,900,000","1,700,000"
NormalizedIncome,"152,271,400","45,368,800","71,889,000","30,771,000","27,558,000","27,339,000","37,181,000","24,401,000","23,484,000","23,297,000","27,955,740","22,571,000","20,323,870","20,831,750","18,556,000","20,052,770","18,227,000","21,250,940","17,590,000","15,884,000","23,777,000","12,819,000","15,309,800","14,757,600","25,324,400","14,911,800","11,533,400","11,968,000","12,791,200","9,930,000","11,665,100","12,907,950","9,222,000","8,372,000","8,573,200","8,373,400","7,732,700","7,172,850","7,541,850","6,863,950","5,967,200","5,145,200","6,527,200","5,699,900","5,486,150","4,786,150","4,970,750","4,017,150","4,471,800","4,895,850","5,788,000","6,141,800","7,151,450","7,672,800","8,636,450","7,586,350","7,761,750","7,853,100","6,817,150","7,418,200","6,180,250","6,628,100","5,901,200","5,913,000","5,522,000","5,032,000","5,618,400","5,794,200","4,710,600","4,899,800","5,471,000","5,070,200","5,117,400","5,012,000","4,759,000","5,157,000","5,259,000","5,034,000","5,507,200","5,213,000","6,934,000","6,025,200","7,093,400","8,596,000","11,166,000","6,813,000","15,504,000","6,971,600","6,643,000","6,964,400","6,373,000","11,200,000","5,780,000","6,100,000","8,636,000","10,200,000","5,500,000","5,000,000","4,279,000","9,900,000","3,500,000","3,100,000","5,209,000","2,700,000","2,000,000","2,500,000","2,911,000","1,100,000","1,700,000","1,500,000","1,020,000","1,200,000","2,300,000","1,300,000","1,500,000","3,700,000","800,000","500,000","-4,900,000","400,000","500,000","300,000","3,900,000","600,000","400,000","700,000","540,000","640,000","900,000","860,000","-1,900,000","600,000","8,300,000","7,000,000","-1,000,000","4,300,000","3,500,000","2,200,000","1,100,000","2,100,000","1,300,000","2,200,000","1,500,000","1,600,000","2,900,000","2,300,000","1,900,000","1,700,000"
InterestIncome,,,,,,,,,,,,,,,,,,,,,,,,,,,,,,,,,,,,,,,,,,,"83,000","84,000","84,000","83,000","84,000","85,000","86,000","81,000","73,000","73,000","32,000","124,000","104,000","125,000","27,000",,,,,,,,,,,,,,,,,,,,,,,,,,,,,,,,,,,,,,,,,,,,,,,,,,,,,,,,,,,,,,,,,,,,,,,,,,,,,,,,,,,,,,,,,,,
InterestExpense,"30,781,000","7,624,000","7,558,000","7,916,000","7,683,000","7,741,000","8,205,000","7,795,000","7,794,000","7,925,000","7,706,000","8,007,000","8,308,000","8,309,000","8,307,000","8,264,000","8,324,000","8,123,000","7,896,000","8,224,000","8,529,000","8,207,000","7,660,000","8,109,000","8,654,000","8,752,000","8,565,000","8,108,000","8,177,000","8,480,000","8,508,000","8,465,000","8,595,000","8,682,000","8,683,000","8,528,000","8,394,000","8,298,000","7,324,000","8,426,000","8,977,000","9,441,000","8,609,000","8,680,000","8,542,000","8,878,000","8,656,000","8,845,000","8,892,000","8,778,000","8,665,000","8,537,000","7,817,000","7,501,000","7,714,000","7,596,000","7,509,000",,,,,,,,,,,,,,,,,,,,,,,,,,,,,,,,,,,,,,,,,,,,,,,,,,,,,,,,,,,,,,,,,,,,,,,,,,,,,,,,,,,,,,,,,,,
NetInterestIncome,"-32,779,000","-8,110,000","-8,072,000","-8,416,000","-8,181,000","-8,276,000","-8,777,000","-8,347,000","-8,346,000","-8,457,000","-8,249,000","-8,522,000","-8,846,000","-8,846,000","-8,853,000","-8,804,000","-8,842,000","-8,607,000","-8,370,000","-8,704,000","-9,015,000","-8,686,000","-8,135,000","-8,841,000","-9,172,000","-9,065,000","-8,886,000","-8,492,000","-8,483,000","-8,805,000","-8,821,000","-8,781,000","-8,898,000","-8,986,000","-9,009,000","-8,845,000","-8,717,000","-8,621,000","-8,527,000","-8,426,000","-8,977,000","-9,441,000","-8,526,000","-8,596,000","-8,458,000","-8,795,000","-8,572,000","-8,760,000","-8,806,000","-8,697,000","-8,592,000","-8,464,000","-7,785,000","-7,377,000","-7,610,000","-7,471,000","-7,482,000",,,,,,,,,,,,,,,,,,,,,,,,,,,,,,,,,,,,,,,,,,,,,,,,,,,,,,,,,,,,,,,,,,,,,,,,,,,,,,,,,,,,,,,,,,,
EBIT,"224,666,000","71,228,000","79,469,000","38,708,000","35,261,000","35,098,000","45,400,000","32,206,000","31,281,000","31,223,000","58,988,000","30,582,000","35,257,000","30,843,000","26,890,000","31,305,000","26,588,000","36,871,000","25,563,000","24,196,000","45,506,000","21,180,000","23,031,000","22,909,000","52,747,000","30,582,000","20,143,000","20,205,000","22,840,000","18,541,000","21,364,000","26,326,000","17,837,000","17,196,000","17,409,000","17,042,000","16,184,000","15,606,000","14,773,000","15,323,000","15,167,000","14,804,000","15,135,000","14,471,000","14,157,000","13,780,000","14,232,000","12,793,000","13,293,000","13,608,000","14,402,000","14,618,000","14,922,000","15,129,000","16,122,000","15,041,000","15,300,000","15,061,000","13,091,000","14,490,000","13,081,000","12,803,000","11,391,000","12,159,000","11,898,000","11,345,000","10,609,000","11,552,000","10,995,000","33,000","41,901,000","24,000","10,177,000","9,931,000","9,637,000","9,953,000","0","9,754,000","40,864,000","26,000","11,099,000","10,163,000","10,970,000","13,068,000","12,334,000","11,407,000","12,546,000","11,844,000","11,101,000","11,197,000","-67,063,000","45,400,000","31,100,000","32,100,000","-50,196,000","35,500,000","28,600,000","23,400,000","-38,147,000","26,400,000","18,800,000","18,000,000","-28,501,000","18,500,000","13,400,000","13,000,000","-26,924,000","12,400,000","13,300,000","11,900,000","10,700,000","10,300,000","12,000,000","8,500,000","8,800,000","10,100,000","6,000,000","6,400,000","2,300,000","5,600,000","5,200,000","5,400,000","10,100,000","5,000,000","5,300,000","5,000,000","5,000,000","5,100,000","6,200,000","7,300,000","10,300,000","3,800,000","11,100,000","9,000,000","2,100,000","4,600,000","3,800,000","2,500,000","2,400,000","2,300,000","1,600,000","2,500,000","2,500,000","1,800,000","3,100,000","2,500,000","3,200,000","1,900,000"
EBITDA,"357,793,000"
ReconciledCostOfRevenue,"118,322,000","31,064,000","29,557,000","29,644,000","28,057,000","27,820,000","25,863,000","26,325,000","25,351,000","25,829,000","24,294,000","23,756,000","22,922,000","22,302,000","22,547,000","21,718,000","21,453,000","20,676,000","20,748,000","20,109,000","20,244,000","19,007,000","20,217,000","18,552,000","17,758,000","17,820,000","18,147,000","16,795,000","16,047,000","16,413,000","16,261,000","15,899,000","15,625,000","15,012,000","16,052,000","14,587,000","13,684,000","13,562,000","13,083,000","13,642,000","13,330,000","13,084,000","11,748,000","12,628,000","12,575,000","12,460,000","11,397,000","13,176,000","13,045,000","13,524,000","12,212,000","12,735,000","12,670,000","12,591,000","12,865,000","12,241,000","11,619,000",,,,,,,,,,,,,,,,,,,,,,,,,,,,,,,,,,,,,,,,,,,,,,,,,,,,,,,,,,,,,,,,,,,,,,,,,,,,,,,,,,,,,,,,,,,
ReconciledDepreciation,"133,127,000","36,341,000","33,174,000","32,263,000","31,349,000","30,313,000","30,686,000","29,211,000","28,570,000","27,892,000","27,697,000","25,990,000","27,291,000","23,746,000","24,241,000","22,970,000","22,808,000","21,685,000","21,773,000","21,011,000","20,865,000","20,225,000","20,179,000","19,361,000","19,233,000","19,162,000","18,932,000","18,232,000","17,984,000","18,142,000","18,213,000","17,779,000","17,154,000","17,168,000","16,898,000","16,948,000","16,328,000","15,615,000","14,703,000","15,436,000","15,611,000","15,946,000","14,661,000","14,437,000","14,106,000","14,247,000","14,279,000","14,648,000","14,706,000","14,717,000","14,063,000","13,587,000","13,310,000","13,044,000","12,743,000","13,388,000","12,542,000","12,418,000","12,422,000","12,241,000","12,026,000","11,195,000","10,716,000","10,559,000","10,335,000","10,607,000","10,843,000","9,605,000","9,787,000","9,071,000","8,620,000","8,246,000","8,322,000","8,263,000","8,988,000","7,798,000","7,827,000","7,784,000","8,150,000","7,956,000","7,478,000","7,234,000","7,271,000","7,037,000","6,769,000","6,336,000","6,582,000","5,799,000","5,911,000","5,529,000","5,378,000","5,100,000","4,900,000","4,800,000","4,774,000","4,600,000","4,000,000","3,200,000","3,109,000","2,600,000","2,300,000","2,400,000","2,559,000","2,200,000","1,600,000","1,400,000","1,213,000","1,600,000","1,400,000","1,400,000","1,400,000","1,100,000","1,100,000","900,000","31,000,000","700,000","700,000","700,000","700,000","600,000","500,000","600,000","500,000","500,000","500,000","500,000","600,000","400,000","400,000","500,000",,,,,,,,,,,,,,,,,,
NetIncomeFromContinuingOperationNetMinorityInterest,"193,798,000","63,580,000","71,889,000","30,771,000","27,558,000","27,339,000","37,181,000","24,401,000","23,484,000","23,297,000","49,609,000","22,571,000","26,953,000","22,529,000","18,556,000","23,010,000","18,227,000","28,713,000","17,590,000","15,884,000","36,890,000","12,819,000","15,224,000","14,661,000","43,913,000","21,711,000","11,435,000","11,968,000","14,533,000","9,930,000","12,722,000","17,729,000","9,118,000","8,372,000","8,568,000","8,363,000","7,643,000","7,154,000","7,302,000","6,771,000","6,079,000","5,244,000","6,405,000","5,670,000","5,492,000","4,792,000","4,922,000","4,023,000","4,477,000","4,903,000","5,788,000","6,147,000","7,156,000","7,678,000","8,433,000","7,782,000","7,765,000","8,091,000","8,656,000","7,374,000","6,125,000","6,580,000","5,975,000","5,913,000","5,522,000","5,032,000","4,920,000","5,814,000","5,163,000","5,126,000","5,471,000","5,996,000","5,154,000","5,012,000","4,759,000","5,157,000","5,259,000","5,160,000","5,563,000","5,213,000","6,934,000","6,081,000","7,628,000","8,575,000","11,166,000","6,813,000","15,504,000","7,028,000","7,015,000","6,965,000","6,373,000","19,600,000","5,900,000","7,000,000","8,636,000","10,200,000","5,500,000","5,000,000","4,279,000","9,900,000","3,500,000","3,100,000","5,209,000","2,700,000","2,000,000","2,500,000","2,911,000","1,100,000","2,300,000","1,500,000","900,000","1,200,000","3,800,000","1,300,000","1,500,000","3,700,000","800,000","500,000","-4,900,000","400,000","500,000","300,000","3,900,000","600,000","400,000","700,000","300,000","400,000","900,000","1,400,000","-1,900,000","600,000","8,300,000","7,000,000","-1,000,000","4,300,000","3,500,000","2,200,000","1,100,000","2,100,000","1,300,000","2,200,000","1,500,000","1,600,000","2,900,000","2,300,000","1,900,000","1,700,000"
TotalUnusualItemsExcludingGoodwill,"69,211,000","30,352,000","38,859,000",,,,"13,145,000",,,,"29,662,000",,"9,081,000","2,325,000","0","4,051,000",,"10,222,000","0","0","21,855,000",,"-143,000","-161,000","30,981,000","11,332,000","-164,000","0","2,903,000",,"1,626,000","7,417,000","-160,000","0","-8,000","-16,000","-138,000","-29,000","-369,000","-143,000","172,000","152,000","-188,000","-46,000","9,000","9,000","-75,000","9,000","8,000","11,000",,"8,000","7,000","8,000","-313,000","301,000","5,000","366,000","2,829,000","-68,000","-85,000","-74,000","123,000","0","0","0","-1,164,000","33,000","754,000","377,000",,"1,543,000","61,000","0","0","0","0","210,000","93,000",,,"93,000","891,000","-35,000",,,,"94,000","620,000","1,000",,"14,000,000","200,000","1,500,000",,,,,,,,,,,,,,,"1,000,000",,"-200,000",,"2,500,000",,,,,,,,,,,,,,"-400,000","-400,000",,"900,000",,,,,,,,,,,,,,,,,,
TotalUnusualItems,"69,211,000","30,352,000","38,859,000",,,,"13,145,000",,,,"29,662,000",,"9,081,000","2,325,000","0","4,051,000",,"10,222,000","0","0","21,855,000",,"-143,000","-161,000","30,981,000","11,332,000","-164,000","0","2,903,000",,"1,626,000","7,417,000","-160,000","0","-8,000","-16,000","-138,000","-29,000","-369,000","-143,000","172,000","152,000","-188,000","-46,000","9,000","9,000","-75,000","9,000","8,000","11,000",,"8,000","7,000","8,000","-313,000","301,000","5,000","366,000","2,829,000","-68,000","-85,000","-74,000","123,000","0","0","0","-1,164,000","33,000","754,000","377,000",,"1,543,000","61,000","0","0","0","0","210,000","93,000",,,"93,000","891,000","-35,000",,,,"94,000","620,000","1,000",,"14,000,000","200,000","1,500,000",,,,,,,,,,,,,,,"1,000,000",,"-200,000",,"2,500,000",,,,,,,,,,,,,,"-400,000","-400,000",,"900,000",,,,,,,,,,,,,,,,,,
NormalizedEBITDA,"288,582,000","77,217,000","112,643,000","70,971,000","66,610,000","65,411,000","76,086,000","61,417,000","59,851,000","59,115,000","57,023,000","56,572,000","53,467,000","52,264,000","51,131,000","50,224,000","49,396,000","48,334,000","47,336,000","45,207,000","44,516,000","41,405,000","43,353,000","42,431,000","40,999,000","38,412,000","39,239,000","38,437,000","37,921,000","36,683,000","37,951,000","36,688,000","35,151,000","34,364,000","34,315,000","34,006,000","32,650,000","31,250,000","30,021,000","30,902,000","30,606,000","30,598,000","29,984,000","28,954,000","28,254,000","28,018,000","28,586,000","27,432,000","27,991,000","28,314,000","28,465,000","28,197,000","28,225,000","28,165,000","29,228,000","28,176,000","27,920,000","27,113,000","22,858,000","26,799,000","25,192,000","24,072,000","21,984,000","22,718,000","22,233,000","21,952,000","22,616,000","21,124,000","20,028,000","8,727,000","50,521,000","6,727,000","18,438,000","18,194,000","18,625,000","17,931,000","7,827,000","17,328,000","49,146,000","7,982,000","18,577,000","17,304,000","17,350,000","20,140,000","19,103,000","17,743,000","19,128,000","17,549,000","16,392,000","16,725,000","-61,685,000","36,500,000","35,800,000","35,400,000","-45,422,000","40,100,000","32,600,000","26,600,000","-35,038,000","29,000,000","21,100,000","20,400,000","-25,942,000","20,700,000","15,000,000","14,400,000","-25,711,000","14,000,000","13,700,000","13,300,000","12,300,000","11,400,000","10,600,000","9,400,000","39,800,000","10,800,000","6,700,000","7,100,000","3,000,000","6,200,000","5,700,000","6,000,000","10,600,000","5,500,000","5,800,000","5,500,000","6,000,000","5,900,000","6,600,000","6,900,000","10,300,000","3,800,000","11,100,000","9,000,000","2,100,000","4,600,000","3,800,000","2,500,000","2,400,000","2,300,000","1,600,000","2,500,000","2,500,000","1,800,000","3,100,000","2,500,000","3,200,000","1,900,000"
TaxRateForCalcs,"0.4","0.4","0.27","0.27","0.27","0.27","0.27","0.27","0.27","0.27","0.27","0.27","0.27","0.27","0.27","0.27","0.27","0.27","0.4","0.4","0.4","0.4","0.4","0.4","0.4","0.4","0.4","0.4","0.4","0.4","0.35","0.35","0.35","0.35","0.35","0.35","0.35","0.35","0.35","0.35","0.35","0.35","0.35","0.35","0.35","0.35","0.35","0.35","0.35","0.35","0.35","0.35","0.35","0.35","0.35","0.35","0.35","0.35","0.35","0.35","0.35","0.35","0.4","0.4","0.4","0.4","0.4","0.4","0.4","0.4","0.4","0.4","0.4","0.4","0.4","0.4","0.4","0.4","0.4","0.4","0.4","0.4","0.4","0.4","0.4","0.4","0.4","0.4","0.4","0.4","0.4","0.4","0.4","0.4","0.4","0.4","0.4","0.4","0.4","0.4","0.4","0.4","0.4","0.4","0.4","0.4","0.4","0.4","0.4","0.4","0.4","0.4","0.4","0.4","0.4","0.4","0.4","0.4","0.4","0.4","0.4","0.4","0.4","0.4","0.4","0.4","0.4","0.4","0.4","0.4","0.4","0.4","0.4","0.4","0.4","0.4","0.4","0.4","0.4","0.4","0.4","0.4","0.4","0.4","0.4","0.4","0.4","0.4"
TaxEffectOfUnusualItems,"27,684,400","12,140,800","0","0","0","0","0","0","0","0","8,008,740","0","2,451,870","627,750","0","1,093,770","0","2,759,940","0","0","8,742,000","0","-57,200","-64,400","12,392,400","4,532,800","-65,600","0","1,161,200","0","569,100","2,595,950","-56,000","0","-2,800","-5,600","-48,300","-10,150","-129,150","-50,050","60,200","53,200","-65,800","-16,100","3,150","3,150","-26,250","3,150","2,800","3,850","0","2,800","2,450","2,800","-109,550","105,350","1,750","128,100","990,150","-23,800","-29,750","-25,900","49,200","0","0","0","-465,600","13,200","301,600","150,800","0","617,200","24,400","0","0","0","0","84,000","37,200","0","0","37,200","356,400","-14,000","0","0","0","37,600","248,000","400","0","5,600,000","80,000","600,000","0","0","0","0","0","0","0","0","0","0","0","0","0","0","400,000","0","-80,000","0","1,000,000","0","0","0","0","0","0","0","0","0","0","0","0","0","-160,000","-160,000","0","360,000","0","0","0","0","0","0","0","0","0","0","0","0","0","0","0","0","0","0"