name,ttm,03/31/2022,12/31/2021,09/30/2021,06/30/2021,03/31/2021,12/31/2020,09/30/2020,06/30/2020,03/31/2020,12/31/2019,09/30/2019,06/30/2019,03/31/2019,12/31/2018,09/30/2018,06/30/2018,03/31/2018,12/31/2017,09/30/2017,06/30/2017,03/31/2017,12/31/2016,09/30/2016,06/30/2016,03/31/2016,12/31/2015,09/30/2015,06/30/2015,03/31/2015,12/31/2014,09/30/2014,06/30/2014,03/31/2014,12/31/2013,09/30/2013,06/30/2013,03/31/2013,12/31/2012,09/30/2012,06/30/2012,03/31/2012,12/31/2011,09/30/2011,06/30/2011,03/31/2011,12/31/2010,09/30/2010,06/30/2010,03/31/2010,12/31/2009,09/30/2009,06/30/2009,03/31/2009,12/31/2008,09/30/2008,06/30/2008,03/31/2008,12/31/2007,09/30/2007,06/30/2007,03/31/2007,12/31/2006,09/30/2006,06/30/2006,03/31/2006,12/31/2005,09/30/2005,06/30/2005,03/31/2005,12/31/2002,09/30/2002,06/30/2002,03/31/2002,12/31/2001,09/30/2001,06/30/2001,03/31/2001,12/31/2000,09/30/2000,06/30/2000,03/31/2000,12/31/1999,09/30/1999,06/30/1999,03/31/1999,12/31/1998,09/30/1998,06/30/1998,03/31/1998,12/31/1997,09/30/1997,06/30/1997,03/31/1997,12/31/1996,09/30/1996,06/30/1996,03/31/1996,12/31/1995,09/30/1995,06/30/1995,03/31/1995,12/31/1994,09/30/1994,06/30/1994,03/31/1994,12/31/1993,09/30/1993,06/30/1993,03/31/1993,12/31/1992,09/30/1992,06/30/1992,03/31/1992,12/31/1991,09/30/1991,06/30/1991,03/31/1991,12/31/1990,09/30/1990,06/30/1990,03/31/1990,12/31/1989,09/30/1989,06/30/1989,03/31/1989,12/31/1988,09/30/1988,06/30/1988,03/31/1988,12/31/1987,09/30/1987,06/30/1987,03/31/1987,12/31/1986,09/30/1986,06/30/1986,03/31/1986,12/31/1985,09/30/1985
TotalRevenue,"5,224,800,000","1,333,600,000","1,318,700,000","1,284,800,000","1,287,700,000","1,230,400,000","1,214,400,000","1,173,900,000","1,074,100,000","1,182,000,000","1,184,400,000","1,161,600,000","1,135,000,000","1,124,000,000","1,096,000,000","1,067,600,000","1,067,700,000","1,046,000,000","1,010,000,000","983,000,000","967,600,000","958,400,000","935,400,000","912,000,000","905,300,000","893,300,000","865,300,000","767,900,000","753,500,000","729,000,000","606,800,000","588,700,000","595,100,000","583,700,000","568,500,000","556,000,000","557,500,000","565,200,000","525,900,000","537,000,000","526,900,000","532,300,000","518,100,000","497,700,000","505,100,000","538,100,000","520,700,000","490,700,000","496,900,000","491,000,000","479,600,000","472,700,000","483,700,000","475,100,000","463,800,000","456,200,000","461,400,000","469,000,000","439,000,000","431,600,000","442,800,000","448,600,000","718,472,000","731,207,000","787,513,000","791,987,000","807,042,000","766,307,000","818,277,000","848,595,000","923,528,000","1,093,785,000","1,163,683,000","1,129,775,000","1,115,153,000","1,075,874,000","1,098,989,000","1,090,462,000","1,077,000,000","1,060,457,000","1,036,322,000","1,021,335,000","1,000,607,000","993,300,000","1,047,600,000","1,030,500,000","1,108,474,000","1,047,400,000","942,500,000","907,700,000","854,269,000","748,400,000","723,000,000","691,600,000","642,737,000","616,900,000","595,600,000","581,200,000","446,987,000","392,700,000","378,900,000","307,000,000","387,641,000","261,100,000","247,400,000","231,300,000","125,300,000","121,300,000","119,600,000","116,100,000","108,700,000","102,100,000","102,600,000","93,600,000","64,800,000","55,800,000","54,400,000","50,600,000","49,000,000","46,100,000","42,800,000","42,600,000","9,500,000","37,000,000","36,700,000","31,100,000","12,000,000","23,900,000","21,300,000","17,800,000","8,400,000","13,600,000","11,700,000","11,300,000","6,900,000","5,700,000","3,000,000","3,000,000","1,200,000","1,100,000"
	OperatingRevenue,"5,224,800,000","1,333,600,000","1,318,700,000","1,284,800,000","1,287,700,000","1,230,400,000","1,163,100,000","1,173,900,000","1,074,100,000","1,182,000,000","1,132,100,000","1,161,600,000","1,135,000,000","1,124,000,000","1,046,800,000","1,067,600,000","1,067,700,000","1,046,000,000","1,019,700,000","995,600,000","981,300,000","974,800,000","949,900,000","926,800,000","920,700,000","909,800,000","879,300,000","778,600,000","764,400,000","740,600,000","613,400,000","596,900,000","604,400,000","591,200,000","572,100,000","564,000,000","564,500,000","572,600,000","552,900,000","537,000,000","526,900,000","532,300,000","518,100,000","497,700,000","505,100,000","538,100,000","520,700,000","490,700,000","496,900,000","491,000,000","479,600,000","472,700,000","483,700,000","475,100,000","463,800,000","456,200,000","461,400,000","469,000,000","439,000,000","431,600,000","442,800,000","448,600,000","718,472,000","731,207,000","787,513,000","791,987,000","807,042,000","766,307,000","818,277,000","848,595,000","923,528,000","1,093,785,000","1,163,683,000","1,129,775,000","1,115,153,000","1,075,874,000","1,098,989,000","1,090,462,000","1,077,000,000","1,060,457,000","1,036,322,000","1,021,335,000","1,000,607,000","993,300,000","1,047,600,000","1,030,500,000","1,108,474,000","1,047,400,000","942,500,000","907,700,000","854,269,000","748,400,000","723,000,000","691,600,000","642,737,000","616,900,000","595,600,000","581,200,000","446,987,000","392,700,000","378,900,000","307,000,000","387,641,000","261,100,000","247,400,000","231,300,000","125,300,000","121,300,000","119,600,000","116,100,000","108,700,000","102,100,000","102,600,000","93,600,000","64,800,000","55,800,000","54,400,000","50,600,000","49,000,000","46,100,000","42,800,000","42,600,000","9,500,000","37,000,000","36,700,000","31,100,000","12,000,000","23,900,000","21,300,000","17,800,000","8,400,000","13,600,000","11,700,000","11,300,000","6,900,000","5,700,000","3,000,000","3,000,000","1,200,000","1,100,000"
CostOfRevenue,"213,500,000","56,100,000","54,200,000","53,200,000","50,000,000","51,900,000","51,700,000","52,500,000","50,600,000","45,700,000","43,200,000","42,900,000","41,700,000","40,100,000","40,900,000","38,600,000","39,300,000","39,900,000","38,700,000","36,500,000","37,100,000","37,000,000","35,800,000","34,800,000","34,400,000","35,000,000","34,600,000","31,000,000","31,700,000","31,400,000","29,900,000","26,600,000","27,800,000","27,600,000","27,100,000","25,500,000","26,600,000","26,200,000","102,400,000","0","0","0","0","0","0","0","0","0","11,400,000","270,200,000","-745,500,000","263,100,000","12,100,000","12,000,000","-794,200,000","305,400,000","301,800,000","303,300,000","57,500,000","303,400,000","303,700,000","327,300,000","363,626,000","344,385,000","354,870,000","363,860,000",,,,,,,,,,,,,,,,,,"671,100,000","649,400,000","644,700,000",,"645,600,000","578,600,000","561,500,000",,"464,100,000","451,700,000","438,300,000",,"397,700,000","389,100,000","386,300,000",,"275,600,000","273,000,000","219,900,000",,"195,600,000","185,600,000","178,200,000","89,000,000","87,300,000","86,600,000","86,000,000","90,600,000","76,400,000","76,800,000","72,900,000","47,200,000","41,300,000","39,600,000","37,600,000","39,400,000","33,600,000","30,700,000","32,000,000",,,,,,,,,,,,,,,,,,
GrossProfit,"5,011,300,000","1,277,500,000","1,264,500,000","1,231,600,000","1,237,700,000","1,178,500,000","1,162,700,000","1,121,400,000","1,023,500,000","1,136,300,000","1,141,200,000","1,118,700,000","1,093,300,000","1,083,900,000","1,055,100,000","1,029,000,000","1,028,400,000","1,006,100,000","971,300,000","946,500,000","930,500,000","921,400,000","899,600,000","877,200,000","870,900,000","858,300,000","830,700,000","736,900,000","721,800,000","697,600,000","576,900,000","562,100,000","567,300,000","556,100,000","541,400,000","530,500,000","530,900,000","539,000,000","423,500,000","537,000,000","526,900,000","532,300,000","518,100,000","497,700,000","505,100,000","538,100,000","520,700,000","490,700,000","485,500,000","220,800,000","1,225,100,000","209,600,000","471,600,000","463,100,000","1,258,000,000","150,800,000","159,600,000","165,700,000","381,500,000","128,200,000","139,100,000","121,300,000","354,846,000","386,822,000","432,643,000","428,127,000",,,,,,,,,,,,,,,,,,"322,200,000","398,200,000","385,800,000",,"401,800,000","363,900,000","346,200,000",,"284,300,000","271,300,000","253,300,000",,"219,200,000","206,500,000","194,900,000",,"117,100,000","105,900,000","87,100,000",,"65,500,000","61,800,000","53,100,000","36,300,000","34,000,000","33,000,000","30,100,000","18,100,000","25,700,000","25,800,000","20,700,000","17,600,000","14,500,000","14,800,000","13,000,000","9,600,000","12,500,000","12,100,000","10,600,000",,,,,,,,,,,,,,,,,,
OperatingExpense,"4,228,600,000","1,093,600,000","1,084,200,000","1,032,100,000","1,018,700,000","970,800,000","969,700,000","948,900,000","924,200,000","953,300,000","978,600,000","946,800,000","922,800,000","896,400,000","892,400,000","855,900,000","851,700,000","837,000,000","802,500,000","784,200,000","774,800,000","758,800,000","739,800,000","715,100,000","704,500,000","697,800,000","679,300,000","601,000,000","583,400,000","569,100,000","467,800,000","448,600,000","440,500,000","439,800,000","422,400,000","420,700,000","421,300,000","418,600,000","325,200,000","431,500,000","423,500,000","426,100,000","132,300,000","407,500,000","406,100,000","434,400,000","426,600,000","412,000,000","404,400,000","132,900,000","1,148,000,000","143,300,000","434,400,000","370,300,000","1,217,300,000","93,300,000","96,000,000","109,700,000","319,600,000","75,100,000","92,400,000","95,300,000","293,796,000","359,479,000","375,742,000","311,893,000","-1,339,105,000","659,259,000","759,968,000","975,066,000","-1,966,321,000","786,947,000","747,412,000","736,401,000","731,543,000","714,750,000","722,705,000","736,045,000","710,037,000","711,872,000","700,462,000","693,993,000","2,140,349,000","262,800,000","146,500,000","139,300,000","2,101,414,000","140,400,000","128,600,000","121,600,000","1,599,435,000","102,300,000","96,700,000","90,000,000","1,426,210,000","80,100,000","62,000,000","58,600,000","983,068,000","46,300,000","56,200,000","38,900,000","791,327,000","28,400,000","27,100,000","24,200,000","16,600,000","16,800,000","15,900,000","14,000,000","-1,100,000","12,100,000","11,300,000","11,400,000","6,100,000","4,800,000","4,800,000","4,300,000","4,200,000","4,400,000","4,000,000","3,700,000",,,,,,,,,,,,,,,,,,
	SellingGeneralAndAdministration,"3,263,300,000","845,300,000","841,600,000","793,800,000","782,600,000","746,000,000","744,300,000","724,300,000","715,200,000","734,900,000","753,100,000","735,100,000","720,300,000","693,800,000","687,900,000","661,800,000","652,600,000","649,900,000","616,400,000","600,400,000","598,500,000","584,500,000","570,900,000","545,300,000","540,100,000","536,200,000","519,900,000","460,600,000","446,500,000","434,000,000","348,900,000","331,800,000","327,800,000","328,900,000","315,500,000","314,200,000","317,200,000","318,400,000","242,300,000","327,800,000","329,100,000","333,600,000","322,600,000","312,600,000","305,100,000","332,000,000","327,000,000","317,200,000","302,800,000","40,800,000","295,400,000","301,100,000","338,100,000","276,600,000","1,199,300,000","75,200,000","77,700,000","79,600,000","299,900,000","55,200,000","72,400,000","77,100,000","259,322,000","321,006,000","336,825,000","274,784,000",,,,,"166,057,000","55,125,000","43,291,000","39,966,000","44,379,000","38,958,000","51,214,000","32,654,000","40,893,000","37,403,000","35,706,000","34,021,000","-114,215,000","168,100,000","50,600,000","44,900,000","-35,100,000","51,500,000","48,300,000","48,200,000","-24,943,000","38,600,000","36,600,000","32,600,000","-22,493,000","30,800,000","16,600,000","16,000,000","-17,686,000","15,200,000","26,700,000","16,000,000","3,339,000","12,400,000","11,100,000","10,300,000","6,500,000","7,600,000","7,100,000","5,600,000","-8,400,000","5,500,000","5,400,000","5,700,000","1,600,000","1,300,000","1,400,000","1,000,000","1,000,000","1,400,000","1,500,000","1,400,000",,,,,,,,,,,,,,,,,,
		GeneralAndAdministrativeExpense,"3,263,300,000","845,300,000","841,600,000","793,800,000","782,600,000","746,000,000","744,300,000","724,300,000","715,200,000","734,900,000","753,100,000","735,100,000","720,300,000","693,800,000","687,900,000","661,800,000","652,600,000","649,900,000","616,400,000","600,400,000","598,500,000","584,500,000","570,900,000","545,300,000","540,100,000","536,200,000","519,900,000","460,600,000","446,500,000","434,000,000","348,900,000","331,800,000","327,800,000","328,900,000","315,500,000","314,200,000","317,200,000","318,400,000","242,300,000","327,800,000","329,100,000","333,600,000","322,600,000","312,600,000","305,100,000","332,000,000","327,000,000","317,200,000","302,800,000","311,000,000","295,400,000","301,100,000","338,100,000","276,600,000",,,,,,,,,,,,,,,,,,,,,,,,,,,,,,,,,,,,,,,,,,,,,,,,,,,,,,,,,,,,,,,,,,,,,,,,,,,,,,,,,,,,,,
			SalariesAndWages,"2,975,300,000","776,000,000","761,000,000","730,100,000","708,200,000","687,200,000","686,100,000","664,900,000","651,900,000","679,100,000","668,500,000","660,800,000","622,900,000","620,800,000","613,300,000","592,300,000","578,200,000","570,200,000","554,600,000","542,100,000","527,800,000","530,100,000","516,300,000","497,400,000","486,100,000","486,100,000","466,800,000","417,100,000","401,800,000","385,100,000","300,300,000","290,000,000","285,300,000","286,100,000","272,000,000","269,500,000","273,600,000","274,600,000","269,500,000","262,300,000","257,400,000","261,000,000","251,400,000","245,000,000","241,600,000","259,100,000","252,400,000","246,400,000","241,600,000","241,900,000","239,600,000","235,400,000","239,100,000","234,700,000",,,,,,,,,,,,,,,,,,,,,,,,,,,,,,,,,,,,,,,,,,,,,,,,,,,,,,,,,,,,,,,,,,,,,,,,,,,,,,,,,,,,,,
			RentAndLandingFees,"80,900,000","20,900,000","20,000,000","19,800,000","20,200,000","20,200,000","20,400,000","20,300,000","20,300,000","20,200,000","20,600,000","21,800,000","20,300,000","19,600,000","20,300,000","19,600,000","19,500,000","18,600,000","18,700,000","18,600,000","18,300,000","17,900,000","17,800,000","17,600,000","17,900,000","18,000,000","16,800,000","12,500,000","12,500,000","12,100,000","10,500,000","10,300,000","10,300,000","10,500,000","11,200,000","11,700,000","11,900,000","12,200,000","12,000,000","11,800,000","12,300,000","12,500,000","12,200,000","12,500,000","12,100,000","12,300,000","12,600,000","12,100,000",,,,,,,,,,,,,,,,,,,,,,,,,,,,,,,,,,,,,,,,,,,,,,,,,,,,,,,,,,,,,,,,,,,,,,,,,,,,,,,,,,,,,,,,,,,,
			OtherGandA,"207,100,000","48,400,000","60,600,000","43,900,000","54,200,000","38,600,000","37,800,000","39,100,000","43,000,000","35,600,000","64,000,000","52,500,000","77,100,000","53,400,000","54,300,000","49,900,000","54,900,000","61,100,000","43,100,000","39,700,000","52,400,000","36,500,000","36,800,000","30,300,000","36,100,000","32,100,000","36,300,000","31,000,000","32,200,000","36,800,000","38,100,000","31,500,000","32,200,000","32,300,000","32,300,000","33,000,000","31,700,000","31,600,000","-39,200,000","53,700,000","59,400,000","60,100,000","59,000,000","55,100,000","51,400,000","60,600,000","62,000,000","58,700,000","61,200,000","69,100,000","55,800,000","65,700,000","99,000,000","41,900,000",,,,,,,,,,,,,,,,,,,,,,,,,,,,,,,,,,,,,,,,,,,,,,,,,,,,,,,,,,,,,,,,,,,,,,,,,,,,,,,,,,,,,,
	DepreciationAmortizationDepletionIncomeStatement,"260,300,000","66,200,000","65,800,000","64,900,000","63,400,000","62,500,000","62,300,000","61,200,000","60,700,000","58,800,000","58,400,000","55,100,000","52,700,000","52,500,000","52,900,000","51,200,000","49,700,000","45,900,000","46,600,000","46,200,000","45,800,000","45,200,000","43,800,000","43,500,000","42,900,000","42,400,000","41,400,000","33,700,000","32,700,000","31,900,000","27,500,000","27,400,000","26,400,000","26,400,000","25,200,000","24,300,000","23,100,000","22,100,000","21,700,000","21,300,000","20,000,000","19,500,000","20,200,000","19,500,000","19,600,000","20,300,000","20,100,000","19,300,000","18,700,000","18,300,000","17,500,000","18,100,000","17,700,000","17,600,000","18,000,000","18,100,000","18,300,000","30,100,000","19,700,000","19,900,000","20,000,000","18,200,000","34,474,000","38,473,000","38,917,000","37,109,000","38,418,000","40,249,000","40,199,000","49,109,000",,"79,505,000","79,807,000","77,582,000","95,039,000","95,790,000","93,223,000","91,219,000","91,747,000","89,160,000","90,286,000","89,655,000","89,248,000","94,700,000","95,900,000","94,400,000","101,991,000","88,900,000","80,300,000","73,400,000","68,710,000","63,700,000","60,100,000","57,400,000","51,666,000","49,300,000","45,400,000","42,600,000","34,395,000","31,100,000","29,500,000","22,900,000","27,688,000","16,000,000","16,000,000","13,900,000","10,100,000","9,200,000","8,800,000","8,400,000","7,300,000","6,600,000","5,900,000","5,700,000","4,500,000","3,500,000","3,400,000","3,300,000","3,200,000","3,000,000","2,500,000","2,300,000",,,,,,,,,,,,,,,,,,
		DepreciationAndAmortizationInIncomeStatement,"260,300,000","66,200,000","65,800,000","64,900,000","63,400,000","62,500,000","62,300,000","61,200,000","60,700,000","58,800,000","58,400,000","55,100,000","52,700,000","52,500,000","52,900,000","51,200,000","49,700,000","45,900,000","46,600,000","46,200,000","45,800,000","45,200,000","43,800,000","43,500,000","42,900,000","42,400,000","41,400,000","33,700,000","32,700,000","31,900,000","27,500,000","27,400,000","26,400,000","26,400,000","25,200,000","24,300,000","23,100,000","22,100,000","21,700,000","21,300,000","20,000,000","19,500,000","20,200,000","19,500,000","19,600,000","20,300,000","20,100,000","19,300,000","18,700,000","18,300,000","17,500,000","18,100,000","17,700,000","17,600,000","18,000,000","18,100,000","18,300,000","30,100,000","19,700,000","19,900,000","20,000,000","18,200,000","34,474,000","38,473,000","38,917,000","37,109,000","38,418,000","40,249,000","40,199,000","49,109,000",,"79,505,000","79,807,000","77,582,000","95,039,000","95,790,000","93,223,000","91,219,000","91,747,000","89,160,000","90,286,000","89,655,000","89,248,000","94,700,000","95,900,000","94,400,000","101,991,000","88,900,000","80,300,000","73,400,000","68,710,000","63,700,000","60,100,000","57,400,000","51,666,000","49,300,000","45,400,000","42,600,000","34,395,000","31,100,000","29,500,000","22,900,000","27,688,000","16,000,000","16,000,000","13,900,000","10,100,000","9,200,000","8,800,000","8,400,000","7,300,000","6,600,000","5,900,000","5,700,000","4,500,000","3,500,000","3,400,000","3,300,000","3,200,000","3,000,000","2,500,000","2,300,000",,,,,,,,,,,,,,,,,,
			DepreciationIncomeStatement,,,,,,,,,,,,,,,,,,,,,,,,,,,,,,,,,,,,,,,,,,,,,,,,,,,,,,,,,,,,,,,,,,,,,,,,,,,,,,,,,,,,"94,700,000","95,900,000","94,400,000",,"88,900,000","80,300,000","73,400,000",,"63,700,000","60,100,000","57,400,000",,"49,300,000","45,400,000","42,600,000",,"31,100,000","29,500,000","22,900,000",,"16,000,000","16,000,000","13,900,000","10,100,000","9,200,000","8,800,000","8,400,000","7,300,000","6,600,000","5,900,000","5,700,000","4,500,000","3,500,000","3,400,000","3,300,000","3,200,000","3,000,000","2,500,000","2,300,000",,,,,,,,,,,,,,,,,,
	ProvisionForDoubtfulAccounts,,,,,,,,,,,,,,,,,,,,,,,,,,,,,,,,,,,,,,,,"7,000,000",,,"6,100,000","5,100,000","5,000,000","5,400,000","1,400,000","4,300,000","5,900,000","6,900,000","7,600,000","7,900,000","9,700,000","7,900,000",,,,,,,,,,,,,,,,,,,,,,,,,,,,,,,,,,,,,,,,,,,,,,,,,,,,,,,,,,,,,,,,,,,,,,,,,,,,,,,,,,,,,,
	OtherOperatingExpenses,"705,000,000","182,100,000","176,800,000","173,400,000","172,700,000","162,300,000","163,100,000","163,400,000","148,300,000","159,600,000","167,100,000","156,600,000","149,800,000","150,100,000","151,600,000","142,900,000","149,400,000","141,200,000","139,500,000","137,600,000","130,500,000","129,100,000","125,100,000","126,300,000","121,500,000","119,200,000","118,000,000","106,700,000","104,200,000","103,200,000","91,400,000","89,400,000","86,300,000","84,500,000","81,700,000","82,200,000","81,000,000","78,100,000","81,000,000","75,400,000","74,400,000","73,000,000",,"70,300,000","76,400,000","76,700,000","78,100,000","71,200,000","77,000,000","66,900,000","827,500,000","-183,800,000","68,900,000","68,200,000",,,,,,,,,,,,,,"619,010,000","719,769,000","925,957,000",,"652,317,000","624,314,000","618,853,000","592,125,000","580,002,000","578,268,000","612,172,000","577,397,000","585,309,000","574,470,000","570,317,000",,,,,,,,,,,,,,,,,,,,,,,,,,,,,,,,,,,,,,,,,,,,,,,,,,,,,,,,,,
OperatingIncome,"782,700,000","183,900,000","180,300,000","199,500,000","219,000,000","207,700,000","193,000,000","172,500,000","99,300,000","183,000,000","162,600,000","171,900,000","170,500,000","187,500,000","162,700,000","173,100,000","176,700,000","169,100,000","168,800,000","162,300,000","155,700,000","162,600,000","159,800,000","162,100,000","166,400,000","160,500,000","151,400,000","135,900,000","138,400,000","128,500,000","109,100,000","113,500,000","126,800,000","116,300,000","119,000,000","109,800,000","109,600,000","120,400,000","98,300,000","105,500,000","103,400,000","106,200,000","385,800,000","90,200,000","99,000,000","103,700,000","94,100,000","78,700,000","81,100,000","87,900,000","77,100,000","66,300,000","37,200,000","92,800,000","40,700,000","57,500,000","63,600,000","56,000,000","61,900,000","53,100,000","46,700,000","26,000,000","61,050,000","27,343,000","56,901,000","116,234,000","418,732,000","107,048,000","58,309,000","-126,471,000","-203,279,000","306,838,000","416,271,000","393,374,000","383,610,000","361,124,000","376,284,000","354,417,000","366,963,000","348,585,000","335,860,000","327,342,000","825,458,000","59,400,000","251,700,000","246,500,000","792,860,000","261,400,000","235,300,000","224,600,000","608,934,000","182,000,000","174,600,000","163,300,000","389,627,000","139,100,000","144,500,000","136,300,000","252,519,000","70,800,000","49,700,000","48,200,000","154,014,000","37,100,000","34,700,000","28,900,000","19,700,000","17,200,000","17,100,000","16,100,000","19,200,000","13,600,000","14,500,000","9,300,000","11,500,000","9,700,000","10,000,000","8,700,000","5,400,000","8,100,000","8,100,000","6,900,000","-87,700,000","37,000,000","36,700,000","31,100,000","-51,300,000","23,900,000","21,300,000","17,800,000","-30,000,000","13,600,000","11,700,000","11,300,000","-10,200,000","5,700,000","3,000,000","3,000,000","-5,000,000","1,100,000"
NetNonOperatingInterestIncomeExpense,"-161,400,000","-39,600,000","-40,100,000","-39,900,000","-41,800,000","-42,800,000","-46,200,000","-49,000,000","-45,800,000","-43,200,000","-44,500,000","-40,300,000","-37,700,000","-37,200,000","-36,700,000","-37,300,000","-37,700,000","-35,600,000","-35,900,000","-36,800,000","-40,400,000","-41,300,000","-41,600,000","-42,500,000","-43,400,000","-44,600,000","-44,600,000","-35,600,000","-30,900,000","-31,800,000","-25,700,000","-27,800,000","-27,800,000","-27,900,000","-26,500,000","-25,300,000","-24,400,000","-24,200,000","-24,300,000","-23,500,000","-23,000,000","-23,300,000","-23,100,000","-26,300,000","-34,900,000","-35,100,000","-34,500,000","-30,800,000","-30,100,000","-30,500,000","-30,800,000","-29,500,000","-31,100,000","-34,400,000",,,,,,,,,,,,,,,,,,,,,,,,,,,,,,,,,,,,,,,,,,,,,,,,,,,,,,,,,,,,,,,,,,,,,,,,,,,,,,,,,,,,,,
	InterestExpenseNonOperating,"161,400,000","39,600,000","40,100,000","39,900,000","41,800,000","42,800,000","46,200,000","49,000,000","45,800,000","43,200,000","44,500,000","40,300,000","37,700,000","37,200,000","36,700,000","37,300,000","37,700,000","35,600,000","35,900,000","36,800,000","40,400,000","41,300,000","41,600,000","42,500,000","43,400,000","44,600,000","44,600,000","35,600,000","30,900,000","31,800,000","25,700,000","27,800,000","27,800,000","27,900,000","26,500,000","25,300,000","24,400,000","24,200,000","24,300,000","23,500,000","23,000,000","23,300,000","23,100,000","26,300,000","34,900,000","35,100,000","34,500,000","30,800,000","30,100,000","30,500,000","30,800,000","29,500,000","31,100,000","34,400,000",,,,,,,,,,,,,,,,,,,,,,,,,,,,,,,,,,,,,,,,,,,,,,,,,,,,,,,,,,,,,,,,,,,,,,,,,,,,,,,,,,,,,,
OtherIncomeExpense,"9,900,000","-3,000,000","7,000,000","1,300,000","4,600,000","2,400,000","2,900,000","3,500,000","6,500,000","-3,900,000","-600,000","22,200,000","1,700,000","6,200,000","-50,400,000","3,800,000","3,300,000","2,200,000","3,000,000","2,800,000","-7,500,000","3,100,000","3,300,000","700,000","700,000","600,000","1,800,000","3,100,000","-13,500,000","-7,100,000","-9,300,000","2,100,000","31,600,000","6,000,000","2,100,000","23,900,000","7,200,000","3,600,000","7,900,000","6,500,000","2,900,000","3,400,000","-280,000,000","-12,200,000","-22,200,000","2,900,000","-9,600,000","-6,100,000","4,200,000","-700,000","-10,700,000","-8,300,000","-1,500,000","-900,000","120,300,000","-24,300,000","36,000,000","3,000,000","-60,600,000","-16,800,000","11,100,000","15,400,000","-24,584,000","6,750,000","13,892,000","-403,159,000","-356,138,000","-4,521,000","-1,250,000","-10,945,000",,,,,,,,,,,,,,,"2,500,000","2,600,000",,"-127,400,000","2,900,000","1,600,000",,"1,400,000","1,300,000","-14,900,000",,"-4,500,000","-11,300,000","-39,900,000",,"1,800,000","-28,000,000","1,100,000",,"1,600,000","700,000","700,000","-48,900,000","800,000","800,000","800,000","-2,700,000","900,000","1,400,000","1,200,000","1,700,000","1,700,000","1,300,000","900,000",,,,,,,,,,,,,,,,,,,,,,
	GainOnSaleOfSecurity,,,,,,,,,,,,,,,,,,,,,,,,,,,,,,,,,,,,,,,,,,,,,,,"-300,000","-9,000,000","300,000",,"-2,900,000","-7,900,000",,,,,,,,,,,,,,,,"149,000",,"-1,651,000",,,,,,,,,,,,,,,,,,,,,,,,,,,,,,,,,,,,,,,,,,,,,,,,,,,,,,,,,,,,,,,,,,,,,,
	EarningsFromEquityInterest,"3,900,000","900,000","1,100,000","900,000","1,000,000","1,000,000","1,000,000","1,000,000","700,000","800,000","1,200,000","1,200,000","1,800,000","2,500,000","2,300,000","2,100,000","2,000,000","2,300,000","1,800,000","2,100,000","2,000,000","2,100,000","2,500,000","2,500,000","2,400,000","2,400,000","2,400,000","2,400,000","2,300,000","1,600,000","1,900,000","1,900,000","2,600,000","4,300,000","3,000,000","2,000,000","3,300,000","2,900,000","3,000,000","3,300,000","3,100,000","3,300,000","3,200,000","3,100,000","3,200,000","2,500,000","2,600,000","2,300,000","2,600,000","2,600,000","1,800,000","3,000,000",,"2,500,000","2,800,000","2,700,000","2,700,000","2,400,000","2,900,000","2,300,000","2,400,000","2,700,000","4,459,000","6,677,000","5,618,000","4,545,000",,,,,,,,,,,,,,,,,,,,,,,,,,,,,,,,,,,,,,,,,,,,,,,,,,,,,,,,,,,,,,,,,,,,,,,,,,
	SpecialIncomeCharges,"-1,300,000","-300,000","0","0","-1,000,000","0","-2,300,000","0","0","-2,800,000","-5,400,000","0","-2,300,000",,"-52,000,000","0",,,"0","-300,000","-10,400,000","0","0","-2,600,000","-2,400,000","-2,400,000","-1,900,000","0","-18,800,000","-9,200,000","-12,300,000","0","800,000",,"-2,200,000","21,300,000","2,000,000",,"-3,600,000","3,200,000","-200,000","100,000","-283,200,000","-15,300,000","-25,400,000","400,000","-11,900,000","600,000","1,300,000","-3,300,000","-9,600,000","-3,400,000","-1,500,000","-3,400,000","117,500,000","-27,000,000","33,300,000","600,000","-63,500,000","-19,100,000","8,700,000","12,700,000","-29,043,000","73,000","8,274,000","-407,704,000","-382,160,000","-4,670,000","-1,250,000","-9,294,000",,,,,,,,,,,,,,,"2,500,000","2,600,000",,"-127,400,000","2,900,000","1,600,000",,"1,400,000","1,300,000","-14,900,000",,"-4,500,000","-11,300,000","-39,900,000",,"1,800,000","-28,000,000","1,100,000",,"1,600,000","700,000","700,000","-48,900,000","800,000","800,000","800,000","-2,700,000","900,000","1,400,000","1,200,000","1,700,000","1,700,000","1,300,000","900,000",,,,,,,,,,,,,,,,,,,,,,
		RestructuringAndMergernAcquisition,,,,,,,,,,,,,,,,,,,,,,,,,,,,,,,,,,,,,,,,,,,,,,,,,,,,,,,,,,,,,,,,,,"48,637,000","169,804,000","0","0",,,,,,,,,,,,,,,,,,,,,,,,,,,,,,,,,,,,,,,,,,,,,,,,,,,,,,,,,,,,,,,,,,,,,,,
		ImpairmentOfCapitalAssets,,,,,,,,,,,,,,,,,,,,,,,,,,,,,,,,,,,,,,,,,,,,,,,,,,,"-4,000,000","4,000,000","0",,,,,,,,,,,,,,,,,,,,,,,,,,,,,,,,,,,,,,,,,,,,,,,,,,,,,,,,,,,,,,,,,,,,,,,,,,,,,,,,,,,,,,,
		OtherSpecialCharges,,"300,000","0",,"1,000,000",,"2,300,000",,,"2,800,000","5,400,000",,"2,300,000",,"52,000,000",,,,"0","300,000","10,400,000",,"0","2,600,000","2,400,000","2,400,000","1,900,000",,"18,800,000","9,200,000","12,300,000",,"-800,000",,"2,200,000","-21,300,000","-2,000,000",,,,,,,,,,"21,000,000",,,,"13,600,000","-600,000","1,500,000",,,,,,,,,,,,,"359,067,000","212,356,000","4,670,000","1,250,000",,,,,,,,,,,,,,,,,,,,,,,,,,,,,,,,,,,,,,,,,,,,,,,,,,,,,,,,,,,,,,,,,,,,,,,
		GainOnSaleOfPPE,,,,,,,,,,,,,,,,,,,,,,,,,,,,,,,,,,,,,,,,,,,,,,,"-1,500,000",,,,,,,,,,,,,,,,,,,,,,,,,,,,,,,,,,,,,,,,,,,,,,,,,,,,,,,,,,,,,,,,,,,,,,,,,,,,,,,,,,,,,,,,,,,,,
	OtherNonOperatingIncomeExpenses,"7,300,000","-3,600,000","5,900,000","400,000","4,600,000","1,400,000","4,200,000","2,500,000","5,800,000","-1,900,000","3,600,000","21,000,000","2,200,000","3,700,000","-700,000","1,700,000","1,300,000","-100,000","1,200,000","1,000,000","900,000","1,000,000","800,000","800,000","700,000","600,000","1,300,000","700,000","3,000,000","500,000","1,100,000","200,000","28,200,000","1,700,000","1,300,000","600,000","1,900,000","700,000",,,,,,,,,,,,,,,,,,,,,,,,,,,,,,,,,,,,,,,,,,,,,,,,,,,,,,,,,,,,,,,,,,,,,,,,,,,,,,,,,,,,,,,,,,,,,,,,,,,,,,
PretaxIncome,"631,200,000","141,300,000","147,200,000","160,900,000","181,800,000","167,300,000","149,700,000","127,000,000","60,000,000","135,900,000","117,500,000","153,800,000","134,500,000","156,500,000","75,600,000","139,600,000","142,300,000","135,700,000","135,900,000","128,300,000","107,800,000","124,400,000","121,500,000","120,300,000","123,700,000","116,500,000","108,600,000","103,400,000","94,000,000","89,600,000","74,100,000","87,800,000","130,600,000","94,400,000","94,600,000","108,400,000","92,400,000","99,800,000","81,900,000","88,500,000","83,300,000","86,300,000","82,700,000","51,700,000","41,900,000","71,500,000","50,000,000","41,800,000","55,200,000","56,100,000","35,600,000","28,500,000","1,900,000","57,500,000","124,500,000","-13,100,000","47,900,000","4,000,000","-58,900,000","-31,100,000","-9,200,000","-25,900,000","-55,830,000","-68,271,000","-28,941,000","-404,360,000","-72,674,000","10,533,000","-45,924,000","-229,504,000","-696,962,000","117,354,000","133,619,000","203,851,000","134,385,000","152,912,000","-3,025,000","149,462,000","150,823,000","139,188,000","135,655,000","133,685,000","-133,085,000","-7,100,000","188,400,000","181,700,000","-174,327,000","69,600,000","192,500,000","179,600,000","224,534,000","138,800,000","131,400,000","107,000,000","154,493,000","98,600,000","96,300,000","61,200,000","70,222,000","43,700,000","-3,500,000","30,900,000","22,563,000","22,900,000","21,800,000","19,800,000","-32,800,000","15,100,000","14,600,000","13,900,000","13,900,000","11,900,000","12,000,000","7,200,000","10,300,000","8,800,000","8,100,000","6,600,000","6,300,000","5,000,000","4,700,000","4,100,000",,,,,,,,,,,,,,,,,,
TaxProvision,"136,300,000","31,200,000","31,500,000","34,100,000","39,500,000","34,500,000","38,000,000","26,900,000","11,800,000","27,100,000","27,300,000","34,300,000","23,500,000","30,800,000","29,400,000","30,200,000","29,300,000","30,000,000","49,200,000","43,100,000","28,600,000","39,700,000","39,700,000","42,100,000","42,400,000","39,700,000","43,500,000","35,900,000","32,200,000","30,300,000","19,300,000","22,100,000","36,500,000","32,800,000","30,500,000","35,200,000","-86,500,000","33,500,000","24,500,000","28,100,000","26,900,000","29,100,000","15,200,000","18,100,000","11,200,000","-5,600,000","-737,000,000","-700,000","-2,200,000","2,500,000","-2,400,000","-1,700,000","-300,000","1,200,000","-48,400,000","-22,500,000","700,000","100,000","-34,200,000","-281,100,000","-10,300,000","3,300,000","9,643,000","4,582,000","9,086,000","17,933,000","10,583,000","10,339,000","9,540,000","10,878,000","-203,077,000","33,919,000","45,782,000","68,167,000","46,274,000","51,659,000","7,636,000","49,170,000","50,199,000","46,380,000","42,577,000","42,651,000","-76,471,000","-2,800,000","74,400,000","71,800,000","-66,053,000","63,900,000","75,300,000","70,200,000","60,853,000","52,900,000","50,100,000","42,400,000","42,738,000","37,600,000","36,700,000","23,300,000","20,591,000","16,600,000","-1,400,000","11,800,000","9,135,000","8,400,000","8,500,000","7,700,000","-11,500,000","5,500,000","5,000,000","5,100,000","4,900,000","3,700,000","4,200,000","2,500,000","3,400,000","2,800,000","2,900,000","2,400,000","2,200,000","1,700,000","1,800,000","1,500,000",,,,,,,,,,,,,,,,,,
EarningsFromEquityInterestNetOfTax,,,,,,,,,,,,,,,,,,,,,,,,,,,,,,,,,,,,,,,,,,,,,,,,,,,,,"-2,700,000",,,,,,,,,,,,,,,,,,,,,,,,,,,,,,,,,,,,,,,,,,,,,,,,,,,,,,,,,,,,,,,,,,,,,,,,,,,,,,,,,,,,,,,
NetIncomeCommonStockholders,"390,700,000","87,100,000","89,800,000","100,000,000","112,800,000","106,800,000","85,700,000","77,400,000","33,500,000","86,700,000","67,400,000","97,200,000","91,200,000","101,900,000","28,100,000","88,300,000","91,500,000","83,500,000","60,400,000","65,700,000","62,800,000","66,600,000","65,100,000","61,500,000","62,400,000","57,800,000","47,000,000","50,700,000","42,900,000","40,600,000","42,600,000","48,000,000","80,400,000","45,100,000","-26,500,000","52,500,000","159,400,000","45,600,000","41,200,000","41,400,000","40,400,000","37,300,000","43,500,000","50,500,000","15,400,000","73,300,000","772,700,000","25,300,000","40,800,000","34,200,000","32,100,000","10,300,000","-12,000,000","38,400,000","175,400,000","100,000","37,600,000","19,800,000","-52,300,000","281,100,000","468,300,000","-56,600,000","-77,738,000","-82,644,000","-42,436,000","-435,138,000","-113,836,000","-11,541,000","-62,413,000","-258,204,000","-405,798,000","53,614,000","57,506,000","107,749,000","67,898,000","79,126,000","-19,947,000","75,311,000","76,886,000","71,037,000","65,213,000","65,326,000","-143,083,000","-4,300,000","114,000,000","109,900,000","-185,742,000","5,700,000","117,200,000","109,400,000","98,808,000","85,900,000","81,300,000","64,600,000","62,318,000","61,000,000","59,600,000","37,900,000","34,049,000","27,100,000","-2,100,000","19,100,000","13,225,000","14,500,000","13,300,000","12,100,000","-21,300,000","9,600,000","9,600,000","8,800,000","9,000,000","8,200,000","7,800,000","4,700,000","6,900,000","6,000,000","5,200,000","4,200,000","4,100,000","3,300,000","2,900,000","2,600,000","2,500,000","2,100,000","1,900,000","1,600,000","2,000,000","1,500,000","1,300,000","900,000","1,200,000","1,200,000","800,000","500,000","300,000","300,000","-100,000",,"-400,000","-400,000"
	NetIncome,"392,400,000","87,500,000","91,600,000","100,000,000","113,300,000","107,300,000","86,000,000","77,700,000","33,500,000","87,000,000","67,600,000","97,600,000","91,200,000","102,300,000","28,100,000","88,600,000","91,800,000","83,800,000","60,600,000","65,900,000","63,000,000","66,800,000","65,300,000","61,700,000","62,600,000","58,000,000","47,000,000","50,700,000","42,900,000","42,500,000","42,100,000","50,100,000","83,100,000","46,700,000","48,900,000","58,200,000","165,200,000","51,300,000","47,000,000","47,100,000","46,700,000","44,200,000","50,000,000","57,000,000","21,900,000","79,800,000","779,200,000","31,800,000","47,300,000","40,700,000","38,600,000","16,800,000","-5,500,000","44,900,000","181,900,000","6,600,000","44,100,000","19,800,000","-45,800,000","287,600,000","468,300,000","-56,600,000","-71,282,000","-76,144,000","-42,436,000","-435,138,000","-113,836,000","-11,541,000","-62,413,000","-258,204,000","-405,798,000","53,614,000","57,506,000","107,749,000","67,898,000","79,126,000","-19,947,000","75,311,000","76,886,000","71,037,000","65,213,000","65,326,000","-143,083,000","-4,300,000","114,000,000","109,900,000","-185,742,000","5,700,000","117,200,000","109,400,000","98,808,000","85,900,000","81,300,000","64,600,000","62,318,000","61,000,000","59,600,000","37,900,000","34,049,000","27,100,000","-2,100,000","19,100,000","13,225,000","14,500,000","13,300,000","12,100,000","-21,300,000","9,600,000","9,600,000","8,800,000","9,000,000","8,200,000","7,800,000","4,700,000","6,900,000","6,000,000","5,200,000","4,200,000","4,100,000","3,300,000","2,900,000","2,600,000","2,500,000","2,100,000","1,900,000","1,600,000","2,000,000","1,500,000","1,300,000","900,000","1,200,000","1,200,000","800,000","500,000","300,000","300,000","-100,000",,"-400,000","-400,000"
		NetIncomeIncludingNoncontrollingInterests,"494,500,000","110,100,000","115,700,000","126,700,000","142,000,000","132,800,000","111,700,000","100,100,000","48,300,000","108,700,000","90,200,000","119,500,000","110,900,000","125,200,000","47,700,000","109,300,000","113,200,000","105,200,000","86,500,000","85,100,000","79,400,000","84,400,000","82,100,000","78,100,000","81,200,000","76,700,000","65,800,000","67,800,000","60,200,000","59,000,000","57,500,000","64,800,000","97,900,000","61,500,000","64,200,000","72,300,000","179,000,000","65,900,000","59,300,000","59,900,000","59,900,000","56,800,000","62,500,000","68,300,000","32,300,000","91,500,000","789,900,000","41,900,000","57,500,000","50,500,000","46,900,000","24,800,000","3,600,000","53,500,000","190,000,000","12,500,000","52,300,000","27,400,000","-37,600,000","294,800,000","476,100,000","-47,800,000","-57,349,000","-55,020,000","-21,359,000","-399,015,000","61,787,000","-33,263,000","-86,979,000","-290,719,000","-612,252,000","83,435,000","87,837,000","135,684,000","88,111,000","101,253,000","4,611,000","100,292,000","100,624,000","92,808,000","93,078,000","91,034,000","19,086,000","-31,300,000","90,000,000","85,100,000","-54,674,000","-12,500,000","100,100,000","91,100,000","213,181,000","69,100,000","64,500,000","48,700,000","149,755,000","47,700,000","46,200,000","26,500,000","58,031,000","22,600,000","-4,100,000","19,000,000","13,428,000","14,400,000","13,200,000","12,000,000","-21,400,000","9,600,000","9,600,000","8,900,000","8,900,000","8,100,000","7,000,000","4,300,000","6,300,000","5,600,000","4,700,000","4,100,000","4,000,000","3,100,000","2,500,000","2,700,000","2,000,000","2,100,000","1,900,000","1,600,000","2,000,000","1,500,000","1,300,000","900,000","1,200,000","1,200,000","800,000","500,000","300,000","300,000","-100,000",,"-400,000","-400,000"
			NetIncomeContinuousOperations,"494,900,000","110,100,000","115,700,000","126,800,000","142,300,000","132,800,000","111,700,000","100,100,000","48,200,000","108,800,000","90,200,000","119,500,000","111,000,000","125,700,000","46,200,000","109,400,000","113,000,000","105,700,000","86,700,000","85,200,000","79,200,000","84,700,000","81,800,000","78,200,000","81,300,000","76,800,000","65,100,000","67,500,000","61,800,000","59,300,000","54,800,000","65,700,000","94,100,000","61,600,000","64,100,000","73,200,000","178,900,000","66,300,000","57,400,000","60,400,000","56,400,000","57,200,000","67,500,000","33,600,000","30,700,000","77,100,000","787,000,000","42,500,000","57,400,000","53,600,000","38,000,000","30,200,000","2,200,000","56,300,000","172,900,000","9,400,000","47,200,000","3,900,000","-24,700,000","250,000,000","1,100,000","-29,200,000","-65,473,000","-72,853,000","-38,027,000","-422,293,000","-83,257,000","194,000","-55,464,000","-240,382,000","-405,798,000","53,614,000","57,506,000","135,684,000","88,111,000","101,253,000","4,611,000","100,292,000","100,624,000","92,808,000","93,078,000","91,034,000","-56,614,000","-4,300,000","114,000,000","109,900,000","-108,274,000","5,700,000","117,200,000","109,400,000","98,808,000","85,900,000","81,300,000","64,600,000","111,755,000","61,000,000","59,600,000","37,900,000","49,631,000","27,100,000","-2,100,000","19,100,000","13,428,000","14,500,000","13,300,000","12,100,000","-21,300,000","9,600,000","9,600,000","8,800,000","9,000,000","8,200,000","7,800,000","4,700,000","6,900,000","6,000,000","5,200,000","4,200,000","4,100,000","3,300,000","2,900,000","2,600,000","2,500,000","2,100,000","1,900,000","1,600,000","2,000,000","1,500,000","1,300,000","900,000","1,200,000","1,200,000","800,000","500,000","300,000","300,000","-100,000",,"-400,000","-400,000"
			NetIncomeDiscontinuousOperations,"-400,000","0","0","-100,000","-300,000","0","0","0","100,000","-100,000","0","0","-100,000","-500,000","1,500,000","-100,000","200,000","-500,000","-200,000","-100,000","200,000","-300,000","300,000","-100,000","-100,000","-100,000","700,000","300,000","-1,600,000","-300,000","2,700,000","-900,000","3,800,000","-100,000","100,000","-900,000","100,000","-400,000","1,900,000","-500,000","3,500,000","-400,000","-5,000,000","34,700,000","1,600,000","14,400,000","2,900,000","-600,000","100,000","-3,100,000","8,900,000","-5,400,000","1,400,000","-2,800,000","9,000,000","-2,800,000","-3,100,000","15,900,000","-21,100,000","37,600,000","467,200,000","-27,400,000","-5,809,000","-3,291,000","-4,409,000","-12,845,000","-30,579,000","-11,735,000","-6,949,000","-17,822,000",,,,,,,,,,,,,,,,,,,,,,,,,,,,,,,,,,,,,,,,,,,,,,,,,,,,,,,,,,,,,,,,,,,,,,
			NetIncomeExtraordinary,,,,,,,,,,,,,,,,,,,,,,,,,,,,,,,,,,,,,,,,,,,,,,,,,,,,,,,,,,,,,,,,,,,,,,,"-19,544,000","25,078,000","-5,534,000",,,,,,,,,,,,,,,,,,,,,,,,,,,,,,,,,,,,,,,,,,,,,,,,,,,,,,,,,,,,,,,,,,,
		MinorityInterests,"-102,100,000","-22,600,000","-24,100,000","-26,700,000","-28,700,000","-25,500,000","-25,700,000","-22,400,000","-14,800,000","-21,700,000","-22,600,000","-21,900,000","-19,700,000","-22,900,000","-19,600,000","-20,700,000","-21,400,000","-21,400,000","-25,900,000","-19,200,000","-16,400,000","-17,600,000","-16,800,000","-16,400,000","-18,600,000","-18,700,000","-18,800,000","-17,100,000","-17,300,000","-16,500,000","-15,400,000","-14,700,000","-14,800,000","-14,800,000","-15,300,000","-14,100,000","-13,800,000","-14,600,000","-12,300,000","-12,800,000","-13,200,000","-12,600,000","-12,500,000","-11,300,000","-10,400,000","-11,700,000","-10,700,000","-10,100,000","-10,200,000","-9,800,000","-8,300,000","-8,000,000","-9,100,000","-8,600,000","-8,100,000","-5,900,000","-8,200,000","-7,600,000","-8,200,000","-7,200,000","-7,800,000","-8,800,000","-13,933,000","-21,124,000","-21,077,000","-36,123,000","-175,623,000","21,722,000","24,566,000","32,515,000","206,454,000","-29,821,000","-30,331,000","-27,935,000","-20,213,000","-22,127,000","-24,558,000","-24,981,000","-23,738,000","-21,771,000","-27,865,000","-25,708,000","-162,169,000","27,000,000","24,000,000","24,800,000","-131,068,000","18,200,000","17,100,000","18,300,000","-114,373,000","16,800,000","16,800,000","15,900,000","-87,437,000","13,300,000","13,400,000","11,400,000","-23,982,000","4,500,000","2,000,000","100,000",,"100,000","100,000","100,000","100,000",,,"-100,000","100,000","100,000","800,000","400,000","600,000","400,000","500,000","100,000","100,000","200,000","400,000","-100,000",,,,,,,,,,,,,,,,,,
	PreferredStockDividends,,,,,,,,,,,,,,,,,,,,,,,,,,,"0",,,"1,600,000","1,600,000","1,600,000","1,500,000","1,600,000","3,800,000","5,700,000","5,800,000","5,700,000","5,000,000","5,700,000","6,300,000","6,900,000","6,500,000","6,500,000","6,500,000","6,500,000","6,500,000","6,500,000","6,500,000","6,500,000","6,500,000","6,500,000","6,500,000","6,500,000","6,500,000","6,500,000","6,500,000",,"6,500,000","6,500,000",,,"6,456,000","6,500,000",,,,,,,,,,,,,,,,,,,,,,,,,,,,,,,,,,,,,,,,,,,,,,,,,,,,,,,,,,,,,,,,,,,,,,,,,,,,
	OtherunderPreferredStockDividend,"1,700,000","400,000",,,"500,000","500,000","300,000","300,000",,"300,000","200,000","400,000",,"400,000","0","300,000","100,000","300,000","200,000","200,000","200,000","200,000","200,000","200,000","200,000","200,000",,,,"300,000","-2,100,000","500,000","1,200,000",,"71,600,000","0","0","0",,,,,,,,,,,,,,,,,,,,,,,,,,,,,,,,,,,,,,,,,,,,,,,,,,,,,,,,,,,,,,,,,,,,,,,,,,,,,,,,,,,,,,,,,,,,,,,,,,,,,,
AverageDilutionEarnings,"1,700,000","400,000",,,"500,000","500,000","300,000","300,000",,"300,000","200,000","400,000",,"400,000",,"300,000","300,000","300,000",,,,"2,700,000","2,700,000","2,600,000","2,600,000","2,600,000",,,,"4,200,000",,,"5,000,000",,,,"5,800,000","5,700,000",,,,,,,,,,,,,,,,,,,,,,,,,,,,,,,,,,,,,,,,,,,,,,,,,,,,,,,,,,,,,,,,,,,,,,,,,,,,,,,,,,,,,,,,,,,,,,,,,,,,,,
DilutedNIAvailtoComStockholders,"392,400,000","87,500,000","91,600,000","100,000,000","113,300,000","107,300,000","86,000,000","77,700,000","33,500,000","87,000,000","67,600,000","97,600,000","91,200,000","102,300,000","27,200,000","88,600,000","91,800,000","83,800,000","60,400,000","65,700,000","62,800,000","69,300,000","67,800,000","64,100,000","65,000,000","60,400,000","47,000,000","50,700,000","42,900,000","44,800,000","42,600,000","48,000,000","85,400,000","45,100,000","-26,500,000","52,500,000","165,200,000","51,300,000","65,900,000","41,400,000","40,400,000","37,300,000","43,500,000","50,500,000","15,400,000","73,300,000","772,700,000","25,300,000","40,800,000","34,200,000","32,100,000","10,300,000","-12,000,000","38,400,000","175,400,000","100,000","37,600,000","19,800,000","-52,300,000","281,100,000","468,300,000","-56,600,000","-77,738,000","-82,644,000","-42,436,000","-435,138,000","-113,836,000","-11,541,000","-62,413,000","-258,204,000","-405,798,000","53,614,000","57,506,000","107,749,000","67,898,000","79,126,000","-19,947,000","75,311,000","76,886,000","71,037,000","65,213,000","65,326,000","-143,083,000","-4,300,000","114,000,000","109,900,000","-185,742,000","5,700,000","117,200,000","109,400,000","98,808,000","85,900,000","81,300,000","64,600,000","62,318,000","61,000,000","59,600,000","37,900,000","34,049,000","27,100,000","-2,100,000","19,100,000","13,225,000","14,500,000","13,300,000","12,100,000","-21,300,000","9,600,000","9,600,000","8,800,000","9,000,000","8,200,000","7,800,000","4,700,000","6,900,000","6,000,000","5,200,000","4,200,000","4,100,000","3,300,000","2,900,000","2,600,000","2,500,000","2,100,000","1,900,000","1,600,000","2,000,000","1,500,000","1,300,000","900,000","1,200,000","1,200,000","800,000","500,000","300,000","300,000","-100,000",,"-400,000","-400,000"
BasicEPS,,"0.88","0.92","1.01","1.14","1.08","0.87","0.78","0.34","0.88","0.69","0.99","0.93","1.04","0.29","0.9","0.93","0.85","0.62","0.67","0.7","0.75","0.73","0.69","0.7","0.65","0.52","0.56","0.47","0.47","0.46","0.55","0.93","0.51","-0.31","0.6","1.85","0.49",,"0.44","0.43","0.39",,"0.54","0.17","0.79","9.41","0.27","0.44","0.37",,"0.12","-0.14","0.44",,"0","0.47","0.17",,"3.58","5.95","-0.8",,"-1.04","-0.65","-5.45",,"-0.15","-0.8","-3.25",,"0.65","0.75","1.35",,"1","-0.25","0.95",,"0.9","0.85","0.85",,"-0.052","1.373","1.323",,"0.072","1.471","1.373",,"1.306","1.236","0.982",,"1","0.977","0.621",,"0.952","-0.074","0.671",,,,,,,,,,,,,,,,,,,,,,,"0.067","0.056",,"0.053","0.046","0.032",,"0.042","0.028","0.018",,"0.011","-0.004",,,"-0.014"
DilutedEPS,,"0.87","0.91","1","1.13","1.07","0.86","0.78","0.34","0.87","0.68","0.98","0.92","1.03","0.28","0.89","0.92","0.84","0.61","0.67","0.7","0.7","0.68","0.64","0.65","0.61","0.49","0.52","0.45","0.44","0.44","0.52","0.85","0.48","-0.31","0.58","1.66","0.48",,"0.383","0.374","0.39",,"0.54","0.17","0.73","8.28","0.27","0.44","0.37",,"0.12","-0.14","0.44",,"0","0.47","0.17",,"3.13","5.085","-0.8",,"-1.04","-0.65","-5.45",,"-0.15","-0.8","-3.25",,"0.65","0.7","1.35",,"1","-0.25","0.95",,"0.9","0.85","0.85",,"-0.052","1.373","1.323",,"0.072","1.471","1.373",,"1.306","1.236","0.982",,"1","0.977","0.621",,"0.952","-0.074","0.671",,,,,,,,,,,,,,,,,,,,,,,"0.067","0.056",,"0.053","0.046","0.032",,"0.042","0.028","0.018",,"0.011","-0.004",,,"-0.014"
BasicAverageShares,,"99,200,000","99,000,000","99,000,000","99,000,000","99,000,000","98,700,000","98,700,000","98,700,000","98,200,000","97,800,000","97,800,000","98,000,000","98,400,000","98,000,000","98,000,000","97,900,000","97,800,000","97,600,000","97,800,000","90,300,000","88,800,000","88,600,000","89,100,000","89,300,000","89,500,000","90,100,000","90,600,000","89,800,000","87,100,000","86,600,000","86,500,000","86,700,000","87,300,000","86,400,000","86,200,000","86,100,000","94,000,000",,"94,700,000","94,600,000","94,500,000",,"93,300,000","93,300,000","93,100,000","92,800,000","92,800,000","92,800,000","92,700,000",,"87,600,000","87,600,000","87,500,000",,"87,400,000","79,500,000","78,900,000",,"78,500,000","78,700,000","78,700,000",,"79,631,000","79,633,000","79,547,000",,"79,419,000","79,409,400","79,304,400",,"79,447,400","79,060,400","78,372,600",,"78,091,000","77,733,000","77,628,600",,"77,123,000","77,080,800","77,128,800",,,"83,042,817","83,042,817",,,,"79,657,194",,,,"65,767,787",,,,"60,993,442",,,,"28,452,309",,,,,,,,,,,,,,,,,,,,,,,"28,452,309","28,452,309",,"28,452,309","28,452,309","28,452,309",,"28,452,309","28,452,309","28,452,309",,"28,452,309","28,452,309",,,"28,452,309"
DilutedAverageShares,,"100,200,000","100,200,000","100,200,000","100,200,000","100,200,000","100,100,000","99,900,000","99,900,000","99,600,000","99,500,000","99,400,000","99,300,000","99,700,000","100,000,000","100,000,000","99,600,000","99,400,000","99,200,000","99,000,000","98,900,000","99,000,000","99,200,000","99,400,000","99,400,000","99,400,000","100,600,000","101,500,000","101,500,000","101,100,000","100,800,000","100,500,000","100,600,000","100,900,000","100,800,000","100,400,000","99,800,000","107,100,000",,"108,100,000","108,000,000","108,700,000",,"109,200,000","109,500,000","109,000,000","108,500,000","108,300,000","108,200,000","108,000,000",,"102,200,000","101,500,000","100,900,000",,"101,000,000","93,000,000","92,300,000",,"91,800,000","92,100,000","92,100,000",,"92,944,000","92,902,200","82,950,800",,"79,662,000","79,765,400","79,781,000",,"79,870,400","80,494,400","82,974,400",,"80,214,800","77,733,000","79,691,200",,"78,006,600","78,075,200","77,803,800",,,"83,042,817","83,042,817",,,,"79,657,194",,,,"65,767,787",,,,"60,993,442",,,,"28,452,309",,,,,,,,,,,,,,,,,,,,,,,"28,452,309","28,452,309",,"28,452,309","28,452,309","28,452,309",,"28,452,309","28,452,309","28,452,309",,"28,452,309","28,452,309",,,"28,452,309"
RentExpenseSupplemental,"80,900,000","20,900,000","20,000,000","19,800,000","20,200,000","20,200,000","20,400,000","20,300,000","20,300,000","20,200,000","20,600,000","21,800,000","20,300,000","19,600,000","20,300,000","19,600,000","19,500,000","18,600,000","18,700,000","18,600,000","18,300,000","17,900,000","17,800,000","17,600,000","17,900,000","18,000,000","16,800,000","12,500,000","12,500,000","12,100,000","10,500,000","10,300,000","10,300,000","10,500,000","11,200,000","11,700,000","11,900,000","12,200,000","12,000,000","11,800,000","12,300,000","12,500,000","12,200,000","12,500,000","12,100,000","12,300,000","12,600,000","12,100,000",,,,,,,,,,,,,,,,,,,,,,,,,,,,,,,,,,,,,,,,,,,,,,,,,,,,,,,,,,,,,,,,,,,,,,,,,,,,,,,,,,,,,,,,,,,,
TotalExpenses,"4,442,100,000","1,149,700,000","1,138,400,000","1,085,300,000","1,068,700,000","1,022,700,000","1,021,400,000","1,001,400,000","974,800,000","999,000,000","1,021,800,000","989,700,000","964,500,000","936,500,000","933,300,000","894,500,000","891,000,000","876,900,000","841,200,000","820,700,000","811,900,000","795,800,000","775,600,000","749,900,000","738,900,000","732,800,000","713,900,000","632,000,000","615,100,000","600,500,000","497,700,000","475,200,000","468,300,000","467,400,000","449,500,000","446,200,000","447,900,000","444,800,000","427,600,000","431,500,000","423,500,000","426,100,000","132,300,000","407,500,000","406,100,000","434,400,000","426,600,000","412,000,000","415,800,000","403,100,000","402,500,000","406,400,000","446,500,000","382,300,000","423,100,000","398,700,000","397,800,000","413,000,000","377,100,000","378,500,000","396,100,000","422,600,000","657,422,000","703,864,000","730,612,000","675,753,000","388,310,000","659,259,000","759,968,000","975,066,000","1,126,807,000","786,947,000","747,412,000","736,401,000","731,543,000","714,750,000","722,705,000","736,045,000","710,037,000","711,872,000","700,462,000","693,993,000","175,149,000","933,900,000","795,900,000","784,000,000","315,614,000","786,000,000","707,200,000","683,100,000","245,335,000","566,400,000","548,400,000","528,300,000","253,110,000","477,800,000","451,100,000","444,900,000","194,468,000","321,900,000","329,200,000","258,800,000","233,627,000","224,000,000","212,700,000","202,400,000","105,600,000","104,100,000","102,500,000","100,000,000","89,500,000","88,500,000","88,100,000","84,300,000","53,300,000","46,100,000","44,400,000","41,900,000","43,600,000","38,000,000","34,700,000","35,700,000",,,,,,,,,,,,,,,,,,
NetIncomeFromContinuingAndDiscontinuedOperation,"392,400,000","87,500,000","91,600,000","100,000,000","113,300,000","107,300,000","86,000,000","77,700,000","33,500,000","87,000,000","67,600,000","97,600,000","91,200,000","102,300,000","28,100,000","88,600,000","91,800,000","83,800,000","60,600,000","65,900,000","63,000,000","66,800,000","65,300,000","61,700,000","62,600,000","58,000,000","47,000,000","50,700,000","42,900,000","42,500,000","42,100,000","50,100,000","83,100,000","46,700,000","48,900,000","58,200,000","165,200,000","51,300,000","47,000,000","47,100,000","46,700,000","44,200,000","50,000,000","57,000,000","21,900,000","79,800,000","779,200,000","31,800,000","47,300,000","40,700,000","38,600,000","16,800,000","-5,500,000","44,900,000","181,900,000","6,600,000","44,100,000","19,800,000","-45,800,000","287,600,000","468,300,000","-56,600,000","-71,282,000","-76,144,000","-42,436,000","-435,138,000","-113,836,000","-11,541,000","-62,413,000","-258,204,000","-386,254,000","28,536,000","63,040,000","107,749,000","67,898,000","79,126,000","-19,947,000","75,311,000","76,886,000","71,037,000","65,213,000","65,326,000","-143,083,000","-4,300,000","114,000,000","109,900,000","-185,742,000","5,700,000","117,200,000","109,400,000","98,808,000","85,900,000","81,300,000","64,600,000","62,318,000","61,000,000","59,600,000","37,900,000","34,049,000","27,100,000","-2,100,000","19,100,000","13,225,000","14,500,000","13,300,000","12,100,000","-21,300,000","9,600,000","9,600,000","8,800,000","9,000,000","8,200,000","7,800,000","4,700,000","6,900,000","6,000,000","5,200,000","4,200,000","4,100,000","3,300,000","2,900,000","2,600,000","2,500,000","2,100,000","1,900,000","1,600,000","2,000,000","1,500,000","1,300,000","900,000","1,200,000","1,200,000","800,000","500,000","300,000","300,000","-100,000",,"-400,000","-400,000"
NormalizedIncome,"393,819,280.735","87,733,757.962","91,600,000","100,100,000","114,382,728.273","107,300,000","87,716,165.665","77,700,000","33,400,000","89,341,648.271","71,745,361.702","97,600,000","93,198,141.264","102,800,000","58,377,777.778","88,700,000","91,600,000","84,300,000","60,800,000","66,199,220.577","70,440,816.327","67,100,000","65,000,000","63,490,108.063","64,277,364.592","59,682,145.923","47,440,000","50,400,000","56,860,000","48,888,839.286","48,496,356.275","51,000,000","78,723,583.461","46,800,000","50,290,697.674","44,716,605.166","163,800,000","51,700,000","47,623,076.923","45,416,045.198","43,335,414.166","44,533,719.583","286,148,730.351","32,243,520.309","38,910,501.193","65,140,000","784,230,000","37,860,000","46,160,000","46,952,941.176","37,825,000","29,545,000","-5,925,000","51,029,043.478","96,525,000","26,950,000","14,386,638.831","3,315,000","16,575,000","262,415,000","-4,555,000","-37,455,000","-48,047,200","-72,896,800","-42,991,400","-177,670,600","148,085,000","2,906,600","-54,714,000","-233,815,000","-386,254,000","28,536,000","63,040,000","107,749,000","67,898,000","79,126,000","-19,947,000","75,311,000","76,886,000","71,037,000","65,213,000","65,326,000","-143,083,000","-4,300,000","112,487,261.146","108,327,407.815","-185,742,000","82,140,000","115,434,389.61","108,425,389.755","98,808,000","85,033,573.487","80,495,662.1","73,595,700.935","62,318,000","63,783,975.659","66,593,561.786","62,609,313.725","34,049,000","25,983,752.86","14,700,000","18,420,064.725","13,225,000","13,486,899.563","12,872,935.78","11,672,222.222","10,455,182.927","9,091,390.728","9,073,972.603","8,293,525.18","10,748,201.439","7,579,831.933","6,890,000","3,916,666.667","5,761,165.049","4,840,909.091","4,365,432.099","3,627,272.727","4,100,000","3,300,000","2,900,000","2,600,000","2,500,000","2,100,000","1,900,000","1,600,000","2,000,000","1,500,000","1,300,000","900,000","1,200,000","1,200,000","800,000","500,000","300,000","300,000","-100,000",,"-400,000","-400,000"
InterestExpense,"161,400,000","39,600,000","40,100,000","39,900,000","41,800,000","42,800,000","46,200,000","49,000,000","45,800,000","43,200,000","44,500,000","40,300,000","37,700,000","37,200,000","36,700,000","37,300,000","37,700,000","35,600,000","35,900,000","36,800,000","40,400,000","41,300,000","41,600,000","42,500,000","43,400,000","44,600,000","44,600,000","35,600,000","30,900,000","31,800,000","25,700,000","27,800,000","27,800,000","27,900,000","26,500,000","25,300,000","24,400,000","24,200,000","24,300,000","23,500,000","23,000,000","23,300,000","23,100,000","26,300,000","34,900,000","35,100,000","34,500,000","30,800,000","30,100,000","30,500,000","30,800,000","29,500,000","31,100,000","34,400,000",,,,,,,,,,,,,,,,,,,,,,,,,,,,,,,,,,,,,,,,,,,,,,,,,,,,,,,,,,,,,,,,,,,,,,,,,,,,,,,,,,,,,,
NetInterestIncome,"-161,400,000","-39,600,000","-40,100,000","-39,900,000","-41,800,000","-42,800,000","-46,200,000","-49,000,000","-45,800,000","-43,200,000","-44,500,000","-40,300,000","-37,700,000","-37,200,000","-36,700,000","-37,300,000","-37,700,000","-35,600,000","-35,900,000","-36,800,000","-40,400,000","-41,300,000","-41,600,000","-42,500,000","-43,400,000","-44,600,000","-44,600,000","-35,600,000","-30,900,000","-31,800,000","-25,700,000","-27,800,000","-27,800,000","-27,900,000","-26,500,000","-25,300,000","-24,400,000","-24,200,000","-24,300,000","-23,500,000","-23,000,000","-23,300,000","-23,100,000","-26,300,000","-34,900,000","-35,100,000","-34,500,000","-30,800,000","-30,100,000","-30,500,000","-30,800,000","-29,500,000","-31,100,000","-34,400,000",,,,,,,,,,,,,,,,,,,,,,,,,,,,,,,,,,,,,,,,,,,,,,,,,,,,,,,,,,,,,,,,,,,,,,,,,,,,,,,,,,,,,,
EBIT,"792,600,000","180,900,000","187,300,000","200,800,000","223,600,000","210,100,000","195,900,000","176,000,000","105,800,000","179,100,000","162,000,000","194,100,000","172,200,000","193,700,000","112,300,000","176,900,000","180,000,000","171,300,000","171,800,000","165,100,000","148,200,000","165,700,000","163,100,000","162,800,000","167,100,000","161,100,000","153,200,000","139,000,000","124,900,000","121,400,000","99,800,000","115,600,000","158,400,000","122,300,000","121,100,000","133,700,000","116,800,000","124,000,000","106,200,000","112,000,000","106,300,000","109,600,000","105,800,000","78,000,000","76,800,000","106,600,000","84,500,000","72,600,000","85,300,000","86,600,000","66,400,000","58,000,000","33,000,000","91,900,000","40,700,000","57,500,000","63,600,000","56,000,000","61,900,000","53,100,000","46,700,000","26,000,000","61,050,000","27,343,000","56,901,000","116,234,000","418,732,000","107,048,000","58,309,000","-126,471,000","-203,279,000","306,838,000","416,271,000","393,374,000","383,610,000","361,124,000","376,284,000","354,417,000","366,963,000","348,585,000","335,860,000","327,342,000","825,458,000","59,400,000","251,700,000","246,500,000","792,860,000","261,400,000","235,300,000","224,600,000","608,934,000","182,000,000","174,600,000","163,300,000","389,627,000","139,100,000","144,500,000","136,300,000","252,519,000","70,800,000","49,700,000","48,200,000","154,014,000","37,100,000","34,700,000","28,900,000","19,700,000","17,200,000","17,100,000","16,100,000","19,200,000","13,600,000","14,500,000","9,300,000","11,500,000","9,700,000","10,000,000","8,700,000","5,400,000","8,100,000","8,100,000","6,900,000","-87,700,000","37,000,000","36,700,000","31,100,000","-51,300,000","23,900,000","21,300,000","17,800,000","-30,000,000","13,600,000","11,700,000","11,300,000","-10,200,000","5,700,000","3,000,000","3,000,000","-5,000,000","1,100,000"
EBITDA,"1,052,900,000"
ReconciledCostOfRevenue,"213,500,000","56,100,000","54,200,000","53,200,000","50,000,000","51,900,000","51,700,000","52,500,000","50,600,000","45,700,000","43,200,000","42,900,000","41,700,000","40,100,000","40,900,000","38,600,000","39,300,000","39,900,000","38,700,000","36,500,000","37,100,000","37,000,000","35,800,000","34,800,000","34,400,000","35,000,000","34,600,000","31,000,000","31,700,000","31,400,000","29,900,000","26,600,000","27,800,000","27,600,000","27,100,000","25,500,000","26,600,000","26,200,000","102,400,000","0","0","0","0","0","800,000","0","0","0","11,400,000","270,200,000","-745,500,000","263,100,000","12,100,000","12,000,000","-794,200,000","305,400,000","301,800,000","303,300,000","57,500,000","303,400,000","303,700,000","324,200,000","363,626,000","344,385,000","354,870,000","363,860,000",,,,,,,,,,,,,,,,,,"860,500,000","841,200,000","833,500,000",,"823,400,000","739,200,000","708,300,000",,"591,600,000","571,900,000","553,100,000",,"496,300,000","479,900,000","471,500,000",,"337,800,000","335,300,000","265,700,000",,"229,600,000","217,600,000","206,000,000","109,200,000","105,800,000","104,100,000","102,800,000","105,200,000","89,600,000","88,600,000","84,300,000","56,200,000","48,300,000","46,400,000","44,200,000","45,800,000","39,600,000","35,800,000","36,600,000",,,,,,,,,,,,,,,,,,
ReconciledDepreciation,"260,300,000","66,200,000","65,800,000","64,900,000","63,400,000","62,500,000","62,300,000","61,200,000","60,700,000","58,800,000","58,400,000","55,100,000","52,700,000","52,500,000","52,900,000","51,200,000","49,700,000","45,900,000","46,600,000","46,200,000","45,800,000","45,200,000","43,800,000","43,500,000","42,900,000","42,400,000","41,400,000","33,700,000","32,700,000","31,900,000","27,500,000","27,400,000","26,400,000","26,400,000","25,200,000","24,300,000","23,100,000","22,100,000","21,700,000","21,300,000","20,000,000","19,500,000","20,200,000","19,500,000","18,800,000","20,300,000","20,100,000","19,300,000","18,700,000","18,300,000","17,500,000","18,100,000","17,700,000","17,600,000","18,000,000","18,100,000","18,300,000","30,100,000","19,700,000","19,900,000","20,000,000","21,300,000","34,474,000","38,473,000","38,917,000","37,109,000","38,418,000","40,249,000","40,199,000","49,109,000","-31,194,000","79,505,000","79,807,000","77,582,000","95,039,000","95,789,000","93,223,000","91,219,000","91,747,000","89,159,000","90,286,000","89,655,000","659,248,000","-94,700,000","-95,900,000","-94,400,000","587,191,000","-88,900,000","-80,300,000","-73,400,000","431,310,000","-63,800,000","-60,100,000","-57,400,000","326,266,000","-49,300,000","-45,400,000","-42,600,000","207,995,000","-31,100,000","-32,800,000","-22,900,000","123,488,000","-18,000,000","-16,000,000","-13,900,000","-10,100,000","-9,300,000","-8,700,000","-8,400,000","-7,300,000","-6,600,000","-5,900,000","-5,700,000","-4,500,000","-3,500,000","-3,400,000","-3,300,000","-3,200,000","-3,000,000","-2,600,000","-2,300,000",,,,,,,,,,,,,,,,,,
NetIncomeFromContinuingOperationNetMinorityInterest,"392,800,000","87,500,000","91,600,000","100,100,000","113,600,000","107,300,000","86,000,000","77,700,000","33,400,000","87,100,000","67,600,000","97,600,000","91,300,000","102,800,000","26,600,000","88,700,000","91,600,000","84,300,000","60,800,000","66,000,000","62,800,000","67,100,000","65,000,000","61,800,000","62,700,000","58,100,000","46,300,000","50,400,000","44,500,000","42,800,000","39,400,000","51,000,000","79,300,000","46,800,000","48,800,000","59,100,000","165,100,000","51,700,000","45,100,000","47,600,000","43,200,000","44,600,000","55,000,000","22,300,000","20,300,000","65,400,000","776,300,000","32,400,000","47,200,000","43,800,000","29,700,000","22,200,000","-6,900,000","47,700,000","172,900,000","9,400,000","47,200,000","3,900,000","-24,700,000","250,000,000","1,100,000","-29,200,000","-65,473,000","-72,853,000","-38,027,000","-422,293,000","-83,257,000","194,000","-55,464,000","-240,382,000","-386,254,000","28,536,000","63,040,000","107,749,000","67,898,000","79,126,000","-19,947,000","75,311,000","76,886,000","71,037,000","65,213,000","65,326,000","-143,083,000","-4,300,000","114,000,000","109,900,000","-185,742,000","5,700,000","117,200,000","109,400,000","98,808,000","85,900,000","81,300,000","64,600,000","62,318,000","61,000,000","59,600,000","37,900,000","34,049,000","27,100,000","-2,100,000","19,100,000","13,225,000","14,500,000","13,300,000","12,100,000","-21,300,000","9,600,000","9,600,000","8,800,000","9,000,000","8,200,000","7,800,000","4,700,000","6,900,000","6,000,000","5,200,000","4,200,000","4,100,000","3,300,000","2,900,000","2,600,000","2,500,000","2,100,000","1,900,000","1,600,000","2,000,000","1,500,000","1,300,000","900,000","1,200,000","1,200,000","800,000","500,000","300,000","300,000","-100,000",,"-400,000","-400,000"
TotalUnusualItemsExcludingGoodwill,"-1,300,000","-300,000","0","0","-1,000,000","0","-2,300,000","0","0","-2,800,000","-5,400,000","0","-2,300,000",,"-52,000,000","0",,,"0","-300,000","-10,400,000","0","0","-2,600,000","-2,400,000","-2,400,000","-1,900,000","0","-18,800,000","-9,200,000","-12,300,000","0","800,000",,"-2,200,000","21,300,000","2,000,000",,"-3,600,000","3,200,000","-200,000","100,000","-283,200,000","-15,300,000","-25,400,000","400,000","-12,200,000","-8,400,000","1,600,000","-3,300,000","-12,500,000","-11,300,000","-1,500,000","-3,400,000","117,500,000","-27,000,000","33,300,000","600,000","-63,500,000","-19,100,000","8,700,000","12,700,000","-29,043,000","73,000","8,274,000","-407,704,000","-385,570,000","-4,521,000","-1,250,000","-10,945,000",,,,,,,,,,,,,,,"2,500,000","2,600,000",,"-127,400,000","2,900,000","1,600,000",,"1,400,000","1,300,000","-14,900,000",,"-4,500,000","-11,300,000","-39,900,000",,"1,800,000","-28,000,000","1,100,000",,"1,600,000","700,000","700,000","-48,900,000","800,000","800,000","800,000","-2,700,000","900,000","1,400,000","1,200,000","1,700,000","1,700,000","1,300,000","900,000",,,,,,,,,,,,,,,,,,,,,,
TotalUnusualItems,"-1,300,000","-300,000","0","0","-1,000,000","0","-2,300,000","0","0","-2,800,000","-5,400,000","0","-2,300,000",,"-52,000,000","0",,,"0","-300,000","-10,400,000","0","0","-2,600,000","-2,400,000","-2,400,000","-1,900,000","0","-18,800,000","-9,200,000","-12,300,000","0","800,000",,"-2,200,000","21,300,000","2,000,000",,"-3,600,000","3,200,000","-200,000","100,000","-283,200,000","-15,300,000","-25,400,000","400,000","-12,200,000","-8,400,000","1,600,000","-3,300,000","-12,500,000","-11,300,000","-1,500,000","-3,400,000","117,500,000","-27,000,000","33,300,000","600,000","-63,500,000","-19,100,000","8,700,000","12,700,000","-29,043,000","73,000","8,274,000","-407,704,000","-385,570,000","-4,521,000","-1,250,000","-10,945,000",,,,,,,,,,,,,,,"2,500,000","2,600,000",,"-127,400,000","2,900,000","1,600,000",,"1,400,000","1,300,000","-14,900,000",,"-4,500,000","-11,300,000","-39,900,000",,"1,800,000","-28,000,000","1,100,000",,"1,600,000","700,000","700,000","-48,900,000","800,000","800,000","800,000","-2,700,000","900,000","1,400,000","1,200,000","1,700,000","1,700,000","1,300,000","900,000",,,,,,,,,,,,,,,,,,,,,,
NormalizedEBITDA,"1,054,200,000","247,400,000","253,100,000","265,700,000","288,000,000","272,600,000","260,500,000","237,200,000","166,500,000","240,700,000","225,800,000","249,200,000","227,200,000","246,200,000","217,200,000","228,100,000","229,700,000","217,200,000","218,400,000","211,600,000","204,400,000","210,900,000","206,900,000","208,900,000","212,400,000","205,900,000","196,500,000","172,700,000","176,400,000","162,500,000","139,600,000","143,000,000","184,000,000","148,700,000","148,500,000","136,700,000","137,900,000","146,100,000","131,500,000","130,100,000","126,500,000","129,000,000","409,200,000","112,800,000","121,800,000","126,500,000","116,800,000","100,300,000","102,400,000","108,200,000","96,400,000","87,400,000","52,200,000","112,900,000","-58,800,000","102,600,000","48,600,000","85,500,000","145,100,000","92,100,000","58,000,000","34,600,000","124,567,000","65,743,000","87,544,000","561,047,000","842,720,000","151,818,000","99,758,000","-66,417,000","-203,279,000","386,343,000","496,078,000","470,956,000","478,649,000","456,914,000","469,507,000","445,636,000","458,710,000","437,745,000","426,146,000","416,997,000","1,484,706,000","154,100,000","345,100,000","338,300,000","1,380,051,000","477,700,000","312,700,000","296,400,000","1,040,244,000","244,300,000","233,400,000","235,600,000","715,893,000","192,900,000","201,200,000","218,800,000","460,514,000","100,100,000","107,200,000","70,000,000","277,502,000","51,500,000","50,000,000","42,100,000","78,700,000","25,600,000","25,100,000","23,700,000","29,200,000","19,300,000","19,000,000","13,800,000","14,300,000","11,500,000","12,100,000","11,100,000","8,600,000","11,100,000","10,600,000","9,200,000","-87,700,000","37,000,000","36,700,000","31,100,000","-51,300,000","23,900,000","21,300,000","17,800,000","-30,000,000","13,600,000","11,700,000","11,300,000","-10,200,000","5,700,000","3,000,000","3,000,000","-5,000,000","1,100,000"
TaxRateForCalcs,"0.216","0.221","0.214","0.212","0.217","0.206","0.254","0.212","0.197","0.199","0.232","0.223","0.175","0.197","0.389","0.216","0.206","0.221","0.362","0.336","0.265","0.319","0.327","0.35","0.343","0.341","0.4","0.347","0.343","0.338","0.26","0.252","0.279","0.347","0.322","0.325","0.35","0.336","0.299","0.318","0.323","0.337","0.184","0.35","0.267","0.35","0.35","0.35","0.35","0.045","0.35","0.35","0.35","0.021","0.35","0.35","0.015","0.025","0.35","0.35","0.35","0.35","0.4","0.4","0.4","0.4","0.4","0.4","0.4","0.4","0.291","0.289","0.343","0.334","0.344","0.338","0.4","0.329","0.333","0.333","0.314","0.319","0.4","0.394","0.395","0.395","0.379","0.4","0.391","0.391","0.271","0.381","0.381","0.396","0.277","0.381","0.381","0.381","0.293","0.38","0.4","0.382","0.4","0.367","0.39","0.389","0.351","0.364","0.342","0.367","0.353","0.311","0.35","0.347","0.33","0.318","0.358","0.364","0.349","0.34","0.383","0.366","0.4","0.4","0.4","0.4","0.4","0.4","0.4","0.4","0.4","0.4","0.4","0.4","0.4","0.4","0.4",,"0.4","0.4"
TaxEffectOfUnusualItems,"-280,719.265","-66,242.038","0","0","-217,271.727","0","-583,834.335","0","0","-558,351.729","-1,254,638.298","0","-401,858.736","0","-20,222,222.222","0","0","0","0","-100,779.423","-2,759,183.673","0","0","-909,891.937","-822,635.408","-817,854.077","-760,000","0","-6,440,000","-3,111,160.714","-3,203,643.725","0","223,583.461","0","-709,302.326","6,916,605.166","700,000","0","-1,076,923.077","1,016,045.198","-64,585.834","33,719.583","-52,051,269.649","-5,356,479.691","-6,789,498.807","140,000","-4,270,000","-2,940,000","560,000","-147,058.824","-4,375,000","-3,955,000","-525,000","-70,956.522","41,125,000","-9,450,000","486,638.831","15,000","-22,225,000","-6,685,000","3,045,000","4,445,000","-11,617,200","29,200","3,309,600","-163,081,600","-154,228,000","-1,808,400","-500,000","-4,378,000","0","0","0","0","0","0","0","0","0","0","0","0","0","0","987,261.146","1,027,407.815","0","-50,960,000","1,134,389.61","625,389.755","0","533,573.487","495,662.1","-5,904,299.065","0","-1,716,024.341","-4,306,438.214","-15,190,686.275","0","683,752.86","-11,200,000","420,064.725","0","586,899.563","272,935.78","272,222.222","-17,144,817.073","291,390.728","273,972.603","293,525.18","-951,798.561","279,831.933","490,000","416,666.667","561,165.049","540,909.091","465,432.099","327,272.727","0","0","0","0","0","0","0","0","0","0","0","0","0","0","0","0","0","0","0",,"0","0"