name,ttm,03/31/2022,12/31/2021,09/30/2021,06/30/2021,03/31/2021,12/31/2020,09/30/2020,06/30/2020,03/31/2020,12/31/2019,09/30/2019,06/30/2019,03/31/2019,12/31/2018,09/30/2018,06/30/2018,03/31/2018,12/31/2017,09/30/2017,06/30/2017,03/31/2017,12/31/2016,09/30/2016,06/30/2016,03/31/2016,12/31/2015,09/30/2015,06/30/2015,03/31/2015,12/31/2014,09/30/2014,06/30/2014,03/31/2014,12/31/2013,09/30/2013,06/30/2013,03/31/2013,12/31/2012,09/30/2012,06/30/2012,03/31/2012,12/31/2011,09/30/2011,06/30/2011,03/31/2011,12/31/2010,09/30/2010,06/30/2010,03/31/2010,12/31/2009,09/30/2009,06/30/2009,03/31/2009,12/31/2008,09/30/2008,06/30/2008,03/31/2008,12/31/2007,09/30/2007,06/30/2007,03/31/2007,12/31/2006,09/30/2006,06/30/2006,03/31/2006,12/31/2005,09/30/2005,06/30/2005,03/31/2005,12/31/2004,09/30/2004,06/30/2004,03/31/2004,12/31/2003,09/30/2003,06/30/2003,03/31/2003,12/31/2002,09/30/2002,06/30/2002,03/31/2002,12/31/2001,09/30/2001,06/30/2001,03/31/2001,12/31/2000,09/30/2000,06/30/2000,03/31/2000,12/31/1999,09/30/1999,06/30/1999,03/31/1999,12/31/1998,09/30/1998,06/30/1998,03/31/1998,12/31/1997,09/30/1997,06/30/1997,03/31/1997,12/31/1996,09/30/1996,06/30/1996,03/31/1996,12/31/1995,09/30/1995,06/30/1995,03/31/1995,12/31/1994,09/30/1994,06/30/1994,03/31/1994,12/31/1993,09/30/1993,06/30/1993,03/31/1993
TotalRevenue,"1,315,705,000","356,526,000","322,469,000","329,854,000","314,459,000","293,341,000","269,208,000","281,757,000","251,277,000","278,026,000","256,184,000","262,300,000","245,684,000","256,353,000","240,516,000","249,408,000","235,227,000","243,135,000","226,071,000","237,599,000","218,405,000","229,862,000","211,513,000","221,817,000","206,186,000","216,764,000","197,660,000","206,564,000","197,566,000","205,475,000","187,992,000","196,783,000","184,345,000","192,289,000","176,269,000","183,881,000","173,053,000","185,831,000","155,129,000","181,828,000","174,827,000","181,291,000","159,313,000","161,391,000","125,914,000","133,455,000","121,173,000","134,195,000","123,845,000","132,148,000","130,405,000","127,469,000","118,439,000","126,908,000","322,182,000","114,382,000","101,422,000","112,984,000","98,136,000","103,783,000","99,772,000","111,760,000","104,347,000","103,879,000","103,062,000","102,315,000","101,086,000","94,192,000","93,450,000","97,760,000","96,333,000","86,565,000","83,029,000","78,716,000","69,694,000","68,016,000","65,966,000","64,555,000","67,290,000","66,035,000","62,251,000","63,836,000","56,570,000","55,536,000","56,218,000","57,532,000","55,386,000","53,875,000","54,271,000","57,148,000","54,728,000","53,500,000","52,500,000","54,300,000","51,230,000","50,800,000","47,900,000","44,900,000","34,410,000","31,100,000","29,300,000","28,400,000","27,203,000","26,400,000","26,100,000","25,500,000","24,000,000","25,400,000","24,600,000","24,100,000","22,100,000","18,600,000","14,600,000","13,500,000","12,100,000","10,500,000","10,000,000","9,400,000"
	OperatingRevenue,"1,284,122,000","347,068,000","312,875,000","325,054,000","306,728,000","290,247,000","258,890,000","273,660,000","244,263,000","269,509,000","255,470,000","251,037,000","235,419,000","245,983,000","215,712,000","223,491,000","210,907,000","217,614,000","201,890,000","211,304,000","197,755,000","207,736,000","191,576,000","200,643,000","186,663,000","195,971,000","179,517,000","186,537,000","178,665,000","186,393,000","170,853,000","178,202,000","167,426,000","174,718,000","161,163,000","167,657,000","157,266,000","168,666,000","90,697,000","181,828,000","174,827,000","181,291,000","159,313,000","161,391,000","125,914,000","133,455,000","165,379,000","119,371,000","122,848,000","132,148,000","130,405,000","127,469,000","2,354,000","126,908,000","113,576,000","114,382,000","101,121,000","112,984,000","98,136,000","103,783,000","99,772,000","111,760,000","109,602,000","103,879,000","103,062,000","102,315,000","101,086,000","94,192,000","93,450,000","97,760,000","95,148,000","89,425,000","86,844,000","81,065,000","67,305,000","68,760,000","66,871,000","65,405,000","64,419,000","67,819,000","62,251,000","64,475,000","56,645,000","55,536,000","56,218,000","57,532,000","55,386,000","53,875,000","54,271,000","57,148,000","54,800,000","53,500,000","52,500,000","54,300,000","51,200,000","50,800,000","47,900,000","44,900,000","34,400,000","31,100,000","29,300,000","28,400,000","27,200,000","26,400,000","26,100,000","25,500,000","24,000,000","25,400,000","24,600,000","24,100,000","22,100,000","18,600,000","14,600,000","13,500,000","12,100,000","10,500,000","10,000,000","9,400,000"
CostOfRevenue,"663,012,000","172,004,000","163,567,000","170,434,000","160,975,000","136,971,000","128,730,000","142,940,000","125,596,000","127,390,000","123,274,000","128,657,000","122,135,000","113,397,000","112,967,000","122,462,000","118,002,000","112,698,000","111,371,000","119,235,000","109,307,000","103,237,000","101,100,000","111,053,000","102,506,000","97,825,000","94,161,000","102,789,000","97,947,000","93,151,000","86,690,000","99,439,000","91,619,000","89,089,000","84,559,000","90,530,000","85,809,000","84,987,000","79,747,000","85,737,000","83,849,000","80,536,000","74,185,000","77,508,000","65,058,000","62,250,000","60,182,000","69,237,000","64,845,000","63,518,000","95,358,000","60,206,000","65,857,000","57,554,000","5,095,000","5,365,000","6,859,000","6,750,000","6,349,000","8,117,000","8,130,000","8,117,000","13,269,000","15,125,000","15,793,000","10,311,000","19,367,000","13,534,000","15,623,000","8,947,000","14,638,000","10,833,000","9,346,000","7,016,000","10,026,000","10,115,000","8,166,000","3,470,000","10,133,000","7,404,000","5,920,000","3,735,000",,,,,,,,,,,,,,,,,,,,,,,,,,,,,,,,,,,,
GrossProfit,"652,693,000","184,522,000","158,902,000","159,420,000","153,484,000","156,370,000","140,478,000","138,817,000","125,681,000","150,636,000","132,910,000","133,643,000","123,549,000","142,956,000","127,549,000","126,946,000","117,225,000","130,437,000","114,700,000","118,364,000","109,098,000","126,625,000","110,413,000","110,764,000","103,680,000","118,939,000","103,499,000","103,775,000","99,619,000","112,324,000","101,302,000","97,344,000","92,726,000","103,200,000","91,710,000","93,351,000","87,244,000","100,844,000","75,382,000","96,091,000","90,978,000","100,755,000","85,128,000","83,883,000","60,856,000","71,205,000","60,991,000","64,958,000","59,000,000","68,630,000","35,047,000","67,263,000","52,582,000","69,354,000","317,087,000","109,017,000","94,563,000","106,234,000","91,787,000","95,666,000","91,642,000","103,643,000","91,078,000","88,754,000","87,269,000","92,004,000","81,719,000","80,658,000","77,827,000","88,813,000","81,695,000","75,732,000","73,683,000","71,700,000","59,668,000","57,901,000","57,800,000","61,085,000","57,157,000","58,631,000","56,331,000","60,101,000",,,,,,,,,,,,,,,,,,,,,,,,,,,,,,,,,,,,
OperatingExpense,"259,942,000","72,503,000","65,262,000","61,063,000","64,750,000","61,893,000","52,042,000","53,938,000","53,817,000","54,854,000","51,021,000","50,838,000","52,317,000","52,378,000","50,474,000","48,465,000","48,292,000","44,299,000","42,903,000","43,184,000","43,760,000","42,348,000","45,629,000","43,411,000","41,975,000","40,379,000","42,097,000","40,904,000","41,471,000","40,067,000","43,085,000","40,054,000","39,571,000","37,447,000","38,172,000","38,771,000","41,174,000","36,415,000","36,871,000","43,228,000","54,333,000","52,909,000","50,894,000","56,701,000","26,168,000","24,968,000","25,143,000","25,500,000","25,549,000","24,000,000","-10,821,000","34,247,000","48,788,000","19,964,000","470,147,000","-6,856,000","48,286,000","46,438,000","43,599,000","46,710,000","43,197,000","45,456,000","102,849,000","47,641,000","61,901,000","39,181,000","83,150,000","81,882,000","79,808,000","79,751,000","76,514,000","76,535,000","73,818,000","65,104,000","-54,542,000","49,386,000","49,167,000","49,603,000","47,711,000","49,183,000","46,062,000","49,045,000","44,820,000","45,068,000","45,706,000","46,886,000","44,688,000","44,160,000","44,777,000","46,405,000","266,293,000","-29,800,000","-29,000,000","-29,200,000","235,267,000","-27,400,000","-25,100,000","-23,600,000","135,741,000","-15,800,000","-15,000,000","-14,800,000","120,660,000","-14,100,000","-14,300,000","-13,700,000","-11,000,000","-13,000,000","-12,900,000","-13,600,000","-12,000,000","-10,200,000","-7,000,000","-6,300,000","-5,200,000","-5,400,000","-4,800,000","-6,500,000"
	SellingGeneralAndAdministration,"71,661,000","23,692,000","15,615,000","18,117,000","17,872,000","17,994,000","13,181,000","15,987,000","15,966,000","16,046,000","12,915,000","13,806,000","14,541,000","14,401,000","14,964,000","13,485,000","13,947,000","11,925,000","11,860,000","12,229,000","12,284,000","10,988,000","11,248,000","11,662,000","11,991,000","10,734,000","11,889,000","11,191,000","11,773,000","10,733,000","14,186,000","10,397,000","9,408,000","8,179,000","10,205,000","11,305,000","10,078,000","9,241,000","8,310,000","9,386,000","9,705,000","8,258,000","9,119,000","23,997,000","8,629,000","7,492,000","7,732,000","8,158,000","8,230,000","6,867,000","-2,948,000","7,664,000","6,385,000","6,303,000","9,209,000","10,113,000","1,635,000","42,949,000","17,301,000","1,845,000","1,749,000","5,922,000","4,859,000","6,013,000","6,027,000","5,697,000","5,738,000","5,802,000","6,054,000","4,935,000","4,816,000","4,279,000","4,571,000","4,285,000","3,792,000","3,998,000","3,808,000","3,826,000","9,948,000","3,906,000","4,070,000","1,880,000","1,617,000","1,557,000","1,857,000","1,655,000","1,417,000","1,346,000","1,834,000","1,826,000","1,492,000","1,400,000","1,500,000","1,700,000","1,211,000","1,300,000","1,300,000","1,600,000","1,359,000","1,000,000","1,100,000","1,200,000","1,062,000","1,000,000","1,000,000","1,000,000","1,900,000","1,900,000","1,900,000","2,200,000","3,100,000","1,800,000","900,000","1,000,000","900,000","800,000","800,000","700,000"
		GeneralAndAdministrativeExpense,"42,502,000","12,297,000","9,576,000","10,401,000","10,228,000","10,512,000","8,120,000","9,692,000","10,609,000","10,855,000","7,835,000","8,710,000","9,225,000","9,909,000","11,161,000","8,816,000","9,669,000","8,038,000","8,398,000","7,505,000","8,461,000","7,373,000","7,689,000","7,653,000","8,255,000","7,407,000","8,472,000","7,225,000","7,541,000","7,406,000","7,232,000","7,623,000","6,795,000","5,760,000","6,950,000","7,606,000","6,946,000","6,816,000","5,953,000","6,756,000","7,324,000","6,524,000","7,133,000","21,839,000","6,487,000","5,759,000","5,518,000","5,924,000","5,847,000","6,390,000","4,673,000","5,374,000","6,385,000","6,303,000","4,657,000","5,417,000",,"41,436,000",,,,"3,671,000","2,418,000","3,541,000","3,578,000","3,223,000","3,427,000","3,512,000","3,835,000","2,882,000","2,554,000","2,110,000","2,367,000","2,212,000","2,101,000","2,027,000","2,000,000","1,932,000","8,338,000","1,972,000","2,063,000","-238,000","1,617,000","1,557,000","1,857,000","1,655,000","1,417,000","1,346,000","1,834,000","1,826,000","1,492,000","1,400,000","1,500,000","1,700,000","1,211,000","1,300,000","1,300,000","1,600,000","1,359,000","1,000,000","1,100,000","1,200,000","1,062,000","1,000,000","1,000,000","1,000,000","1,900,000","1,900,000","1,900,000","2,200,000","3,100,000","1,800,000","900,000","1,000,000","900,000","800,000","800,000","700,000"
			SalariesAndWages,,,,,,,,,,,,,,,,,,,,,,,,,,,,,,,,,,,,,,,,,,,,,,,,,,,,,,,,,"4,834,000","5,399,000","4,445,000","3,795,000","3,680,000","3,671,000","2,418,000","3,541,000","3,578,000","3,223,000","3,427,000","3,512,000","3,835,000","2,882,000","2,554,000","2,110,000","2,367,000","2,212,000","2,101,000","2,027,000","2,000,000","1,932,000","2,277,000","1,972,000","2,063,000","1,880,000","1,617,000","1,557,000","1,857,000","1,655,000","1,417,000","1,346,000","1,834,000","1,826,000","1,500,000","1,400,000","1,500,000","1,700,000","1,200,000","1,300,000","1,300,000","1,600,000","1,400,000","1,000,000","1,100,000","1,200,000","1,100,000","1,000,000","1,000,000","1,000,000","1,900,000","1,900,000","1,900,000","2,200,000","3,100,000","1,800,000","900,000","1,000,000","900,000","800,000","800,000","700,000"
			RentAndLandingFees,,,,,,,,,,,,,,,,,,,,,,,,,,,,,,,,,,,,,,,,"221,000","367,000","292,000","210,000","211,000","476,000","112,000","1,000","106,000","299,000","714,000","48,000","93,000","169,000","146,000","-412,000","102,000",,,,,,,,,,,,,,,,,,,,,,,,,,,,,,,,,,,,,,,,,,,,,,,,,,,,,,,,,,,,,,
			OtherGandA,"42,502,000","12,297,000","9,576,000","10,401,000","10,228,000","10,512,000","8,120,000","9,692,000","10,609,000","10,855,000","7,835,000","8,710,000","9,225,000","9,909,000","11,161,000","8,816,000","9,669,000","8,038,000","8,398,000","7,505,000","8,461,000","7,373,000","7,689,000","7,653,000","8,255,000","7,407,000","8,472,000","7,225,000","7,541,000","7,406,000","7,232,000","7,623,000","6,795,000","5,760,000","6,950,000","7,606,000","6,946,000","6,816,000","7,020,000","6,535,000","6,957,000","6,232,000","6,923,000","21,628,000","6,011,000","5,647,000","5,517,000","5,818,000","5,548,000","5,676,000","4,625,000","5,281,000","6,216,000","6,157,000","5,069,000","5,315,000","-4,834,000","36,037,000",,"-3,795,000","-3,680,000",,,,,,,,,,,,,,,,,,,,,"-2,118,000",,,,,,,,,,,,,,,,,,,,,,,,,,,,,,,,,,,,
		SellingAndMarketingExpense,"29,159,000","11,395,000","6,039,000","7,716,000","7,644,000","7,482,000","5,061,000","6,295,000","5,357,000","5,191,000","5,080,000","5,096,000","5,316,000","4,492,000","3,803,000","4,669,000","4,278,000","3,887,000","3,462,000","4,724,000","3,823,000","3,615,000","3,559,000","4,009,000","3,736,000","3,327,000","3,417,000","3,966,000","4,232,000","3,327,000","6,954,000","2,774,000","2,613,000","2,419,000","3,255,000","3,699,000","3,132,000","2,425,000","2,357,000","2,630,000","2,381,000","1,734,000","1,986,000","2,158,000","2,142,000","1,733,000","2,214,000","2,234,000","2,383,000","477,000",,"2,290,000","-1,400,000",,"4,552,000","4,696,000","1,635,000","1,513,000","1,710,000","1,845,000","1,749,000","2,251,000","2,441,000","2,472,000","2,449,000","2,474,000","2,311,000","2,290,000","2,219,000","2,053,000","2,262,000","2,169,000","2,204,000","2,073,000","1,691,000","1,971,000","1,808,000","1,894,000","1,610,000","1,934,000","2,007,000","2,118,000",,,,,,,,,,,,,,,,,,,,,,,,,,,,,,,,,,,,
	DepreciationAmortizationDepletionIncomeStatement,"192,440,000","49,394,000","50,317,000","44,414,000","48,316,000","45,398,000","39,194,000","38,581,000","38,332,000","39,024,000","39,325,000","37,032,000","37,776,000","37,977,000","35,510,000","34,980,000","34,345,000","32,374,000","30,709,000","30,631,000","31,205,000","31,141,000","31,431,000","30,894,000","29,457,000","28,991,000","29,156,000","29,026,000","29,004,000","28,781,000","28,039,000","28,906,000","29,162,000","28,957,000","27,573,000","26,945,000","29,472,000","26,942,000","71,419,000","26,294,000","26,227,000","26,286,000","24,055,000","21,945,000","17,539,000","17,476,000","17,411,000","17,342,000","17,319,000","17,133,000","17,286,000","17,858,000","42,403,000","17,567,000","16,653,000","17,216,000",,"41,356,000","42,072,000","41,959,000","41,503,000","41,527,000","41,647,000","41,628,000","41,464,000","39,108,000","40,096,000","39,529,000","38,987,000","38,713,000","37,500,000","37,520,000","36,000,000","31,452,000","31,256,000","22,164,000","22,520,000","21,736,000","21,574,000","22,376,000","20,549,000","21,847,000","21,520,000","21,671,000","21,802,000","22,389,000","22,403,000","21,970,000","21,998,000","22,459,000",,,,,,,,,,,,,,,,,,,,,,,,,,,,
		DepreciationAndAmortizationInIncomeStatement,"192,440,000","49,394,000","50,317,000","44,414,000","48,316,000","45,398,000","39,194,000","38,581,000","38,332,000","39,024,000","39,325,000","37,032,000","37,776,000","37,977,000","35,510,000","34,980,000","34,345,000","32,374,000","30,709,000","30,631,000","31,205,000","31,141,000","31,431,000","30,894,000","29,457,000","28,991,000","29,156,000","29,026,000","29,004,000","28,781,000","28,039,000","28,906,000","29,162,000","28,957,000","27,573,000","26,945,000","29,472,000","26,942,000","71,419,000","26,294,000","26,227,000","26,286,000","24,055,000","21,945,000","17,539,000","17,476,000","17,411,000","17,342,000","17,319,000","17,133,000","17,286,000","17,858,000","42,403,000","17,567,000","16,653,000","17,216,000",,"41,356,000","42,072,000","41,959,000","41,503,000","41,527,000","41,647,000","41,628,000","41,464,000","39,108,000","40,096,000","39,529,000","38,987,000","38,713,000","37,500,000","37,520,000","36,000,000","31,452,000","31,256,000","22,164,000","22,520,000","21,736,000","21,574,000","22,376,000","20,549,000","21,847,000","21,520,000","21,671,000","21,802,000","22,389,000","22,403,000","21,970,000","21,998,000","22,459,000",,,,,,,,,,,,,,,,,,,,,,,,,,,,
			DepreciationIncomeStatement,,,,,,,,,,,,,,,"35,510,000","34,980,000","34,345,000","32,374,000","30,709,000","30,631,000","31,205,000","31,141,000","31,431,000","30,894,000","29,457,000","28,991,000","29,156,000","29,026,000","29,004,000","28,781,000","28,039,000","28,906,000","29,162,000","28,957,000","27,573,000","26,945,000","29,472,000","26,942,000","71,419,000","26,294,000","26,227,000","26,286,000","24,055,000","21,945,000","17,539,000","17,476,000","17,411,000","17,342,000","17,319,000","17,133,000","17,286,000","17,858,000","17,377,000","17,567,000","16,653,000","17,216,000",,"16,372,000","16,422,000","16,017,000","15,818,000","15,734,000","15,740,000","15,260,000","15,203,000","14,483,000","14,568,000","14,227,000","13,984,000","13,714,000","13,262,000","13,479,000","12,732,000","11,059,000","10,307,000","9,756,000","9,868,000","9,343,000","9,238,000","9,257,000","8,844,000","9,297,000","9,135,000","9,061,000","8,897,000","8,983,000","8,777,000","8,801,000","8,844,000","9,127,000",,,,,,,,,,,,,,,,,,,,,,,,,,,,
			Amortization,,,,,,,,,,,,,,,,,,,,,,,,,,,,,,,,,,,,,,,,,,,,,,,,,,,,"24,492,000","25,026,000",,,,,"24,984,000","25,650,000","25,942,000","25,685,000","25,793,000","25,907,000","26,368,000","26,261,000","24,625,000","25,528,000","25,302,000","25,003,000","24,999,000","24,238,000","24,041,000","23,268,000","20,393,000","20,949,000","12,408,000","12,652,000","12,393,000","12,336,000","13,119,000","11,705,000","12,550,000","12,385,000","12,610,000","12,905,000","13,406,000","13,626,000","13,169,000","13,154,000","13,332,000",,,,,,,,,,,,,,,,,,,,,,,,,,,,
				AmortizationOfIntangiblesIncomeStatement,,,,,,,,,,,,,,,,,,,,,,,,,,,,,,,,,,,,,,,,,,,,,,,,,,,,"24,492,000","25,026,000",,,,,"24,984,000","25,650,000","25,942,000","25,685,000","25,793,000","25,907,000","26,368,000","26,261,000","24,625,000","25,528,000","25,302,000","25,003,000","24,999,000","24,238,000","24,041,000","23,268,000","20,393,000","20,949,000","12,408,000","12,652,000","12,393,000","12,336,000","13,119,000","11,705,000","12,550,000","12,385,000","12,610,000","12,905,000","13,406,000","13,626,000","13,169,000","13,154,000","13,332,000",,,,,,,,,,,,,,,,,,,,,,,,,,,,
	OtherTaxes,,,,,,,,,,,,,,,,,,,,,,,,,,,,,,,,,,,,,,,,,,,,,,,,,,,,,,,,,,,,,,,,,,,,,,,"-81,546,000","-63,327,000","-59,896,000","-51,727,000",,"-47,093,000","-44,792,000","-40,680,000",,"-43,530,000",,"-40,230,000","-32,435,000","-32,458,000","-32,801,000",,,"-30,991,000",,"-33,073,000","-31,700,000","-31,200,000","-30,500,000","-30,900,000","-29,200,000","-28,700,000","-26,400,000","-25,200,000","-19,400,000","-16,800,000","-16,100,000","-16,000,000","-14,900,000","-15,100,000","-15,300,000","-14,700,000","-12,900,000","-14,900,000","-14,800,000","-15,800,000","-15,100,000","-12,000,000","-7,900,000","-7,300,000","-6,100,000","-6,200,000","-5,600,000","-7,200,000"
	OtherOperatingExpenses,"-4,159,000","-583,000","-670,000","-1,468,000","-1,438,000","-1,499,000","-333,000","-630,000","-481,000","-216,000","13,834,000","14,605,000","14,385,000","13,685,000","12,994,000","13,589,000","13,472,000","13,681,000","334,000","324,000","271,000","219,000","2,950,000","855,000","527,000","654,000","1,052,000","687,000","694,000","553,000","860,000","751,000","1,001,000","311,000","394,000","521,000","1,624,000","232,000","-42,858,000","7,548,000","18,401,000","18,365,000","17,720,000","10,759,000",,,,,"5,077,000",,,"8,725,000","-55,314,000","-3,906,000","444,285,000","-34,185,000","46,651,000","-37,867,000","-15,774,000","2,906,000","-55,000","-1,993,000",,,"14,410,000","-5,624,000","37,316,000","36,551,000","34,767,000","36,103,000","115,744,000","98,063,000","93,143,000","81,094,000","-221,706,000","70,317,000","67,631,000","64,721,000","-109,604,000","66,431,000","21,443,000","65,548,000","54,118,000","54,298,000","54,848,000","22,842,000","20,868,000","51,835,000","20,945,000","55,193,000",,,,,,,,,,,,,,,,,,,,,,,,,,,,
OperatingIncome,"392,751,000","112,019,000","93,640,000","98,357,000","88,734,000","94,477,000","88,436,000","84,879,000","71,864,000","95,782,000","81,889,000","82,805,000","71,232,000","90,578,000","77,075,000","78,481,000","68,933,000","86,138,000","71,797,000","75,180,000","65,338,000","84,277,000","64,784,000","67,353,000","61,705,000","78,560,000","61,402,000","62,871,000","58,148,000","72,257,000","58,217,000","57,290,000","53,155,000","65,753,000","53,538,000","54,580,000","46,070,000","64,429,000","38,511,000","52,863,000","36,645,000","47,846,000","34,234,000","27,182,000","34,688,000","46,237,000","35,848,000","39,458,000","33,451,000","44,630,000","45,868,000","33,016,000","3,794,000","49,390,000","-153,060,000","115,873,000","46,277,000","59,796,000","48,188,000","48,956,000","48,445,000","58,187,000","-11,771,000","41,113,000","25,368,000","52,823,000","-1,431,000","-1,224,000","-1,981,000","9,062,000","5,181,000","-803,000","-135,000","6,596,000","114,210,000","8,515,000","8,633,000","11,482,000","9,446,000","9,448,000","10,269,000","11,056,000","11,750,000","10,468,000","10,512,000","10,646,000","10,698,000","9,715,000","9,494,000","10,743,000","-211,565,000","83,300,000","81,500,000","83,500,000","-184,037,000","78,200,000","73,000,000","68,500,000","-101,331,000","46,900,000","44,300,000","43,200,000","-93,457,000","40,500,000","40,400,000","39,200,000","35,000,000","38,400,000","37,500,000","37,700,000","34,100,000","28,800,000","21,600,000","19,800,000","17,300,000","15,900,000","14,800,000","15,900,000"
NetNonOperatingInterestIncomeExpense,"-102,899,000","-25,705,000","-26,249,000","-25,556,000","-25,389,000","-24,508,000","-23,476,000","-23,417,000","-24,458,000","-24,266,000","-24,437,000","-23,716,000","-24,221,000","-24,642,000","-24,648,000","-24,644,000","-24,423,000","-23,753,000","-23,804,000","-23,053,000","-23,024,000","-23,109,000","-23,602,000","-23,673,000","-23,936,000","-23,974,000","-24,367,000","-24,469,000","-24,409,000","-25,456,000","-26,248,000","-25,962,000","-26,387,000","-25,351,000","-26,729,000","-27,006,000","-28,301,000","-27,975,000","-21,081,000","-31,640,000","-30,838,000","-30,956,000","-30,737,000","-26,084,000","-21,458,000","-21,389,000","-25,167,000","-21,417,000","-21,992,000","-23,767,000","-28,026,000","-23,315,000","1,223,000","-24,550,000","-23,297,000","-24,045,000","-24,396,000",,,,,,,,,,,,,,,,,,,,,,,,,,,,,,,,,,,,,,,,,,,,,,,,,,,,,,,,,,,,,
	InterestIncomeNonOperating,"7,008,000","1,759,000","1,702,000","1,805,000","1,742,000","1,767,000","1,755,000","1,801,000","1,791,000","1,807,000","1,822,000","1,831,000","1,803,000","1,751,000","1,867,000","1,846,000","1,862,000","1,950,000","2,038,000","1,974,000","1,798,000","1,770,000","1,793,000","1,767,000","1,625,000","1,660,000","1,716,000","1,758,000","1,736,000","1,820,000","1,870,000","1,902,000","1,878,000","2,697,000","2,087,000","2,200,000","2,076,000","2,277,000","2,423,000",,,,,,,"1,039,000",,"1,048,000","997,000","1,192,000",,"1,177,000","1,223,000",,"1,529,000","885,000","294,000",,,,,,,,,,,,,,,,,,,,,,,,,,,,,,,,,,,,,,,,,,,,,,,,,,,,,,,,,,,,,
	InterestExpenseNonOperating,"109,907,000","27,464,000","27,951,000","27,361,000","27,131,000","26,275,000","25,231,000","25,218,000","26,249,000","26,073,000","26,259,000","25,547,000","26,024,000","26,393,000","26,515,000","26,490,000","26,285,000","25,703,000","25,842,000","25,027,000","24,822,000","24,879,000","25,395,000","25,440,000","25,561,000","25,634,000","26,083,000","26,227,000","26,145,000","27,276,000","28,118,000","27,864,000","28,265,000","28,048,000","28,816,000","29,206,000","30,377,000","30,252,000","31,090,000","31,640,000","30,838,000","30,956,000","30,737,000","26,084,000","21,458,000","21,389,000","21,930,000","22,465,000","22,989,000","23,767,000","24,243,000","24,492,000","25,026,000","24,550,000","24,826,000","24,930,000","24,690,000",,,,,,,,,,,,,,,,,,,,,,,,,,,,,,,,,,,,,,,,,,,,,,,,,,,,,,,,,,,,,
OtherIncomeExpense,"4,211,000","736,000","1,449,000","1,292,000","735,000","-982,000","3,411,000","-7,994,000","1,447,000","-792,000","674,000","9,087,000","2,074,000","54,599,000","953,000","5,823,000","4,659,000","1,792,000","-19,000","2,738,000","2,149,000","1,907,000","1,199,000","3,077,000","3,035,000","2,604,000","2,732,000","3,704,000","3,087,000","-14,988,000","2,293,000","-1,052,000","3,272,000","3,488,000","1,989,000","6,380,000","852,000","4,014,000","11,584,000","269,000","492,000","763,000","366,000","257,000","-1,576,000","784,000","-3,322,000","314,000","559,000","841,000","-6,439,000","2,568,000","2,341,000","1,903,000",,"62,000",,"-41,192,000","-39,948,000","-41,153,000","-41,064,000","-40,668,000","33,370,000","-39,198,000","-21,686,000","-37,921,000","-16,442,000","3,557,000","4,324,000","3,491,000","-4,244,000","1,241,000","2,170,000","1,896,000","436,000","490,000","550,000","589,000","399,000","213,000","292,000",,"75,000",,,,,,,,,,,,,,,,,,,,,,,,"0","800,000",,,,,,,,,,
	GainOnSaleOfSecurity,"5,523,000","1,904,000","1,159,000","1,238,000","1,222,000","877,000","933,000","1,428,000","1,022,000","643,000","634,000","7,029,000","879,000","53,493,000","1,068,000","5,421,000","3,413,000","940,000","1,877,000","2,052,000","1,109,000","757,000","736,000","2,581,000","2,270,000","1,723,000","2,240,000","1,822,000","2,178,000","1,119,000","1,483,000","2,798,000","2,628,000","1,601,000","1,507,000","42,471,000","1,624,000","3,438,000","5,683,000",,,,,,,,,,,,,,,,,,,,,,,,,,,,,,,,,,,"638,000",,,,,,"1,270,000",,,"75,000",,,,,,,,,,,,,,,,,,,,,,,,"0","800,000",,,,,,,,,,
	EarningsFromEquityInterest,"3,184,000","171,000","1,095,000","851,000","1,068,000","868,000","3,160,000","968,000","1,064,000","207,000","478,000","3,518,000","3,226,000","1,533,000","1,343,000","788,000","1,613,000","1,195,000","889,000","686,000","1,040,000","1,150,000","463,000","496,000","765,000","881,000","483,000","1,882,000","840,000","884,000","810,000","1,237,000","644,000","1,887,000","415,000","439,000","609,000","576,000","375,000","269,000","492,000","763,000","366,000","257,000","541,000","784,000","313,000","314,000","559,000","841,000","289,000","229,000","475,000","1,903,000",,"62,000",,,,,,,,,,,,,,,,,,,,,,,,,,,,,,,,,,,,,,,,,,,,,,,,,,,,,,,,,,,,,,
	SpecialIncomeCharges,"-1,271,000","-516,000","0","0","-755,000","-2,029,000","0","-9,732,000","0","-1,054,000","0","0","-1,491,000",,"-1,071,000",,,,"-2,785,000",,,,"0","0","0","0","9,000","0","69,000","-16,991,000","0","-5,087,000","0",,"67,000","-36,530,000","-1,381,000",,"-180,000","0","0",,,,"-2,117,000",,,,,,,"2,339,000","1,866,000",,,,,"-41,192,000","-39,948,000","-41,153,000","-41,064,000","-40,668,000","33,370,000","-39,198,000","-21,686,000","-37,921,000","-16,442,000","3,557,000","4,324,000","3,491,000","-3,606,000","1,241,000","2,170,000","1,258,000","436,000","490,000","550,000","589,000","1,669,000","-1,057,000","292,000",,,,,,,,,,,,,,,,,,,,,,,,,,,,,,,,,,,,,
		RestructuringAndMergernAcquisition,,,,,,,,,,,,,,,,,,,,,,,,,,,,,,,,,,,,,,,"180,000","0","0",,,,"2,117,000",,,,,,,,,,,,,,,,,,,,,,,,,,,,,,,,,,,,,,,,,,,,,,,,,,,,,,,,,,,,,,,,,,,,,,,,,
		OtherSpecialCharges,"1,271,000","516,000","0",,"755,000","2,029,000","0","9,732,000",,"1,054,000","0",,"1,491,000",,"1,071,000",,,,"2,785,000",,,,,,,,"-9,000",,"-69,000","16,991,000","0","5,087,000",,,"-67,000","36,530,000","1,381,000",,,,,,,,,,,,,,,,,,,,,,,,,,,,,,,,,,,,,,,,,,,,,,,,,,,,,,,,,,,,,,,,,,,,,,,,,,,,,,,,,
	OtherNonOperatingIncomeExpenses,"-3,225,000","-823,000","-805,000","-797,000","-800,000","-698,000","-682,000","-658,000","-639,000","-588,000","-438,000","-1,460,000","-540,000","-427,000","-387,000","-386,000","-367,000","-343,000",,,,,,,,,,,,,,,,,,,,,,,,,,,,,,,,,,,,,,,,,,,,,,,,,,,,,,,,,,,,,,,,,,,,,,,,,,,,,,,,,,,,,,,,,,,,,,,,,,,,
PretaxIncome,"294,063,000","87,050,000","68,840,000","74,093,000","64,080,000","68,987,000","68,371,000","53,468,000","48,853,000","70,724,000","58,126,000","68,176,000","49,085,000","120,535,000","53,380,000","59,660,000","49,169,000","64,177,000","47,974,000","54,865,000","44,463,000","63,075,000","42,381,000","46,757,000","40,804,000","57,190,000","39,767,000","42,106,000","36,826,000","31,813,000","34,262,000","30,276,000","30,040,000","43,890,000","28,798,000","33,954,000","18,621,000","40,468,000","29,014,000","21,492,000","6,299,000","17,653,000","3,863,000","1,355,000",,"25,632,000",,,,,,,,,,,,,,,,,,,,,,,,,,,,,,,,,,,,,,,,,,,,,,,,,,,,,,,,,,,,,,,,,,,,,,,,
NetIncomeCommonStockholders,"280,128,000","82,906,000","65,546,000","70,625,000","61,051,000","65,240,000","64,646,000","50,560,000","46,187,000","66,875,000","54,952,000","64,461,000","46,401,000","113,309,000","50,167,000","56,070,000","46,137,000","60,222,000","44,993,000","48,525,000","39,498,000","56,888,000","36,966,000","40,998,000","35,490,000","50,583,000","34,501,000","36,673,000","31,786,000","27,185,000","29,403,000","25,746,000","25,483,000","38,099,000","24,164,000","29,872,000","17,860,000","35,024,000","24,274,000","16,009,000","2,064,000","12,431,000","-159,000","-2,853,000","6,827,000","18,960,000","5,737,000","11,554,000","6,000,000","15,064,000","6,326,000","11,131,000","2,904,000","13,644,000","-13,000","1,482,000","4,109,000","12,725,000","4,657,000","9,652,000","1,634,000","16,160,000","1,797,000","3,554,000","1,219,000","10,062,000","-14,620,000","1,091,000","2,487,000","8,709,000","-1,008,000","-600,000","658,000","4,976,000","-268,000","5,208,000","14,400,000","7,672,000","16,184,000","6,712,000","6,438,000","7,115,000","7,207,000","6,097,000","6,135,000","12,644,000","6,244,000","5,451,000","13,921,000","6,331,000","5,672,000","6,900,000","7,000,000","8,200,000","7,030,000","6,800,000","7,300,000","7,800,000","6,745,000","7,600,000","7,300,000","7,000,000","5,972,000","6,400,000","6,000,000","5,900,000","3,900,000","5,700,000","4,800,000","3,600,000","2,600,000","3,400,000","4,600,000","4,400,000","4,300,000","2,700,000","2,800,000","700,000"
	NetIncome,"280,144,000","82,906,000","65,554,000","70,625,000","61,059,000","65,240,000","64,654,000","50,560,000","46,195,000","66,875,000","54,960,000","64,461,000","46,409,000","113,309,000","50,175,000","56,070,000","46,145,000","60,222,000","45,011,000","51,579,000","41,814,000","59,185,000","39,282,000","43,295,000","37,806,000","52,880,000","36,817,000","38,970,000","34,102,000","29,482,000","31,728,000","28,057,000","27,811,000","40,409,000","26,493,000","32,183,000","20,189,000","37,335,000","26,838,000","19,989,000","6,102,000","16,462,000","3,879,000","1,644,000","10,865,000","20,210,000","5,737,000","11,554,000","6,000,000","15,064,000","6,326,000","11,131,000","2,904,000","13,644,000","-13,000","1,482,000","4,109,000","12,725,000","4,657,000","9,652,000","1,634,000","16,160,000","1,797,000","3,554,000","1,219,000","10,062,000","-14,620,000","1,091,000","2,487,000","8,709,000","-1,008,000","-600,000","658,000","4,976,000","-268,000","5,208,000","14,400,000","7,672,000","16,184,000","6,712,000","6,438,000","7,115,000","7,207,000","6,097,000","6,135,000","12,644,000","6,244,000","5,451,000","13,921,000","6,331,000","5,672,000","6,900,000","7,000,000","8,200,000","7,030,000","6,800,000","7,300,000","7,800,000","6,745,000","7,600,000","7,300,000","7,000,000","5,972,000","6,400,000","6,000,000","5,900,000","3,900,000","5,700,000","4,800,000","3,600,000","2,600,000","3,400,000","4,600,000","4,400,000","4,300,000","2,700,000","2,800,000","700,000"
		NetIncomeIncludingNoncontrollingInterests,"294,063,000","87,050,000","68,840,000","74,093,000","64,080,000","68,987,000","68,371,000","53,468,000","48,853,000","70,724,000","58,126,000","68,176,000","49,085,000","120,535,000","53,380,000","59,660,000","49,169,000","64,177,000","47,974,000","54,865,000","44,463,000","63,075,000","42,381,000","46,757,000","40,804,000","57,190,000","39,767,000","42,106,000","36,826,000","31,813,000","34,262,000","30,276,000","30,040,000","43,890,000","28,716,000","34,936,000","21,786,000","40,468,000","29,014,000","21,492,000","6,299,000","17,653,000","3,863,000","1,355,000","11,654,000","25,632,000","10,596,000","17,307,000","10,967,000","21,527,000","11,386,000","16,959,000","7,445,000","20,471,000","-13,000","1,482,000","4,109,000","12,725,000","4,657,000","9,652,000","1,634,000","16,160,000","1,797,000","3,554,000","1,219,000","10,062,000","-14,620,000","1,091,000","2,487,000","8,709,000","-10,636,000","2,057,000","3,660,000","8,945,000","2,506,000","9,267,000","18,490,000","12,332,000","29,630,000","2,254,000","6,438,000","2,535,000","2,589,000","1,726,000","1,758,000","12,644,000","6,244,000","1,187,000","13,921,000","1,919,000","1,572,000","5,400,000","5,500,000","6,400,000","18,863,000","5,200,000","5,600,000","6,000,000","13,818,000","6,500,000","6,500,000","6,200,000","5,272,000","5,700,000","5,300,000","5,200,000","3,500,000","5,100,000","4,300,000","3,200,000","2,300,000","3,100,000","4,100,000","3,900,000","3,800,000","2,200,000","2,300,000","1,600,000"
			NetIncomeContinuousOperations,"294,063,000","87,050,000","68,840,000","74,093,000","64,080,000","68,987,000","68,371,000","53,468,000","48,853,000","70,724,000","58,126,000","68,176,000","49,085,000","120,535,000","53,380,000","59,660,000","49,169,000","64,177,000","47,974,000","54,865,000","44,463,000","63,075,000","42,381,000","46,757,000","40,804,000","57,190,000","39,767,000","42,106,000","36,826,000","31,813,000","34,262,000","30,276,000","30,040,000","43,890,000","28,798,000","33,954,000","18,621,000","40,468,000","29,014,000","21,492,000","6,299,000","17,653,000","3,863,000","1,355,000","11,654,000","25,632,000","10,596,000","17,307,000","11,021,000","21,704,000","11,403,000","12,269,000","7,358,000","20,365,000","-80,000","1,456,000","4,069,000","12,712,000","4,134,000","4,040,000","1,619,000","12,367,000","1,863,000","3,489,000","1,218,000","9,869,000","-17,285,000","789,000","2,049,000","8,477,000","-1,008,000","-600,000","678,000","4,976,000","-289,000","5,200,000","5,337,000","7,672,000","10,089,000","9,900,000","10,781,000","11,695,000","7,207,000","6,097,000","6,135,000","12,644,000","6,244,000","5,451,000","14,962,000","6,331,000","5,672,000","6,900,000","7,000,000","8,200,000","7,030,000","6,800,000","7,300,000","7,800,000","7,196,000","7,600,000","7,300,000","7,000,000","5,972,000","6,400,000","6,000,000","5,900,000","3,900,000","5,700,000","4,800,000","3,600,000","2,600,000","3,400,000","4,600,000","4,400,000","4,300,000","2,700,000","2,800,000","700,000"
			NetIncomeDiscontinuousOperations,,,,,,,,,,,,,,,,,,,,,,,,,,,,,,,"0","0","0","0","-82,000","982,000","3,165,000",,,,,,"0","0","0","0","0","0","-54,000","-177,000","-17,000","4,690,000","87,000","106,000","67,000","26,000","40,000","13,000","523,000","5,612,000","15,000","3,793,000","-66,000","65,000","1,000","193,000","2,665,000","302,000","438,000","232,000","0","0","-20,000","0","21,000","8,000","9,063,000","0",,,"60,000",,,,,,,,,,,,,,,,,,,,,,,,,,,,,,,,,,,,,
			NetIncomeExtraordinary,,,,,,,,,,,,,,,,,,,,,,,,,,,,,,,,,,,,,,,,,,,,,,,,,,,,,,,,,,,,,,,,,,,,,,,,,,,,,,,,,,,"0","0","0",,,,"-1,041,000",,,,,,,,,,,,,,,,,,,,,,,,,,,,,
		MinorityInterests,"-13,919,000","-4,144,000","-3,286,000","-3,468,000","-3,021,000","-3,747,000","-3,717,000","-2,908,000","-2,658,000","-3,849,000","-3,166,000","-3,715,000","-2,676,000","-7,226,000","-3,205,000","-3,590,000","-3,024,000","-3,955,000","-2,963,000","-3,286,000","-2,649,000","-3,890,000","-3,099,000","-3,462,000","-2,998,000","-4,310,000","-2,950,000","-3,136,000","-2,724,000","-2,331,000","-2,534,000","-2,219,000","-2,229,000","-3,481,000","-2,223,000","-2,753,000","-1,597,000","-3,133,000","-2,176,000","-1,503,000","-197,000","-1,191,000","16,000","289,000","-789,000","-5,422,000","-4,859,000","-5,753,000","-4,967,000","-6,463,000","-5,060,000","-5,828,000","-4,541,000","-6,827,000",,,,,,,,,,,,,,,,,,"-2,657,000","-3,002,000","-3,969,000","-2,774,000","-4,059,000","-4,090,000","-4,660,000",,"4,458,000",,"4,580,000","4,618,000","4,371,000","4,377,000",,,"4,264,000",,"4,412,000","4,100,000","1,500,000","1,500,000","1,800,000","-11,833,000","1,600,000","1,700,000","1,800,000","-7,073,000","1,100,000","800,000","800,000","700,000","700,000","700,000","700,000","400,000","600,000","500,000","400,000","300,000","300,000","500,000","500,000",,"500,000","500,000","-900,000"
	PreferredStockDividends,,,"8,000",,"8,000",,"8,000",,"8,000",,"8,000",,"8,000",,"8,000",,"8,000",,"18,000","3,054,000","2,316,000","2,297,000","2,316,000","2,297,000","2,316,000","2,297,000","2,316,000","2,297,000","2,316,000","2,297,000","2,325,000","2,311,000","2,328,000","2,310,000","2,329,000","2,311,000","2,329,000","2,311,000","3,151,000","3,393,000","4,038,000","4,031,000","4,038,000","4,497,000","4,038,000","1,250,000",,,,,,,,,,,,,,,,,,,,,,,,,,,,,,,,,,,,,,,,,,,,,,,,,,,,,,,,,,,,,,,,,,,,,,,,
	OtherunderPreferredStockDividend,,,,,,,,,,,,,,,,,,,,,,,,,,,,,,,,,,,,,,,,"587,000",,,,,,,,,,,,,,,,,,,,,,,,,,,,,,,,,,,,,,,,,,,,,,,,,,,,,,,,,,,,,,,,,,,,,,,,,,,,,,
AverageDilutionEarnings,"13,919,000","4,144,000","3,286,000","3,468,000","3,021,000","3,747,000",,"2,908,000","2,658,000","3,849,000",,"3,715,000","2,676,000",,,"3,590,000","3,024,000","3,955,000",,"3,286,000","2,649,000","3,890,000","3,099,000","3,462,000","2,998,000","4,310,000","2,950,000","3,136,000","2,724,000","2,331,000","2,534,000","2,219,000","2,229,000","3,481,000",,"2,753,000","1,597,000","3,133,000",,,,,,,,,,,,,,,,,,,,,,,,,,,,,,,,,,,,,,,,,,,,,,,,,,,,,,,,,,,,,,,,,,,,,,,,,,,,,,,,
DilutedNIAvailtoComStockholders,"294,047,000","87,050,000","68,832,000","74,093,000","64,072,000","68,987,000","55,231,000","53,468,000","48,845,000","70,724,000","41,335,000","68,176,000","49,077,000","113,309,000","39,598,000","59,660,000","49,161,000","64,177,000","35,168,000","51,811,000","42,147,000","60,778,000","40,065,000","44,460,000","38,488,000","54,893,000","37,451,000","39,809,000","34,510,000","29,516,000","31,937,000","27,965,000","27,712,000","41,580,000","16,681,000","32,625,000","19,457,000","38,157,000","29,341,000","16,009,000","2,064,000","12,431,000","-159,000","-2,853,000","6,827,000","18,960,000","5,737,000","11,554,000","6,000,000","15,064,000","6,326,000","11,131,000","2,904,000","13,644,000","-13,000","1,482,000","4,109,000","12,725,000","4,657,000","9,652,000","1,634,000","16,160,000","1,797,000","3,554,000","1,219,000","10,062,000","-14,620,000","1,091,000","2,487,000","8,709,000","-1,008,000","-600,000","658,000","4,976,000","-268,000","5,208,000","14,400,000","7,672,000","16,184,000","6,712,000","6,438,000","7,115,000","7,207,000","6,097,000","6,135,000","12,644,000","6,244,000","5,451,000","13,921,000","6,331,000","5,672,000","6,900,000","7,000,000","8,200,000","7,030,000","6,800,000","7,300,000","7,800,000","6,745,000","7,600,000","7,300,000","7,000,000","5,972,000","6,400,000","6,000,000","5,900,000","3,900,000","5,700,000","4,800,000","3,600,000","2,600,000","3,400,000","4,600,000","4,400,000","4,300,000","2,700,000","2,800,000","700,000"
BasicEPS,,"0.45","0.36","0.38","0.33","0.358","0.355","0.28","0.25","0.37","0.3","0.354","0.255","0.63","0.28","0.315","0.26","0.34","0.255","0.28","0.23","0.33","0.215","0.24","0.21","0.3","0.205","0.22","0.19","0.16","0.175","0.155","0.155","0.23","0.145","0.18","0.11","0.21","0.148","0.001","0.013","0.075",,"-0.018","0.053","0.153",,"0.095","0.05","0.125",,"0.093","0.03","0.138",,"0.015","0.043","0.133",,"0.1","0.018","0.17",,"0.038","0.013","0.108",,"0.01","0.028","0.095",,"-0.008","0.008","0.055",,"0.06","0.163","0.088",,"0.078","0.075","0.083",,"0.073","0.073","0.153",,"0.065","0.16","0.07",,"0.068","0.068","0.078",,"0.065","0.073","0.078",,"0.078","0.073","0.07",,"0.065","0.06","0.06",,"0.058","0.05","0.038",,"0.04","0.058","0.055",,"0.053","0.055","0.013"
DilutedEPS,,"0.45","0.36","0.38","0.33","0.358","0.28","0.28","0.25","0.37","0.3","0.354","0.255","0.63","0.28","0.315","0.26","0.34","0.255","0.28","0.225","0.325","0.215","0.24","0.21","0.3","0.205","0.215","0.19","0.16","0.175","0.155","0.15","0.23","0.145","0.18","0.105","0.21","0.145","0.001","0.013","0.075",,"-0.018","0.05","0.153",,"0.093","0.05","0.123",,"0.093","0.028","0.135",,"0.015","0.043","0.13",,"0.098","0.018","0.165",,"0.038","0.013","0.105",,"0.01","0.028","0.093",,"-0.008","0.008","0.053",,"0.058","0.16","0.085",,"0.075","0.073","0.08",,"0.07","0.073","0.148",,"0.063","0.158","0.07",,"0.068","0.068","0.078",,"0.065","0.07","0.078",,"0.078","0.073","0.07",,"0.065","0.06","0.06",,"0.058","0.05","0.038",,"0.04","0.058","0.055",,"0.053","0.055","0.013"
BasicAverageShares,,"194,991,000","183,889,000","183,469,000","182,337,000","182,308,380","182,230,631","180,571,429","192,542,000","192,564,000","181,664,000","182,080,186","180,312,000","179,560,000","179,140,000","178,400,000","177,098,000","177,048,000","176,230,000","174,074,000","173,526,000","172,096,000","170,326,000","170,210,000","169,032,000","183,604,000","168,144,000","168,114,000","168,062,000","167,922,000","167,124,000","167,062,000","166,468,000","166,232,000","166,006,000","166,042,000","166,042,000","166,052,000","165,140,000","180,528,000","180,348,000","164,352,000",,"172,920,000","147,768,000","141,320,000",,"122,480,000","121,648,000","120,512,000",,"139,832,000","100,652,000","99,780,000",,"98,108,000","97,480,000","96,800,000",,"96,592,000","96,532,000","95,640,000",,"93,896,000","93,536,000","93,324,000",,"92,388,000","92,168,000","91,896,000",,"91,316,000","90,948,000","90,696,000",,"88,456,000","88,108,000","87,672,000",,"86,704,000","86,252,000","85,732,000",,"84,432,000","83,876,000","83,172,000",,"84,664,000","87,484,000","89,188,000",,"102,222,222","103,703,704","105,806,452",,"104,615,385","100,689,655","100,645,161",,"98,064,516","100,689,655","100,000,000",,"98,461,538","100,000,000","98,333,333",,"99,130,435","96,000,000","96,000,000",,"85,000,000","80,000,000","80,000,000",,"51,428,571","50,909,091","56,000,000"
DilutedAverageShares,,"195,246,000","183,889,000","192,736,000","182,337,000","192,685,000","192,537,000","180,571,429","192,542,000","192,564,000","181,664,000","182,080,186","180,312,000","191,248,000","179,140,000","178,400,000","177,098,000","177,048,000","176,230,000","174,074,000","175,546,667","175,040,000","170,326,000","170,210,000","184,528,000","183,604,000","168,144,000","170,572,093","168,062,000","167,922,000","183,288,000","183,056,000","182,840,000","182,706,000","182,668,000","182,518,000","182,256,000","182,120,000","181,888,000","181,788,000","181,560,000","181,476,000",,"174,408,000","149,048,000","142,436,000",,"124,908,108","140,960,000","122,971,429",,"140,968,000","105,600,000","122,092,000",,"98,108,000","122,160,000","121,544,000",,"121,672,000","121,724,000","121,404,000",,"120,956,000","120,820,000","120,720,000",,"120,596,000","119,896,000","119,512,000",,"117,340,000","116,568,000","114,084,000",,"112,592,000","111,860,000","110,960,000",,"110,772,000","110,656,000","110,032,000",,"108,284,000","107,592,000","107,084,000",,"108,308,000","111,236,000","112,968,000",,"102,222,222","103,703,704","105,806,452",,"104,615,385","104,285,714","100,645,161",,"98,064,516","100,689,655","100,000,000",,"98,461,538","100,000,000","98,333,333",,"99,130,435","96,000,000","96,000,000",,"85,000,000","80,000,000","80,000,000",,"51,428,571","50,909,091","56,000,000"
RentExpenseSupplemental,,,,,,,,,,,,,,,,,,,,,,,,,,,,,,,,,,,,,,,,"221,000","367,000","292,000","210,000","211,000","476,000","112,000","1,000","106,000","299,000","714,000","48,000","93,000","169,000","146,000","-412,000","102,000",,,,,,,,,,,,,,,,,,,,,,,,,,,,,,,,,,,,,,,,,,,,,,,,,,,,,,,,,,,,,,
TotalExpenses,"922,954,000","244,507,000","228,829,000","231,497,000","225,725,000","198,864,000","180,772,000","196,878,000","179,413,000","182,244,000","174,295,000","179,495,000","174,452,000","165,775,000","163,441,000","170,927,000","166,294,000","156,997,000","154,274,000","162,419,000","153,067,000","145,585,000","146,729,000","154,464,000","144,481,000","138,204,000","136,258,000","143,693,000","139,418,000","133,218,000","129,775,000","139,493,000","131,190,000","126,536,000","122,731,000","129,301,000","126,983,000","121,402,000","116,618,000","128,965,000","138,182,000","133,445,000","125,079,000","134,209,000","91,226,000","87,218,000","85,325,000","94,737,000","90,394,000","87,518,000","84,537,000","94,453,000","114,645,000","77,518,000","475,242,000","-1,491,000","55,145,000","53,188,000","49,948,000","54,827,000","51,327,000","53,573,000","116,118,000","62,766,000","77,694,000","49,492,000","102,517,000","95,416,000","95,431,000","88,698,000","91,152,000","87,368,000","83,164,000","72,120,000","-44,516,000","59,501,000","57,333,000","53,073,000","57,844,000","56,587,000","51,982,000","52,780,000","44,820,000","45,068,000","45,706,000","46,886,000","44,688,000","44,160,000","44,777,000","46,405,000","266,293,000","-29,800,000","-29,000,000","-29,200,000","235,267,000","-27,400,000","-25,100,000","-23,600,000","135,741,000","-15,800,000","-15,000,000","-14,800,000","120,660,000","-14,100,000","-14,300,000","-13,700,000","-11,000,000","-13,000,000","-12,900,000","-13,600,000","-12,000,000","-10,200,000","-7,000,000","-6,300,000","-5,200,000","-5,400,000","-4,800,000","-6,500,000"
NetIncomeFromContinuingAndDiscontinuedOperation,"280,144,000","82,906,000","65,554,000","70,625,000","61,059,000","65,240,000","64,654,000","50,560,000","46,195,000","66,875,000","54,960,000","64,461,000","46,409,000","113,309,000","50,175,000","56,070,000","46,145,000","60,222,000","45,011,000","51,579,000","41,814,000","59,185,000","39,282,000","43,295,000","37,806,000","52,880,000","36,817,000","38,970,000","34,102,000","29,482,000","31,728,000","28,057,000","27,811,000","40,409,000","26,493,000","32,183,000","20,189,000","37,335,000","26,838,000","19,989,000","6,102,000","16,462,000","3,879,000","1,644,000","10,865,000","20,210,000","5,737,000","11,554,000","6,000,000","15,064,000","6,326,000","11,131,000","2,904,000","13,644,000","-13,000","1,482,000","4,109,000","12,725,000","4,657,000","9,652,000","1,634,000","16,160,000","1,797,000","3,554,000","1,219,000","10,062,000","-14,620,000","1,091,000","2,487,000","8,709,000","-1,008,000","-600,000","658,000","4,976,000","-268,000","5,208,000","14,400,000","7,672,000","16,184,000","6,712,000","6,438,000","7,115,000","7,207,000","6,097,000","6,135,000","12,644,000","7,285,000","5,451,000","14,962,000","6,331,000","5,672,000","6,900,000","7,000,000","8,200,000","7,030,000","6,800,000","7,300,000","7,800,000","7,696,000","7,600,000","7,300,000","7,000,000","5,972,000","6,400,000","6,000,000","5,900,000","3,900,000","5,700,000","4,800,000","3,600,000","2,600,000","3,400,000","4,600,000","4,400,000","4,300,000","2,700,000","2,800,000","700,000"
NormalizedIncome,"277,592,800","82,073,200","64,707,930","69,721,260","60,718,090","66,080,960","63,972,910","56,621,920","45,448,940","67,175,030","54,497,180","59,329,830","46,855,760","74,259,110","50,177,190","52,112,670","43,653,510","59,535,800","45,555,800","50,347,800","41,148,600","58,730,800","38,840,400","41,746,400","36,444,000","51,846,200","35,467,600","37,876,800","32,753,800","39,005,200","30,764,050","29,544,850","26,102,800","39,368,350","25,551,900","27,339,350","16,866,050","35,100,300","19,552,150","19,989,000","6,102,000","16,462,000","3,879,000","1,644,000","12,241,050","20,210,000","5,737,000","11,554,000","6,054,000","15,241,000","6,343,000","4,920,650","1,604,100","13,538,000","-80,000","1,456,000","4,069,000","39,486,800","30,100,200","30,789,450","28,310,600","38,801,200","-18,159,000","27,007,800","14,229,600","32,621,600","-7,419,800","-1,345,200","-545,400","6,382,400","1,538,400","-1,344,600","-624,000","3,838,400","-550,600","4,906,000","5,007,000","7,318,600","14,861,600","6,584,200","6,202,800","7,115,000","7,162,000","6,097,000","6,135,000","12,644,000","7,285,000","5,451,000","14,962,000","6,331,000","5,672,000","6,900,000","7,000,000","8,200,000","7,030,000","6,800,000","7,300,000","7,800,000","7,696,000","7,600,000","7,300,000","7,000,000","5,972,000","6,400,000","6,000,000","5,900,000","3,900,000","5,220,000","4,800,000","3,600,000","2,600,000","3,400,000","4,600,000","4,400,000","4,300,000","2,700,000","2,800,000","700,000"
InterestIncome,"7,008,000","1,759,000","1,702,000","1,805,000","1,742,000","1,767,000","1,755,000","1,801,000","1,791,000","1,807,000","1,822,000","1,831,000","1,803,000","1,751,000","1,867,000","1,846,000","1,862,000","1,950,000","2,038,000","1,974,000","1,798,000","1,770,000","1,793,000","1,767,000","1,625,000","1,660,000","1,716,000","1,758,000","1,736,000","1,820,000","1,870,000","1,902,000","1,878,000","2,697,000","2,087,000","2,200,000","2,076,000","2,277,000","2,423,000",,,,,,,"1,039,000",,"1,048,000","997,000","1,192,000",,"1,177,000","1,223,000",,"1,529,000","885,000","294,000",,,,,,,,,,,,,,,,,,,,,,,,,,,,,,,,,,,,,,,,,,,,,,,,,,,,,,,,,,,,,
InterestExpense,"109,907,000","27,464,000","27,951,000","27,361,000","27,131,000","26,275,000","25,231,000","25,218,000","26,249,000","26,073,000","26,259,000","25,547,000","26,024,000","26,393,000","26,515,000","26,490,000","26,285,000","25,703,000","25,842,000","25,027,000","24,822,000","24,879,000","25,395,000","25,440,000","25,561,000","25,634,000","26,083,000","26,227,000","26,145,000","27,276,000","28,118,000","27,864,000","28,265,000","28,048,000","28,816,000","29,206,000","30,377,000","30,252,000","31,090,000","31,640,000","30,838,000","30,956,000","30,737,000","26,084,000","21,458,000","21,389,000","21,930,000","22,465,000","22,989,000","23,767,000","24,243,000","24,492,000","25,026,000","24,550,000","24,826,000","24,930,000","24,690,000",,,,,,,,,,,,,,,,,,,,,,,,,,,,,,,,,,,,,,,,,,,,,,,,,,,,,,,,,,,,,
NetInterestIncome,"-102,899,000","-25,705,000","-26,249,000","-25,556,000","-25,389,000","-24,508,000","-23,476,000","-23,417,000","-24,458,000","-24,266,000","-24,437,000","-23,716,000","-24,221,000","-24,642,000","-24,648,000","-24,644,000","-24,423,000","-23,753,000","-23,804,000","-23,053,000","-23,024,000","-23,109,000","-23,602,000","-23,673,000","-23,936,000","-23,974,000","-24,367,000","-24,469,000","-24,409,000","-25,456,000","-26,248,000","-25,962,000","-26,387,000","-25,351,000","-26,729,000","-27,006,000","-28,301,000","-27,975,000","-21,081,000","-31,640,000","-30,838,000","-30,956,000","-30,737,000","-26,084,000","-21,458,000","-21,389,000","-25,167,000","-21,417,000","-21,992,000","-23,767,000","-28,026,000","-23,315,000","1,223,000","-24,550,000","-23,297,000","-24,045,000","-24,396,000",,,,,,,,,,,,,,,,,,,,,,,,,,,,,,,,,,,,,,,,,,,,,,,,,,,,,,,,,,,,,
EBIT,"403,970,000","114,514,000","96,791,000","101,454,000","91,211,000","95,262,000","93,602,000","78,686,000","75,102,000","96,797,000","84,385,000","93,723,000","75,109,000","146,928,000","79,895,000","86,150,000","75,454,000","89,880,000","73,816,000","79,892,000","69,285,000","87,954,000","67,776,000","72,197,000","66,365,000","82,824,000","65,850,000","68,333,000","62,971,000","59,089,000","62,380,000","58,140,000","58,305,000","71,938,000","57,614,000","63,160,000","48,998,000","70,720,000","60,104,000","53,132,000","37,137,000","48,609,000","34,600,000","27,439,000","34,688,000","47,021,000","34,240,000","39,458,000","33,451,000","44,630,000","45,868,000","33,016,000","3,794,000","49,390,000","-153,060,000","115,873,000","46,277,000","59,796,000","48,188,000","48,956,000","48,445,000","58,187,000","-11,771,000","41,113,000","25,368,000","52,823,000","-1,431,000","-1,224,000","-1,981,000","9,062,000","5,181,000","-803,000","-135,000","6,596,000","114,210,000","8,515,000","8,633,000","11,482,000","9,446,000","9,448,000","10,269,000","11,056,000","11,750,000","10,468,000","10,512,000","10,646,000","10,698,000","9,715,000","9,494,000","10,743,000","-211,565,000","83,300,000","81,500,000","83,500,000","-184,037,000","78,200,000","73,000,000","68,500,000","-101,331,000","46,900,000","44,300,000","43,200,000","-93,457,000","40,500,000","40,400,000","39,200,000","35,000,000","38,400,000","37,500,000","37,700,000","34,100,000","28,800,000","21,600,000","19,800,000","17,300,000","15,900,000","14,800,000","15,900,000"
EBITDA,"599,520,000"
ReconciledCostOfRevenue,"659,902,000","171,161,000","162,788,000","169,700,000","160,222,000","136,250,000","128,034,000","142,267,000","124,940,000","126,786,000","122,779,000","128,177,000","121,667,000","112,970,000","112,587,000","122,075,000","117,634,000","112,354,000","111,038,000","118,907,000","108,992,000","102,948,000","100,819,000","110,770,000","102,228,000","97,546,000","93,885,000","102,514,000","97,657,000","92,903,000","86,470,000","99,239,000","91,420,000","88,901,000","84,362,000","90,328,000","84,863,000","84,819,000","84,792,000","83,728,000","82,006,000","78,869,000","78,087,000","74,600,000","62,687,000","59,996,000","62,208,000","63,431,000","63,014,000","61,662,000","97,134,000","57,443,000","88,024,000","54,728,000","2,100,000","3,419,000","6,859,000","30,441,000","30,965,000","32,959,000","32,720,000","32,817,000","38,073,000","40,328,000","40,803,000","33,765,000","45,788,000","36,673,000","38,844,000","31,860,000","37,046,000","34,316,000","32,153,000","26,884,000","26,484,000","22,302,000","20,594,000","15,639,000","21,992,000","20,341,000","16,813,000","16,335,000",,,,,,,,,,,,,,,,,,,,,,,,,,,,,,,,,,,,
ReconciledDepreciation,"195,550,000","50,237,000","51,096,000","45,148,000","49,069,000","46,119,000","39,890,000","39,254,000","38,988,000","39,628,000","39,820,000","37,512,000","38,244,000","38,404,000","35,890,000","35,367,000","34,713,000","32,718,000","31,042,000","30,959,000","31,520,000","31,430,000","31,712,000","31,177,000","29,735,000","29,270,000","29,432,000","29,301,000","29,294,000","29,029,000","28,259,000","29,106,000","29,361,000","29,145,000","27,770,000","27,147,000","30,418,000","27,110,000","66,374,000","28,303,000","28,070,000","27,953,000","20,153,000","24,853,000","19,910,000","19,730,000","15,385,000","23,148,000","19,150,000","18,989,000","15,510,000","20,621,000","20,236,000","20,393,000","19,648,000","19,162,000","20,343,000","17,665,000","17,456,000","17,117,000","16,913,000","16,827,000","16,843,000","16,425,000","16,454,000","15,654,000","13,675,000","16,390,000","15,766,000","15,800,000","15,092,000","14,037,000","13,193,000","11,584,000","14,798,000","9,977,000","10,092,000","9,567,000","9,715,000","9,439,000","9,656,000","9,247,000","7,845,000","10,913,000","9,172,000","9,254,000","8,328,000","9,515,000","9,668,000","9,000,000","8,694,000","9,600,000","9,200,000","9,000,000","9,443,000","8,300,000","7,100,000","6,400,000","8,486,000","4,400,000","4,700,000","4,500,000","5,862,000","4,000,000","4,200,000","3,900,000","5,300,000","4,100,000","4,200,000","4,200,000","4,200,000","2,900,000","2,000,000","1,900,000","1,600,000","1,500,000","1,500,000","3,300,000"
NetIncomeFromContinuingOperationNetMinorityInterest,"280,144,000","82,906,000","65,554,000","70,625,000","61,059,000","65,240,000","64,654,000","50,560,000","46,195,000","66,875,000","54,960,000","64,461,000","46,409,000","113,309,000","50,175,000","56,070,000","46,145,000","60,222,000","45,011,000","51,579,000","41,814,000","59,185,000","39,282,000","43,295,000","37,806,000","52,880,000","36,817,000","38,970,000","34,102,000","29,482,000","31,728,000","28,057,000","27,811,000","40,409,000","26,575,000","31,201,000","17,024,000","37,335,000","26,838,000","19,989,000","6,102,000","16,462,000","3,879,000","1,644,000","10,865,000","20,210,000","5,737,000","11,554,000","6,054,000","15,241,000","6,343,000","6,441,000","2,817,000","13,538,000","-80,000","1,456,000","4,069,000","12,712,000","4,134,000","4,040,000","1,619,000","12,367,000","1,863,000","3,489,000","1,218,000","9,869,000","-17,285,000","789,000","2,049,000","8,477,000","-1,008,000","-600,000","678,000","4,976,000","-289,000","5,200,000","5,337,000","7,672,000","15,101,000","6,712,000","6,378,000","7,115,000","7,207,000","6,097,000","6,135,000","12,644,000","7,285,000","5,451,000","14,962,000","6,331,000","5,672,000","6,900,000","7,000,000","8,200,000","7,030,000","6,800,000","7,300,000","7,800,000","7,696,000","7,600,000","7,300,000","7,000,000","5,972,000","6,400,000","6,000,000","5,900,000","3,900,000","5,700,000","4,800,000","3,600,000","2,600,000","3,400,000","4,600,000","4,400,000","4,300,000","2,700,000","2,800,000","700,000"
TotalUnusualItemsExcludingGoodwill,"4,252,000","1,388,000","1,159,000","1,238,000","467,000","-1,152,000","933,000","-8,304,000","1,022,000","-411,000","634,000","7,029,000","-612,000","53,493,000","-3,000","5,421,000","3,413,000","940,000","-908,000","2,052,000","1,109,000","757,000","736,000","2,581,000","2,270,000","1,723,000","2,249,000","1,822,000","2,247,000","-15,872,000","1,483,000","-2,289,000","2,628,000","1,601,000","1,574,000","5,941,000","243,000","3,438,000","11,209,000","0","0",,,,"-2,117,000",,,,,,,"2,339,000","1,866,000",,,,,"-41,192,000","-39,948,000","-41,153,000","-41,064,000","-40,668,000","33,370,000","-39,198,000","-21,686,000","-37,921,000","-16,442,000","3,557,000","4,324,000","3,491,000","-4,244,000","1,241,000","2,170,000","1,896,000","436,000","490,000","550,000","589,000","399,000","213,000","292,000",,"75,000",,,,,,,,,,,,,,,,,,,,,,,,"0","800,000",,,,,,,,,,
TotalUnusualItems,"4,252,000","1,388,000","1,159,000","1,238,000","467,000","-1,152,000","933,000","-8,304,000","1,022,000","-411,000","634,000","7,029,000","-612,000","53,493,000","-3,000","5,421,000","3,413,000","940,000","-908,000","2,052,000","1,109,000","757,000","736,000","2,581,000","2,270,000","1,723,000","2,249,000","1,822,000","2,247,000","-15,872,000","1,483,000","-2,289,000","2,628,000","1,601,000","1,574,000","5,941,000","243,000","3,438,000","11,209,000","0","0",,,,"-2,117,000",,,,,,,"2,339,000","1,866,000",,,,,"-41,192,000","-39,948,000","-41,153,000","-41,064,000","-40,668,000","33,370,000","-39,198,000","-21,686,000","-37,921,000","-16,442,000","3,557,000","4,324,000","3,491,000","-4,244,000","1,241,000","2,170,000","1,896,000","436,000","490,000","550,000","589,000","399,000","213,000","292,000",,"75,000",,,,,,,,,,,,,,,,,,,,,,,,"0","800,000",,,,,,,,,,
NormalizedEBITDA,"595,268,000","163,363,000","146,728,000","145,364,000","139,813,000","142,533,000","132,559,000","126,244,000","113,068,000","136,836,000","123,571,000","124,206,000","113,965,000","131,839,000","115,788,000","116,096,000","106,754,000","121,658,000","105,766,000","108,799,000","99,696,000","118,627,000","98,752,000","100,793,000","93,830,000","110,371,000","93,033,000","95,812,000","90,018,000","103,990,000","89,156,000","89,535,000","85,038,000","99,482,000","83,810,000","84,366,000","79,173,000","94,392,000","120,314,000","81,435,000","65,207,000","76,562,000","58,655,000","52,292,000","56,715,000","66,751,000","51,651,000","62,606,000","52,601,000","63,619,000","63,154,000","51,298,000","44,331,000","69,783,000","-133,412,000","135,035,000","66,620,000","142,344,000","130,208,000","132,068,000","131,012,000","140,382,000","-3,494,000","121,939,000","88,518,000","129,852,000","55,107,000","34,748,000","32,682,000","44,284,000","46,925,000","35,476,000","33,695,000","36,152,000","145,030,000","30,189,000","30,603,000","32,629,000","30,621,000","31,611,000","30,526,000","32,903,000","33,195,000","32,139,000","32,314,000","33,035,000","33,101,000","31,685,000","31,492,000","33,202,000","-202,871,000","92,900,000","90,700,000","92,500,000","-174,594,000","86,500,000","80,100,000","74,900,000","-92,845,000","51,300,000","49,000,000","47,700,000","-87,595,000","44,500,000","44,600,000","43,100,000","40,300,000","41,700,000","41,700,000","41,900,000","38,300,000","31,700,000","23,600,000","21,700,000","18,900,000","17,400,000","16,300,000","19,200,000"
TaxRateForCalcs,"0.4","0.4","0.27","0.27","0.27","0.27","0.27","0.27","0.27","0.27","0.27","0.27","0.27","0.27","0.27","0.27","0.27","0.27","0.4","0.4","0.4","0.4","0.4","0.4","0.4","0.4","0.4","0.4","0.4","0.4","0.35","0.35","0.35","0.35","0.35","0.35","0.35","0.35","0.35","0.35","0.35","0.35","0.35","0.35","0.35","0.35","0.35","0.35","0.35","0.35","0.35","0.35","0.35","0.35","0.35","0.35","0.35","0.35","0.35","0.35","0.35","0.35","0.4","0.4","0.4","0.4","0.4","0.4","0.4","0.4","0.4","0.4","0.4","0.4","0.4","0.4","0.4","0.4","0.4","0.4","0.4","0.4","0.4","0.4","0.4","0.4","0.4","0.4","0.4","0.4","0.4","0.4","0.4","0.4","0.4","0.4","0.4","0.4","0.4","0.4","0.4","0.4","0.4","0.4","0.4","0.4","0.4","0.4","0.4","0.4","0.4","0.4","0.4","0.4","0.4","0.4","0.4","0.4"
TaxEffectOfUnusualItems,"1,700,800","555,200","312,930","334,260","126,090","-311,040","251,910","-2,242,080","275,940","-110,970","171,180","1,897,830","-165,240","14,443,110","-810","1,463,670","921,510","253,800","-363,200","820,800","443,600","302,800","294,400","1,032,400","908,000","689,200","899,600","728,800","898,800","-6,348,800","519,050","-801,150","919,800","560,350","550,900","2,079,350","85,050","1,203,300","3,923,150","0","0","0","0","0","-740,950","0","0","0","0","0","0","818,650","653,100","0","0","0","0","-14,417,200","-13,981,800","-14,403,550","-14,372,400","-14,233,800","13,348,000","-15,679,200","-8,674,400","-15,168,400","-6,576,800","1,422,800","1,729,600","1,396,400","-1,697,600","496,400","868,000","758,400","174,400","196,000","220,000","235,600","159,600","85,200","116,800","0","30,000","0","0","0","0","0","0","0","0","0","0","0","0","0","0","0","0","0","0","0","0","0","0","0","0","320,000","0","0","0","0","0","0","0","0","0","0"