name,ttm,05/31/2022,02/28/2022,11/30/2021,08/31/2021,05/31/2021,02/28/2021,11/30/2020,08/31/2020,05/31/2020,02/29/2020,11/30/2019,08/31/2019,05/31/2019,02/28/2019,11/30/2018,08/31/2018,05/31/2018,02/28/2018,11/30/2017,08/31/2017,05/31/2017,02/28/2017,11/30/2016,08/31/2016,05/31/2016,02/29/2016,11/30/2015,08/31/2015,05/31/2015,02/28/2015,11/30/2014,08/31/2014,05/31/2014,02/28/2014,11/30/2013,08/31/2013,05/31/2013,02/28/2013,11/30/2012,08/31/2012,05/31/2012,02/29/2012,11/30/2011,08/31/2011,05/31/2011,02/28/2011,11/30/2010,08/31/2010,05/31/2010,02/28/2010,11/30/2009,08/31/2009,05/31/2009,02/28/2009,11/30/2008,08/31/2008,05/31/2008,02/29/2008,11/30/2007,08/31/2007,05/31/2007,02/28/2007,11/30/2006,08/31/2006,05/31/2006,02/28/2006,11/30/2005,08/31/2005,05/31/2005,02/28/2005,11/30/2004,08/31/2004,05/31/2004,02/29/2004,11/30/2003,08/31/2003,05/31/2003,02/28/2003,11/30/2002,08/31/2002,05/31/2002,02/28/2002,11/30/2001,08/31/2001,05/31/2001,02/28/2001,11/30/2000,08/31/2000,05/31/2000,02/29/2000,11/30/1999,08/31/1999,05/31/1999,02/28/1999,11/30/1998,08/31/1998,05/31/1998,02/28/1998,11/30/1997,08/31/1997,05/31/1997,02/28/1997,11/30/1996,08/31/1996,05/31/1996,02/29/1996,11/30/1995,08/31/1995,05/31/1995,02/28/1995,11/30/1994,08/31/1994,05/31/1994,02/28/1994,11/30/1993,08/31/1993,05/31/1993,02/28/1993,11/30/1992,08/31/1992,05/31/1992,02/29/1992,11/30/1991,08/31/1991,05/31/1991,02/28/1991,11/30/1990,08/31/1990,05/31/1990,02/28/1990,11/30/1989,08/31/1989,05/31/1989,02/28/1989,11/30/1988,08/31/1988,05/31/1988,02/29/1988,11/30/1987,08/31/1987,05/31/1987,02/28/1987,11/30/1986,08/31/1986,05/31/1986,02/28/1986,11/30/1985
TotalRevenue,"564,822,000","151,894,000","136,599,000","130,903,000","145,427,000","143,149,000","120,654,000","119,430,000","111,353,000","101,879,000","133,386,000","146,674,000","-204,946,000","295,266,000","271,907,000","292,531,000","301,395,000","317,096,000","275,165,000","288,955,000","275,695,000","295,427,000","258,869,000","265,793,000","275,769,000","305,341,000","263,289,000","305,011,000","300,384,000","320,100,000","301,005,000","327,765,000","354,349,000","378,187,000","327,770,000","339,556,000","327,260,000","344,205,000","370,370,000","377,248,000","405,304,000","429,215,000","378,024,000","392,799,000","403,436,000","392,777,000","330,698,000","318,412,000","226,530,000","334,569,000","294,216,000","305,193,000","269,743,000","290,401,000","299,674,000","379,980,000","404,515,000","444,656,000","399,629,000","415,143,000","389,655,000","385,090,000","341,020,000","342,983,000","324,601,000","316,662,000","276,019,000","283,876,000","269,389,000","271,733,000","235,267,000","199,677,000","187,764,000","196,481,000","176,022,000","166,584,000","148,247,000","147,189,000","142,099,000","147,858,000","121,367,000","120,009,000","108,434,000","113,140,000","127,149,000","123,935,000","113,335,000","117,520,000","135,987,000","178,527,000","461,177,000","462,167,000","452,923,000","440,505,000","421,955,000","435,660,000","563,202,000","241,653,000","217,145,000","208,689,000","188,211,000","173,839,000","157,170,000","153,096,000","147,296,000","147,569,000","137,080,000","139,270,000","137,405,000","139,353,000","124,501,000","125,799,000","116,843,000","111,328,000","101,869,000","91,097,000","89,800,000","92,600,000","86,400,000","91,700,000","91,600,000","92,600,000","105,100,000","108,800,000","102,500,000","109,200,000","108,400,000","113,900,000","111,100,000","113,600,000","110,000,000","110,700,000","84,300,000","56,900,000","53,600,000","51,400,000","48,400,000","49,800,000","41,200,000","37,600,000","35,600,000","35,700,000","17,500,000","40,600,000","-10,000,000","41,000,000","41,000,000","41,000,000"
	OperatingRevenue,"564,822,000","151,894,000","136,599,000","130,903,000","145,427,000","143,149,000","120,654,000","119,430,000","111,353,000","101,879,000","133,386,000","146,674,000","-204,946,000","295,266,000","271,907,000","292,531,000","301,395,000","317,096,000","275,165,000","288,955,000","275,695,000","295,427,000","258,869,000","265,793,000","275,769,000","305,341,000","263,289,000","305,011,000","300,384,000","320,100,000","301,005,000","327,765,000","354,349,000","378,187,000","327,770,000","339,556,000","327,260,000","344,205,000","370,370,000","377,248,000","405,304,000","429,215,000","378,024,000","392,799,000","403,436,000","392,777,000","330,698,000","318,412,000","226,530,000","334,569,000","294,216,000","305,193,000","269,743,000","290,401,000","299,674,000","379,980,000","404,515,000","444,656,000","399,629,000","415,143,000","389,655,000","385,090,000","341,020,000","342,983,000","324,601,000","316,662,000","276,019,000","283,876,000","269,389,000","271,733,000","235,267,000","199,677,000","187,764,000","196,481,000","176,022,000","166,584,000","148,247,000","147,189,000","142,099,000","147,858,000","121,367,000","120,009,000","108,434,000","113,140,000","127,149,000","123,935,000","113,335,000","117,520,000","135,987,000","178,527,000","461,177,000","462,167,000","452,923,000","440,505,000","421,955,000","435,660,000","563,202,000","241,653,000","217,145,000","208,689,000","188,211,000","173,839,000","157,170,000","153,096,000","147,296,000","147,569,000","137,080,000","139,270,000","137,405,000","139,353,000","124,501,000","125,799,000","116,843,000","111,328,000","101,869,000","91,097,000","89,800,000","92,600,000","86,400,000","91,700,000","91,600,000","92,600,000","105,100,000","108,800,000","102,500,000","109,200,000","108,400,000","113,900,000","111,100,000","113,600,000","110,000,000","110,700,000","84,300,000","56,900,000","53,600,000","51,400,000","48,400,000","49,800,000","41,200,000","37,600,000","35,600,000","35,700,000","17,500,000","40,600,000","-10,000,000","41,000,000","41,000,000","41,000,000"
CostOfRevenue,"306,899,000","79,847,000","76,618,000","71,277,000","79,158,000","76,302,000","65,878,000","64,166,000","66,888,000","59,932,000","71,293,000","77,986,000","-183,203,000","183,365,000","174,421,000","187,523,000","193,251,000","200,587,000","185,469,000","188,044,000","179,175,000","192,623,000","171,543,000","172,726,000","179,489,000","197,815,000","172,259,000","196,449,000","193,840,000","201,540,000","191,244,000","200,789,000","212,253,000","229,637,000","203,323,000","207,776,000","197,760,000","207,301,000","230,811,000","230,262,000","247,953,000","263,095,000","236,732,000","240,191,000","248,455,000","238,739,000","205,671,000","196,559,000","129,283,000","212,884,000","192,518,000","198,571,000","178,398,000","194,044,000","204,594,000","248,088,000","259,105,000","290,684,000","265,789,000","274,309,000","258,436,000","255,505,000","230,775,000","229,938,000","216,530,000","210,767,000","184,958,000","184,398,000","177,857,000","185,036,000","160,848,000","135,850,000","127,650,000","134,766,000","121,227,000","111,966,000","99,457,000","98,386,000","95,610,000","101,956,000","78,651,000","78,417,000","71,744,000","75,107,000","96,621,000","80,729,000","72,359,000","75,690,000","87,660,000","112,497,000","323,199,000","322,637,000","310,998,000","301,904,000","295,445,000","298,258,000","401,952,000","157,087,000","140,979,000","135,698,000","120,977,000","109,248,000","96,737,000","92,458,000","88,556,000","92,124,000","85,414,000","85,189,000","85,068,000","85,717,000","77,209,000","77,627,000","72,116,000","68,796,000","64,196,000","57,248,000","51,900,000","52,700,000","50,000,000","53,100,000","56,600,000","56,600,000","61,000,000","61,800,000","58,700,000","62,100,000","62,300,000","64,200,000","59,900,000","62,000,000","59,900,000","62,300,000",,,,,,,,,,,,,,,,
GrossProfit,"257,923,000","72,047,000","59,981,000","59,626,000","66,269,000","66,847,000","54,776,000","55,264,000","44,465,000","41,947,000","62,093,000","68,688,000","-21,743,000","111,901,000","97,486,000","105,008,000","108,144,000","116,509,000","89,696,000","100,911,000","96,520,000","102,804,000","87,326,000","93,067,000","96,280,000","107,526,000","91,030,000","108,562,000","106,544,000","118,560,000","109,761,000","126,976,000","142,096,000","148,550,000","124,447,000","131,780,000","129,500,000","136,904,000","139,559,000","146,986,000","157,351,000","166,120,000","141,292,000","152,608,000","154,981,000","154,038,000","125,027,000","121,853,000","97,247,000","121,685,000","101,698,000","106,622,000","91,345,000","96,357,000","95,080,000","131,892,000","145,410,000","153,972,000","133,840,000","140,834,000","131,219,000","129,585,000","110,245,000","113,045,000","108,071,000","105,895,000","91,061,000","99,478,000","91,532,000","86,697,000","74,419,000","63,827,000","60,114,000","61,715,000","54,795,000","54,618,000","48,790,000","48,803,000","46,489,000","45,902,000","42,716,000","41,592,000","36,690,000","38,033,000","30,528,000","43,206,000","40,976,000","41,830,000","48,327,000","66,030,000","137,978,000","139,530,000","141,925,000","138,601,000","126,510,000","137,402,000","161,250,000","84,566,000","76,166,000","72,991,000","67,234,000","64,591,000","60,433,000","60,638,000","58,740,000","55,445,000","51,666,000","54,081,000","52,337,000","53,636,000","47,292,000","48,172,000","44,727,000","42,532,000","37,673,000","33,849,000","37,900,000","39,900,000","36,400,000","38,600,000","35,000,000","36,000,000","44,100,000","47,000,000","43,800,000","47,100,000","46,100,000","49,700,000","51,200,000","51,600,000","50,100,000","48,400,000",,,,,,,,,,,,,,,,
OperatingExpense,"214,977,000","64,887,000","52,549,000","50,482,000","47,059,000","42,529,000","48,019,000","45,846,000","39,827,000","42,940,000","52,365,000","53,703,000","-7,526,000","74,023,000","74,186,000","77,470,000","75,976,000","82,754,000","73,670,000","79,609,000","76,985,000","75,088,000","72,026,000","73,864,000","69,891,000","75,687,000","73,052,000","78,811,000","77,763,000","75,558,000","81,855,000","88,758,000","93,891,000","89,770,000","85,466,000","88,133,000","76,742,000","79,862,000","97,615,000","95,684,000","96,530,000","98,456,000","91,836,000","95,327,000","97,402,000","95,175,000","87,981,000","79,828,000","55,349,000","80,858,000","75,721,000","77,953,000","65,062,000","70,533,000","79,938,000","107,228,000","89,096,000","92,444,000","86,140,000","84,553,000","77,570,000","76,678,000","69,570,000","69,516,000","65,001,000","63,055,000","56,207,000","61,267,000","59,251,000","51,660,000","46,525,000","36,548,000","35,847,000","36,537,000","34,623,000","33,896,000","29,615,000","29,410,000","30,460,000","27,714,000","23,757,000","21,924,000","21,679,000","20,539,000","23,955,000","25,130,000","23,067,000","23,069,000","37,727,000","36,707,000","85,850,000","85,243,000","87,322,000","88,781,000","81,324,000","97,307,000","131,255,000","55,530,000","52,813,000","49,982,000","47,442,000","45,228,000","41,812,000","42,235,000","41,956,000","38,871,000","37,802,000","39,856,000","39,011,000","39,378,000","35,128,000","35,693,000","32,176,000","33,338,000","28,692,000","25,956,000","37,700,000","29,500,000","28,100,000","29,100,000","28,900,000","25,500,000","34,400,000","35,800,000","33,100,000","35,800,000","37,500,000","37,500,000","37,600,000","35,600,000","34,400,000","33,800,000",,,,,,,,,,,,,,,,
	SellingGeneralAndAdministration,"207,456,000","63,095,000","50,668,000","48,477,000","45,216,000","40,468,000","45,883,000","43,710,000","37,671,000","40,766,000","50,245,000","51,831,000","-4,317,000","69,612,000","70,745,000","73,192,000","70,894,000","77,570,000","68,502,000","74,478,000","71,879,000","70,051,000","66,957,000","68,602,000","64,295,000","70,120,000","67,172,000","72,911,000","71,792,000","69,569,000","75,768,000","82,472,000","87,438,000","83,498,000","79,240,000","81,918,000","71,345,000","74,323,000","89,977,000","87,830,000","88,940,000","91,063,000","84,763,000","88,109,000","89,781,000","88,304,000","81,095,000","73,739,000","49,466,000","75,553,000","70,349,000","72,496,000","60,362,000","65,175,000","74,729,000","76,218,000","85,000,000","88,421,000","82,679,000","81,296,000","74,489,000","73,772,000","66,910,000","67,263,000","62,782,000","61,171,000","54,433,000","59,482,000","57,507,000","50,050,000","45,250,000","35,957,000","35,354,000","35,943,000","34,036,000","33,349,000","29,094,000","28,880,000","29,867,000","27,087,000","23,152,000","21,308,000","21,059,000","19,927,000","22,312,000","23,405,000",,,,,,,,,,,,,,,,,,,,,,,,,,,,"26,612,000","25,511,000","22,871,000","33,100,000","25,600,000","24,400,000","25,500,000","25,200,000","24,000,000","29,700,000","31,000,000","28,200,000","31,200,000","32,300,000","32,300,000","31,700,000","30,900,000","29,800,000","29,600,000",,,,,,,,,,,,,,,,
	ResearchAndDevelopment,,,,,,,,,,,,,,,,,,,,,,,,,,,,,,,,,,,,,,,,,,,,,,,,,,,,,,,,,,,,,,,,,,,,,,,,,,,,,,,,,,,,,,,"21,698,000","21,570,000","30,708,000","34,761,000","77,847,000","78,894,000",,"81,336,000","74,236,000","82,418,000","119,648,000","51,985,000","49,924,000","47,670,000","45,675,000","43,478,000","41,812,000","42,235,000","41,956,000","38,871,000","37,802,000","39,856,000","39,011,000","39,378,000","35,128,000","35,693,000","111,323,000","3,726,000","3,181,000","3,085,000",,,,,,,,,,,,,,,,,,,,,,,,,,,,,,,,
	DepreciationAmortizationDepletionIncomeStatement,"7,521,000","1,792,000","1,881,000","2,005,000","1,843,000","2,061,000","2,136,000","2,136,000","2,156,000","2,174,000","2,120,000","1,872,000","-3,209,000","4,411,000","3,441,000","4,278,000","5,082,000","5,184,000","5,168,000","5,131,000","5,106,000","5,037,000","5,069,000","5,262,000","5,596,000","5,567,000","5,880,000","5,900,000","5,971,000","5,989,000","6,087,000","6,286,000","6,453,000","6,272,000","6,226,000","6,215,000","5,397,000","5,539,000","7,638,000","7,854,000","7,590,000","7,393,000","7,073,000","7,218,000","7,621,000","6,871,000","6,886,000","6,089,000","5,883,000","5,305,000","5,372,000","5,457,000","4,700,000","5,358,000","5,209,000","4,457,000","4,096,000","4,023,000","3,461,000","3,257,000","3,081,000","2,906,000","2,660,000","2,253,000","2,219,000","1,884,000","1,774,000","1,785,000","1,744,000","1,610,000","1,275,000","591,000","493,000","594,000","587,000","547,000","521,000","530,000","593,000","627,000","605,000","616,000","620,000","612,000","-10,726,000","1,725,000","1,369,000","1,499,000","1,628,000","1,946,000","8,003,000","7,795,000","8,025,000","7,445,000","7,088,000","7,065,000","11,607,000","3,545,000","2,889,000","2,312,000","1,767,000","1,750,000","1,799,000","1,498,000","1,250,000","1,096,000","988,000","720,000","713,000","611,000","884,000","1,161,000","1,322,000","1,235,000","1,280,000","1,094,000","4,600,000","3,900,000","3,700,000","3,600,000","3,700,000","1,500,000","4,700,000","4,800,000","4,900,000","4,600,000","5,200,000","5,200,000","5,900,000","4,700,000","4,600,000","4,200,000",,,,,,,,,,,,,,,,
		DepreciationAndAmortizationInIncomeStatement,"7,521,000","1,792,000","1,881,000","2,005,000","1,843,000","2,061,000","2,136,000","2,136,000","2,156,000","2,174,000","2,120,000","1,872,000","-3,209,000","4,411,000","3,441,000","4,278,000","5,082,000","5,184,000","5,168,000","5,131,000","5,106,000","5,037,000","5,069,000","5,262,000","5,596,000","5,567,000","5,880,000","5,900,000","5,971,000","5,989,000","6,087,000","6,286,000","6,453,000","6,272,000","6,226,000","6,215,000","5,397,000","5,539,000","7,638,000","7,854,000","7,590,000","7,393,000","7,073,000","7,218,000","7,621,000","6,871,000","6,886,000","6,089,000","5,883,000","5,305,000","5,372,000","5,457,000","4,700,000","5,358,000","5,209,000","4,457,000","4,096,000","4,023,000","3,461,000","3,257,000","3,081,000","2,906,000","2,660,000","2,253,000","2,219,000","1,884,000","1,774,000","1,785,000","1,744,000","1,610,000","1,275,000","591,000","493,000","594,000","587,000","547,000","521,000","530,000","593,000","627,000","605,000","616,000","620,000","612,000","-10,726,000","1,725,000","1,369,000","1,499,000","1,628,000","1,946,000","8,003,000","7,795,000","8,025,000","7,445,000","7,088,000","7,065,000","11,607,000","3,545,000","2,889,000","2,312,000","1,767,000","1,750,000","1,799,000","1,498,000","1,250,000","1,096,000","988,000","720,000","713,000","611,000","884,000","1,161,000","1,322,000","1,235,000","1,280,000","1,094,000","4,600,000","3,900,000","3,700,000","3,600,000","3,700,000","1,500,000","4,700,000","4,800,000","4,900,000","4,600,000","5,200,000","5,200,000","5,900,000","4,700,000","4,600,000","4,200,000",,,,,,,,,,,,,,,,
			Amortization,"7,521,000","1,792,000","1,881,000","2,005,000","1,843,000","2,061,000","2,136,000","2,136,000","2,156,000","2,174,000","2,120,000","1,872,000","-3,209,000","4,411,000","3,441,000","4,278,000","5,082,000","5,184,000","5,168,000","5,131,000","5,106,000","5,037,000","5,069,000","5,262,000","5,596,000","5,567,000","5,880,000","5,900,000","5,971,000","5,989,000","6,087,000","6,286,000","6,453,000","6,272,000","6,226,000","6,215,000","5,397,000","5,539,000","7,638,000","7,854,000","7,590,000","7,393,000","7,073,000","7,218,000","7,621,000","6,871,000","6,886,000","6,089,000","5,883,000","5,305,000","5,372,000","5,457,000","4,700,000","5,358,000","5,209,000","4,457,000","4,096,000","4,023,000","3,461,000","3,257,000","3,081,000","2,906,000","2,660,000","2,253,000","2,219,000","1,884,000","1,774,000","1,785,000","1,744,000","1,610,000","1,275,000","591,000","493,000","594,000","587,000","547,000","521,000","530,000","593,000","627,000","605,000","616,000","620,000","612,000","1,643,000","1,725,000","1,369,000","1,499,000","1,628,000","1,946,000","8,003,000","7,795,000","8,025,000","7,445,000","7,088,000","7,065,000","11,607,000","3,545,000","2,889,000","2,312,000","1,767,000","1,750,000","1,799,000","1,498,000","1,250,000","1,096,000","988,000","720,000","713,000","611,000","884,000","1,161,000","1,322,000","1,235,000","1,280,000","1,094,000",,,,,,,,,,,,,,,,,,,,,,,,,,,,,,,,
				AmortizationOfIntangiblesIncomeStatement,"7,521,000","1,792,000","1,881,000","2,005,000","1,843,000","2,061,000","2,136,000","2,136,000","2,156,000","2,174,000","2,120,000","1,872,000","-3,209,000","4,411,000","3,441,000","4,278,000","5,082,000","5,184,000","5,168,000","5,131,000","5,106,000","5,037,000","5,069,000","5,262,000","5,596,000","5,567,000","5,880,000","5,900,000","5,971,000","5,989,000","6,087,000","6,286,000","6,453,000","6,272,000","6,226,000","6,215,000","5,397,000","5,539,000","7,638,000","7,854,000","7,590,000","7,393,000","7,073,000","7,218,000","7,621,000","6,871,000","6,886,000","6,089,000","5,883,000","5,305,000","5,372,000","5,457,000","4,700,000","5,358,000","5,209,000","4,457,000","4,096,000","4,023,000","3,461,000","3,257,000","3,081,000","2,906,000","2,660,000","2,253,000","2,219,000","1,884,000","1,774,000","1,785,000","1,744,000","1,610,000","1,275,000","591,000","493,000","594,000","587,000","547,000","521,000","530,000","593,000","627,000","605,000","616,000","620,000","612,000","1,643,000","1,725,000","1,369,000","1,499,000","1,628,000","1,946,000","8,003,000","7,795,000","8,025,000","7,445,000","7,088,000","7,065,000","11,607,000","3,545,000","2,889,000","2,312,000","1,767,000","1,750,000","1,799,000","1,498,000","1,250,000","1,096,000","988,000","720,000","713,000","611,000","884,000","1,161,000","1,322,000","1,235,000","1,280,000","1,094,000",,,,,,,,,,,,,,,,,,,,,,,,,,,,,,,,
	OtherOperatingExpenses,,,,,,,,,,,,,,,,,,,,,,,,,,,,,,,,,,,,,,,,,,,,,,,,,,,,,,,,"26,553,000",,,,,,,,,,,,,,,,,,,,,,,,,,,,,,,,,"5,391,000",,,"-1,446,000","0",,,"7,824,000",,,,,,,"-1,799,000","-1,498,000","-1,250,000","-1,096,000","-988,000","-720,000","-713,000","-611,000","-884,000","-1,161,000","-1,322,000","1,765,000","-1,280,000","-1,094,000",,,,,,,,,,,,,,,,,,,,,,,,,,,,,,,,
OperatingIncome,"42,946,000","7,160,000","7,432,000","9,144,000","19,210,000","24,318,000","6,757,000","9,418,000","4,638,000","-993,000","9,728,000","14,985,000","-14,217,000","37,878,000","23,300,000","27,538,000","32,168,000","33,755,000","16,026,000","21,302,000","19,535,000","27,716,000","15,300,000","19,203,000","26,389,000","31,839,000","17,978,000","29,751,000","28,781,000","43,002,000","27,906,000","38,218,000","48,205,000","58,780,000","38,981,000","43,647,000","52,758,000","57,042,000","41,944,000","51,302,000","60,821,000","67,664,000","49,456,000","57,281,000","57,579,000","58,863,000","37,046,000","42,025,000","41,898,000","40,827,000","25,977,000","28,669,000","26,283,000","25,824,000","15,142,000","24,664,000","56,314,000","61,528,000","47,700,000","56,281,000","53,649,000","52,907,000","40,675,000","43,529,000","43,070,000","42,840,000","34,854,000","38,211,000","32,281,000","35,037,000","27,894,000","27,279,000","24,267,000","25,178,000","20,172,000","20,722,000","19,175,000","19,393,000","16,029,000","18,188,000","18,959,000","19,668,000","15,011,000","17,494,000","6,573,000","18,076,000","17,909,000","18,761,000","10,600,000","29,323,000","52,128,000","54,287,000","54,603,000","49,820,000","45,186,000","40,095,000","29,995,000","29,036,000","23,353,000","23,009,000","19,792,000","19,363,000","18,621,000","18,403,000","16,784,000","16,574,000","13,864,000","14,225,000","13,326,000","14,258,000","12,164,000","12,479,000","12,551,000","9,194,000","8,981,000","7,893,000","200,000","10,400,000","8,300,000","9,500,000","6,100,000","10,500,000","9,700,000","11,200,000","10,700,000","11,300,000","8,600,000","12,200,000","13,600,000","16,000,000","15,700,000","14,600,000","-125,300,000","56,900,000","53,600,000","51,400,000","-103,500,000","49,800,000","41,200,000","37,600,000","-81,100,000","35,700,000","17,500,000","40,600,000","-113,800,000","41,000,000","41,000,000","41,000,000"
NetNonOperatingInterestIncomeExpense,"-3,539,000","-951,000","-755,000","-961,000","-871,000","-1,340,000","-1,338,000","-1,716,000","-3,307,000","-4,552,000","-4,630,000","-6,729,000","-6,460,000","-7,255,000","-7,153,000","-7,295,000","-8,617,000","-7,756,000","-7,604,000","-7,514,000","-7,684,000","-7,553,000","-7,334,000","-7,132,000","-7,532,000","-7,253,000","-6,866,000","-7,117,000","-7,374,000","-7,462,000","-7,030,000","-6,191,000","-6,101,000","-5,932,000","-6,262,000","-6,750,000","-6,026,000","-6,229,000","-6,260,000","-6,322,000","-6,281,000","-24,066,000","-7,821,000","-8,222,000","-8,479,000","-7,850,000","-8,238,000","-7,552,000","55,974,000","-7,780,000","-7,798,000","-8,538,000","-10,685,000","-9,026,000",,,,,,,,,,,,,,,,,,,,,,,,,,,,,,,,,,,,,,,,,,,,,,,,,,,,,,,,,,,,,,,,,,,,,,,,,,,,,,,,,,,,,,,,,,,,,,
	InterestExpenseNonOperating,"3,539,000","951,000","755,000","961,000","871,000","1,340,000","1,338,000","1,716,000","3,307,000","4,552,000","4,630,000","6,729,000","6,460,000","7,255,000","7,153,000","7,295,000","8,617,000","7,756,000","7,604,000","7,514,000","7,683,000","7,553,000","7,334,000","7,132,000","7,532,000","7,253,000","6,866,000","7,117,000","7,374,000","7,462,000","7,030,000","6,191,000","6,101,000","5,932,000","6,262,000","6,750,000","6,026,000","6,229,000","6,260,000","6,322,000","-10,549,000","24,066,000","7,821,000","8,222,000",,"7,850,000","8,238,000","7,552,000",,"7,780,000","7,798,000","8,538,000","10,685,000","9,026,000",,,,,,,,,,,,,,,,,,,,,,,,,,,,,,,,,,,,,,,,,,,,,,,,,,,,,,,,,,,,,,,,,,,,,,,,,,,,,,,,,,,,,,,,,,,,,,
	TotalOtherFinanceCost,"22,473,000",,,,,,,,,"4,552,000","4,630,000","6,729,000","6,460,000","7,255,000","7,153,000","7,295,000","8,617,000","7,756,000","7,604,000","7,514,000","7,684,000","7,553,000","7,334,000","7,132,000","7,532,000","7,253,000","6,866,000","7,117,000","7,374,000","7,462,000","7,030,000","6,191,000","6,101,000","5,932,000","6,262,000","6,750,000","6,026,000","6,229,000","6,260,000","6,322,000","6,281,000",,,,,"7,850,000",,,,"-7,780,000",,,,,,,,,,,,,,,,,,,,,,,,,,,,,,,,,,,,,,,,,,,,,,,,,,,,,,,,,,,,,,,,,,,,,,,,,,,,,,,,,,,,,,,,,,,,,,,,,,
OtherIncomeExpense,"-13,101,000","-771,000","-3,219,000","-3,217,000","-5,895,000","-2,111,000","-1,834,000","-622,000","-191,000","208,000","-374,000","-934,000","8,653,000","9,104,000","-7,602,000","-37,767,000","-69,688,000","-982,000","-6,804,000","-6,958,000","-120,266,000","-1,681,000","-2,692,000","-10,104,000","-7,959,000","-4,247,000","-190,328,000","-4,999,000","-595,000","-569,000","-83,734,000","439,000","12,545,000","-620,000","-1,326,000","-1,141,000","-841,000","-911,000","36,000","-364,000","-65,428,000","-2,604,000","171,000","-657,000","-1,596,000","-1,193,000","-497,000","-901,000","258,000","-2,901,000","-8,366,000","-3,878,000","20,117,000","-43,643,000","-3,109,000","-26,019,000","1,412,000","-201,000","-4,282,000","-4,411,000","-226,000","-1,094,000","-4,530,000","-217,000","-5,298,000","-659,000","-325,000","-6,067,000","-600,000","-435,000","-40,000","-719,000","-9,082,000","-10,445,000","-6,783,000","-19,913,000","1,217,000","1,313,000","-4,691,000","-15,182,000","61,000","57,000","1,101,000","-10,249,000","18,520,000","-3,534,000","-165,000","1,462,000","-13,216,000","-771,000","-4,051,000","1,309,000","-71,000","35,000","965,000","-7,817,000","-19,823,000","151,000","309,000","-114,000","717,000","469,000","612,000","-66,000","-54,000","-37,000","421,000","-100,000","-44,000","-236,000","-1,213,000","-201,000","-211,000","-95,000","-90,000","-41,000","-100,000","-1,300,000","-1,300,000","-600,000","-1,800,000","-1,500,000","-1,500,000","-1,900,000","-1,500,000","-2,000,000","-1,800,000","-2,500,000","-1,000,000","-1,900,000","-1,400,000","-1,000,000",,,,,,,,,,,,,,,,
	SpecialIncomeCharges,"-11,823,000","-517,000","-2,948,000","-2,737,000","-5,621,000","-1,571,000","-1,050,000","-349,000","-1,395,000","-1,005,000","-1,161,000","-616,000","7,336,000","9,482,000","-6,946,000","-36,856,000","-70,817,000","-1,170,000","-6,437,000","-6,629,000","-118,774,000","-384,000","-2,101,000","-10,732,000","-8,205,000","-3,496,000","-190,093,000","-4,380,000","0","0","-84,353,000",,"13,495,000",,,,,,,,"-62,190,000","-2,604,000","171,000","-657,000","-1,596,000","-1,193,000","-497,000","-901,000","258,000","-2,901,000","-8,366,000","-3,878,000","20,117,000","-43,643,000","-3,109,000","-26,019,000","1,412,000","-201,000","-4,282,000","-4,411,000","-226,000","-1,094,000","-4,530,000","-217,000","-5,298,000","-659,000","-325,000","-6,067,000","-600,000","-435,000","-40,000","-719,000","-9,082,000","-10,445,000","-6,783,000","-19,913,000","1,217,000","1,313,000","-4,691,000","-15,182,000","61,000","57,000","1,101,000","-10,249,000","18,520,000","-3,534,000","-165,000","1,462,000","-13,216,000","-771,000","-4,051,000","1,309,000","-71,000","35,000","965,000","-7,817,000","-19,823,000","151,000","309,000","-114,000","717,000","469,000","612,000","-66,000","-54,000","-37,000","421,000","-100,000","-44,000","-236,000","-1,213,000","-201,000","-211,000","-95,000","-90,000","-41,000","-100,000","-1,300,000","-1,300,000","-600,000","-1,800,000","-1,500,000","-1,500,000","-1,900,000","-1,500,000","-2,000,000","-1,800,000","-2,500,000","-1,000,000","-1,900,000","-1,400,000","-1,000,000",,,,,,,,,,,,,,,,
		RestructuringAndMergernAcquisition,"5,048,000","517,000","1,832,000","2,737,000","-38,000","1,571,000","649,000","210,000","987,000","2,448,000","1,929,000","1,972,000","2,578,000","1,115,000","60,000","403,000","746,000","1,170,000","3,450,000","6,629,000","1,795,000","384,000","2,101,000","10,732,000","3,113,000","3,496,000","3,582,000","4,380,000",,,,,,,,,,,,,,,,,"628,000","862,000",,"453,000","1,376,000","2,201,000","8,447,000","3,574,000","6,627,000","11,923,000","3,144,000",,"0",,"4,952,000","5,521,000","1,076,000","434,000","3,776,000",,,,,,,,,,,,,,,,,,,,,,"0","1,740,000",,,"7,939,000","962,000","3,487,000",,,,,,,,,,,,,,,,,,,,,,,,,,,,,,,,,,,,,,,,,,,,,,,,,,,,,,,,,
		ImpairmentOfCapitalAssets,,"0","1,116,000","0",,"0","401,000",,,,,,,,,,,,,,,,,,,,,,,,,,,,,,,,,,,,,,,,,,"0","0","0","0","-26,953,000","31,720,000",,,,,,,,,,,,,,,,,,,,,,,,,,,,,,,,,,,,,,,,,,,,,,,,,,,,,,,,,,,,,,,,,,,,,,,,,,,,,,,,,,,,,,,,,,,,,,
		WriteOff,,,,,"5,659,000",,"401,000","139,000","408,000","-1,443,000","-768,000","-1,356,000","-9,914,000","-10,597,000","6,886,000","36,453,000","70,071,000","0","2,987,000",,"116,979,000","0","0",,"0","0","186,511,000",,"0","0","84,353,000",,,,,,,,,,"62,464,000",,,,,,,,,,,,,,,,,,,,,,,,,,,,,,,,,,,,,,,,,,,,,,,,,,,,,,,,,,,,,,,,,,,,,,,,,,,,,,,,,,,,,,,,,,,,,,,,,,,,,,,,,,,
		OtherSpecialCharges,,,,,,,,,,,,,,,,,,,,,,,,,,,,,,,,,,,,,,,,,,,,,"968,000","331,000",,"448,000","-1,634,000","700,000","-81,000","304,000",,,"-35,000",,"-1,412,000",,"-670,000","-1,110,000","-850,000","660,000","754,000",,,,,,,,,,,,,,,,,,,,,,"-18,520,000","1,794,000",,,"5,277,000","-191,000","564,000",,,,,,,,,,,,,,,,,,,,,,,,,,,,,,,,,,,,,,,,,,,,,,,,,,,,,,,,,
		GainOnSaleOfBusiness,,,,,,,,,,,,,,,,,,,,,"0",,,,"-5,092,000",,,,"0",,,,"13,495,000",,,,,,,,,,,,,,,,,,,,,,,,,,,,,,,,,,,,,,,,,,,,,,,,,,,,,,,,,,,,,,,,,,,,,,,,,,,,,,,,,,,,,,,,,,,,,,,,,,,,,,,,,,,,,,,,,,,
	OtherNonOperatingIncomeExpenses,"-1,278,000","-254,000","-271,000","-480,000","-274,000","-540,000","-784,000","-273,000","1,204,000","1,213,000","787,000","-318,000","1,317,000","-378,000","-656,000","-911,000","1,129,000","188,000","-367,000","-329,000","-1,492,000","-1,297,000","-591,000","628,000","246,000","-751,000","-235,000","-619,000","-595,000","-569,000","619,000","439,000","-950,000","-620,000","-1,326,000","-1,141,000","-841,000","-911,000","36,000","-364,000","-148,000",,,,,,,,,,,,,,,,,,,,,,,,,,,,,,,,,,,,,,,,,,,,,,,,,,,,,,,,,,,,,,,,,,,,,,,,,,,,,,,,,,,,,,,,,,,,,,,,,,,,,,,,,,,
PretaxIncome,"26,306,000","5,438,000","3,458,000","4,966,000","12,444,000","20,867,000","3,585,000","7,080,000","1,140,000","-5,337,000","4,724,000","7,322,000","-12,024,000","39,727,000","8,545,000","-17,524,000","-46,137,000","25,017,000","1,618,000","6,830,000","-108,415,000","18,482,000","5,274,000","1,967,000","10,898,000","20,339,000","-179,216,000","17,635,000","20,812,000","34,971,000","-62,858,000","32,466,000","54,649,000","52,228,000","31,393,000","35,756,000","45,891,000","49,902,000","35,720,000","44,616,000","-10,888,000","40,994,000","41,806,000","48,402,000","47,504,000","49,820,000","28,311,000","33,572,000","32,990,000","30,146,000","9,813,000","16,253,000","35,928,000","-27,627,000","2,129,000","12,963,000","48,839,000","52,137,000","34,386,000","42,570,000","44,607,000","42,739,000","27,877,000","36,471,000","30,562,000","35,396,000","28,445,000","31,446,000","25,535,000","29,666,000","23,947,000","26,560,000","12,794,000","11,833,000","13,389,000","809,000","15,017,000","15,529,000","11,338,000","3,006,000","12,908,000","12,811,000","6,304,000","7,245,000","25,857,000","2,448,000","5,215,000","7,252,000","-7,003,000","18,802,000","36,055,000","37,812,000","37,038,000","32,849,000","30,662,000","26,203,000","-2,969,000","23,267,000","18,339,000","18,748,000","17,469,000","16,689,000","14,239,000","14,346,000","13,115,000","13,464,000","11,250,000","11,338,000","10,440,000","10,903,000","7,151,000","8,379,000","8,134,000","7,905,000","4,930,000","4,057,000","-3,100,000","6,500,000","4,200,000","5,700,000","1,000,000","5,700,000","4,200,000","5,400,000","4,900,000","5,000,000","2,200,000","4,900,000","7,400,000","9,200,000","8,900,000","8,900,000",,,,,,,,,,,,,,,,
TaxProvision,"10,390,000","1,377,000","1,337,000","1,781,000","5,895,000","-4,390,000","1,000","2,258,000","943,000","-407,000","806,000","950,000","-2,372,000","7,309,000","5,792,000","-72,000","-8,472,000","-3,995,000","19,839,000","1,604,000","-9,651,000","-4,029,000","200,000","-2,998,000","-6,504,000","-827,000","-20,026,000","2,187,000","-1,266,000","-2,987,000","1,980,000","7,792,000","19,062,000","1,671,000","9,089,000","2,751,000","776,000","3,825,000","7,285,000","8,273,000","5,572,000","6,593,000","9,631,000","11,228,000","10,171,000","11,460,000","6,169,000","6,911,000","3,480,000","8,311,000","2,656,000","4,399,000","9,289,000","-10,028,000","-1,105,000","1,370,000","14,598,000","13,465,000","12,154,000","15,149,000","13,301,000","13,146,000","8,956,000","11,379,000","5,371,000","8,636,000","9,159,000","10,220,000","8,395,000","9,150,000","8,357,000","9,110,000","5,305,000","4,428,000","4,660,000","283,000","5,350,000","5,482,000","4,025,000","1,067,000","4,518,000","4,548,000","2,270,000","2,680,000","10,343,000","990,000","2,116,000","2,968,000","-96,000","7,226,000","13,430,000","14,130,000","13,856,000","12,320,000","11,376,000","9,802,000","9,399,000","8,318,000","6,419,000","6,562,000","5,538,000","5,591,000","4,770,000","4,806,000","3,891,000","4,319,000","3,600,000","3,628,000","2,819,000","3,598,000","2,513,000","2,938,000","2,806,000","2,562,000","1,633,000","1,477,000","-1,900,000","2,600,000","1,600,000","2,400,000","500,000","2,100,000","1,600,000","2,800,000","2,600,000","2,700,000","1,600,000","2,300,000","2,300,000","4,000,000","4,200,000","4,300,000",,,,,,,,,,,,,,,,
NetIncomeCommonStockholders,"10,918,000","1,643,000","1,221,000","2,788,000","5,266,000","25,031,000","3,182,000","4,598,000","1,439,000","-4,999,000","2,162,000","2,121,000","-266,864,000","32,418,000","2,753,000","-17,452,000","-37,665,000","29,012,000","-18,221,000","5,226,000","-98,764,000","22,511,000","5,074,000","4,965,000","17,402,000","21,166,000","-159,190,000","15,448,000","22,078,000","37,958,000","-64,838,000","24,674,000","35,587,000","50,557,000","41,392,000","36,037,000","58,253,000","-92,983,000","28,435,000","36,343,000","-16,460,000","34,401,000","32,175,000","37,174,000","41,382,000","36,358,000","7,929,000","25,890,000","-16,815,000","21,835,000","7,157,000","11,854,000","16,515,000","-17,635,000","3,244,000","11,598,000","34,243,000","38,635,000","22,239,000","27,427,000","31,352,000","29,582,000","18,919,000","25,102,000","25,235,000","26,787,000","19,298,000","21,268,000","17,176,000","20,750,000","15,819,000","17,506,000","18,306,000","7,466,000","8,758,000","293,000","10,017,000","9,977,000","7,116,000","1,856,000","7,051,000","-11,031,000","4,034,000","-2,635,000","15,514,000","677,000","3,099,000","4,284,000","10,091,000","12,774,000","20,542,000","23,682,000","23,182,000","20,529,000","19,286,000","16,401,000","-12,368,000","14,949,000","11,920,000","12,186,000","11,931,000","11,098,000","9,469,000","9,540,000","9,224,000","9,145,000","7,650,000","7,710,000","7,621,000","7,305,000","-282,000","5,441,000","5,328,000","5,343,000","3,297,000","2,580,000","-11,000,000","3,900,000","2,600,000","3,300,000","200,000","-30,100,000","2,600,000","2,600,000","2,300,000","2,300,000","600,000","2,600,000","5,100,000","5,200,000","4,700,000","4,600,000",,,,,,,,,,,,,,,,
	NetIncome,"10,918,000","1,643,000","1,221,000","2,788,000","5,266,000","25,031,000","3,182,000","4,598,000","1,439,000","-4,999,000","2,162,000","2,121,000","-266,864,000","32,418,000","2,753,000","-17,452,000","-37,665,000","29,012,000","-18,221,000","5,226,000","-98,764,000","22,511,000","5,074,000","4,965,000","17,402,000","21,166,000","-159,190,000","15,448,000","22,078,000","37,958,000","-64,838,000","24,674,000","35,587,000","50,557,000","41,392,000","36,037,000","58,253,000","-92,983,000","28,435,000","36,343,000","-16,460,000","34,401,000","32,175,000","37,174,000","41,382,000","36,358,000","7,929,000","25,890,000","-16,815,000","21,835,000","7,157,000","11,854,000","16,515,000","-17,635,000","3,244,000","11,598,000","34,243,000","38,635,000","22,239,000","27,427,000","31,352,000","29,582,000","18,919,000","25,102,000","25,235,000","26,787,000","19,298,000","21,268,000","17,176,000","20,750,000","15,819,000","17,506,000","18,306,000","7,466,000","8,758,000","293,000","10,017,000","9,977,000","7,116,000","1,856,000","7,051,000","-11,031,000","4,034,000","-2,635,000","15,514,000","677,000","3,099,000","4,284,000","10,091,000","12,774,000","20,542,000","23,682,000","23,182,000","20,529,000","19,286,000","16,401,000","-12,368,000","14,949,000","11,920,000","12,186,000","11,931,000","11,098,000","9,469,000","9,540,000","9,224,000","9,145,000","7,650,000","7,710,000","7,621,000","7,305,000","-282,000","5,441,000","5,328,000","5,343,000","3,297,000","2,580,000","-11,000,000","3,900,000","2,600,000","3,300,000","200,000","-30,100,000","2,600,000","2,600,000","2,300,000","2,300,000","600,000","2,600,000","5,100,000","5,200,000","4,700,000","4,600,000",,,,,,,,,,,,,,,,
		NetIncomeIncludingNoncontrollingInterests,"10,918,000","1,643,000","1,221,000","2,788,000","5,266,000","25,031,000","3,182,000","4,598,000","1,439,000","-4,999,000","2,162,000","2,121,000","-266,864,000","32,418,000","2,753,000","-17,452,000","-37,665,000","29,012,000","-18,221,000","5,226,000","-98,764,000","22,511,000","5,074,000","4,965,000","17,402,000","21,166,000","-159,190,000","15,448,000","22,078,000","37,958,000","-64,838,000","24,674,000","35,587,000","50,557,000","41,392,000","36,037,000","58,253,000","-92,983,000","28,435,000","36,343,000","-16,460,000","34,401,000","32,175,000","37,174,000","41,382,000","36,358,000","7,929,000","25,890,000","-16,815,000","21,835,000","7,157,000","11,854,000","26,639,000","-17,599,000","3,234,000","11,593,000","34,241,000","38,672,000","22,232,000","27,421,000","31,306,000","29,593,000","18,921,000","25,092,000","25,191,000","26,760,000","19,286,000","21,226,000","17,140,000","20,516,000","15,590,000","17,450,000","18,422,000","7,405,000","8,729,000","526,000","9,894,000","10,047,000","7,313,000","1,939,000","7,051,000","-11,031,000","4,034,000","-2,635,000","15,514,000","677,000","3,099,000","4,284,000","10,091,000","12,774,000","20,542,000","23,682,000","23,182,000","20,529,000","19,286,000","16,401,000","-12,368,000","14,949,000","11,920,000","12,186,000","11,931,000","11,098,000","9,469,000","9,540,000","9,224,000","9,145,000","7,650,000","7,710,000","7,621,000","7,305,000","-282,000","5,441,000","5,328,000","5,343,000","3,297,000","2,580,000","-11,000,000","3,900,000","2,600,000","3,300,000","200,000","-30,100,000","2,600,000","2,600,000","2,300,000","2,300,000","600,000","2,600,000","5,100,000","5,200,000","4,700,000","4,600,000","4,600,000","6,700,000","4,400,000","4,200,000","4,300,000","4,200,000","3,200,000","2,700,000","-5,900,000","1,700,000","1,300,000","1,300,000","1,000,000","1,000,000","1,000,000","1,000,000"
			NetIncomeContinuousOperations,"15,916,000","4,061,000","2,121,000","3,185,000","6,549,000","25,257,000","3,584,000","4,822,000","197,000","-4,930,000","3,918,000","6,372,000","-9,652,000","32,418,000","2,753,000","-17,452,000","-37,665,000","29,012,000","-18,221,000","5,226,000","-98,764,000","22,511,000","5,074,000","4,965,000","17,402,000","21,166,000","-159,190,000","15,448,000","22,078,000","37,958,000","-64,838,000","24,674,000","35,587,000","50,557,000","22,304,000","33,005,000","45,115,000","46,077,000","28,435,000","36,343,000","-16,460,000","34,401,000","32,175,000","37,174,000","37,333,000","38,360,000","22,142,000","26,661,000","29,510,000","21,835,000","7,157,000","11,854,000","26,622,000","-17,599,000","3,244,000","11,598,000","34,243,000","38,635,000","22,239,000","27,427,000","31,352,000","29,582,000","18,919,000","25,102,000","25,235,000","26,787,000","19,298,000","21,268,000","17,176,000","20,750,000","15,819,000","17,506,000","7,373,000","7,466,000","8,758,000","293,000","10,017,000","9,977,000","7,116,000","1,856,000","8,390,000","8,263,000","4,034,000","4,565,000","15,514,000","1,458,000","3,099,000","4,284,000","-6,907,000","11,576,000","22,625,000","23,682,000","23,182,000","20,529,000","19,286,000","16,401,000","-12,368,000","14,949,000","11,920,000","12,186,000","11,931,000","11,098,000","9,469,000","9,540,000","9,224,000","9,145,000","7,650,000","7,710,000","7,621,000","7,305,000","4,638,000","5,441,000","5,328,000","5,343,000","3,297,000","2,580,000","-1,200,000","3,900,000","2,600,000","3,300,000","500,000","3,600,000","2,600,000","2,600,000","2,300,000","2,300,000","600,000","2,600,000","5,100,000","5,200,000","4,700,000","4,600,000","4,600,000","6,700,000","4,400,000","4,200,000","4,300,000","4,200,000","3,200,000","2,700,000","2,200,000","1,700,000","1,300,000","1,300,000","2,800,000","1,000,000","1,000,000","1,000,000"
			NetIncomeDiscontinuousOperations,"-4,998,000","-2,418,000","-900,000","-397,000","-1,283,000","-226,000","-402,000","-224,000","1,242,000","-69,000","-1,756,000","-4,251,000","-266,300,000","5,560,000",,,,,,,,,,,,,,,"0","0","0","0","0","0","19,088,000","3,032,000","13,138,000","-139,060,000",,,"0","0","0","0","4,049,000","-2,002,000","-14,213,000","-771,000","-46,325,000","0","0","0",,,,,,,,,,,,,,,,,,,,,,,,,,,,,"0","-10,000,000",,,"0","-781,000",,,"-33,647,000","13,384,000",,,,,,,,,,,,,,,,,,,,,,,"0",,,,,,,,"-300,000","-33,700,000",,,,,,,,,,,,,,,,,,,,,,,,,,
			NetIncomeExtraordinary,,,,,,,,,,,,,,,,,,,,,,,,,,,,,,,,,,,,,,,,,,,,,,,,,,,,,,,,,,,,,,,,,,,,,,,,,,,,,,,,,"0",,,"-7,200,000",,,,,,,,,,,,,,,,,,,,,,,,,,,,,,,,,,,,,,,,,,,,,,,,,,,,,,,,,,,,,,,,
			NetIncomeFromTaxLossCarryforward,,,,,,,,,,,,,,,,,,,,,,,,,,,,,,,,,,,,,,,,,,,,,,,,,,,,,,,,,,,,,,,,,,,,,,,,,,,,,,,,,"-1,339,000","-9,294,000",,,,,,,"50,645,000","-12,186,000","-2,083,000",,,,,,,,,,,,,,,,,,"0",,"-4,920,000",,,,,,,,,,,,,,,,,,,,,,,,,,,,,,,,,,,,,
		MinorityInterests,,,,,,,,,,,,,,,,,,,,,,,,,,,,,,,,,,,,,,,,,,,,,,,,,,,,,"4,000","-36,000","10,000","5,000","2,000","-37,000","7,000","6,000","46,000","-11,000","-2,000","10,000","44,000","27,000","12,000","42,000","36,000","234,000","229,000","56,000","-116,000","61,000","29,000","-233,000","123,000","-70,000","-197,000","-83,000",,,,,,,,,,,,,,,,,,,,,,,,,,,,,,,,,,,,,,,,,,,,,,,,,,,,,,,,,,,,,,,,,,,,
DilutedNIAvailtoComStockholders,"10,918,000","1,643,000","1,221,000","2,788,000","5,266,000","25,031,000","3,182,000","4,598,000","1,439,000","-4,999,000","2,162,000","2,121,000","-266,864,000","32,418,000","2,753,000","-17,452,000","-37,665,000","29,012,000","-18,221,000","5,226,000","-98,764,000","22,511,000","5,074,000","4,965,000","17,402,000","21,166,000","-159,190,000","15,448,000","22,078,000","37,958,000","-64,838,000","24,674,000","35,587,000","50,557,000","41,392,000","36,037,000","58,253,000","-92,983,000","28,435,000","36,343,000","-16,460,000","34,401,000","32,175,000","37,174,000","41,382,000","36,358,000","7,929,000","25,890,000","-16,815,000","21,835,000","7,157,000","11,854,000","16,515,000","-17,635,000","3,244,000","11,598,000","34,243,000","38,635,000","22,239,000","27,427,000","31,352,000","29,582,000","18,919,000","25,102,000","25,235,000","26,787,000","19,298,000","21,268,000","17,176,000","20,750,000","15,819,000","17,506,000","18,306,000","7,466,000","8,758,000","293,000","10,017,000","9,977,000","7,116,000","1,856,000","7,051,000","-11,031,000","4,034,000","-2,635,000","15,514,000","677,000","3,099,000","4,284,000","10,091,000","12,774,000","20,542,000","23,682,000","23,182,000","20,529,000","19,286,000","16,401,000","-12,368,000","14,949,000","11,920,000","12,186,000","11,931,000","11,098,000","9,469,000","9,540,000","9,224,000","9,145,000","7,650,000","7,710,000","7,621,000","7,305,000","-282,000","5,441,000","5,328,000","5,343,000","3,297,000","2,580,000","-11,000,000","3,900,000","2,600,000","3,300,000","200,000","-30,100,000","2,600,000","2,600,000","2,300,000","2,300,000","600,000","2,600,000","5,100,000","5,200,000","4,700,000","4,600,000",,,,,,,,,,,,,,,,
BasicEPS,,"0.03","0.02","0.05","0.09","0.42","0.05","0.08","0.02","-0.08","0.04","0.04","-4.38","0.53","0.04","-0.29","-0.62","0.48","-0.3","0.09","-1.65","0.38","0.09","0.08","0.3","0.36","-2.7","0.26","0.37","0.64","-1.05","0.38","0.52","0.72","0.57","0.49","0.8","-1.27","0.39","0.5","-0.23","0.48","0.47","0.54",,"0.53","0.12","0.38",,"0.32","0.11","0.18",,"-0.31","0.06","0.21",,"0.69","0.4","0.49",,"0.54","0.345","0.46",,"0.495","0.355","0.395",,"0.385","0.305","0.365",,"0.155","0.185","0.005",,"0.213","0.153","0.04",,"-0.238","0.115","-0.083",,"0.023","0.098","0.138",,"0.413","0.663","0.763",,"0.663","0.625","0.525",,"0.675","0.538","0.519",,"0.481","0.413","0.419",,"0.408","0.344","0.344",,"0.333","-0.013","0.25",,"0.25","0.158","0.125",,"0.188","0.125","0.163",,"-1.438","0.125","0.125",,"0.113","0.038","0.125",,"0.25","0.225","0.225",,"0.325","0.213","0.2",,"0.213","0.163","0.138",,"0.035","0.027","0.027",,"0.188","0.188","0.188"
DilutedEPS,,"0.03","0.02","0.05","0.09","0.41","0.05","0.08","0.02","-0.08","0.04","0.03","-4.38","0.52","0.04","-0.29","-0.62","0.48","-0.3","0.09","-1.65","0.37","0.08","0.08","0.29","0.36","-2.7","0.26","0.37","0.63","-1.05","0.38","0.51","0.7","0.56","0.48","0.78","-1.27","0.38","0.49","-0.23","0.45","0.43","0.5",,"0.49","0.11","0.35",,"0.3","0.1","0.17",,"-0.31","0.06","0.19",,"0.6","0.35","0.43",,"0.475","0.31","0.405",,"0.43","0.315","0.35",,"0.34","0.27","0.355",,"0.15","0.175","0.005",,"0.205","0.145","0.038",,"-0.238","0.11","-0.083",,"0.02","0.093","0.125",,"0.4","0.638","0.738",,"0.638","0.6","0.513",,"0.675","0.5","0.519",,"0.481","0.413","0.419",,"0.408","0.344","0.344",,"0.325","-0.013","0.25",,"0.25","0.158","0.125",,"0.188","0.125","0.163",,"-1.438","0.125","0.125",,"0.113","0.038","0.125",,"0.25","0.225","0.225",,"0.325","0.213","0.2",,"0.213","0.163","0.138",,"0.035","0.027","0.027",,"0.188","0.188","0.188"
BasicAverageShares,,"60,227,000","60,387,000","60,261,000","60,205,000","60,144,000","59,938,000","59,811,000","59,773,000","59,826,000","60,130,000","60,081,000","60,907,000","61,422,000","61,243,000","61,031,000","60,893,000","60,683,000","60,318,000","59,871,000","59,726,000","59,675,000","59,368,000","58,972,000","58,938,000","58,923,000","58,991,000","59,187,000","59,314,000","59,617,000","61,759,000","64,357,000","68,025,000","70,432,000","72,227,000","73,085,000","73,048,000","73,133,000","72,946,000","72,791,000","72,846,000","71,083,000","68,064,000","68,421,000",,"68,354,000","68,270,000","68,000,000",,"67,642,000","67,595,000","67,542,000",,"56,252,000","56,170,000","56,022,000",,"55,874,000","55,815,000","55,609,000",,"54,684,000","54,654,000","54,600,000",,"54,300,000","54,168,000","54,074,000",,"53,912,000","52,206,000","47,754,000",,"47,406,000","47,202,000","47,078,000",,"46,760,000","46,564,000","46,412,000",,"46,348,000","34,892,000","32,092,000",,"31,792,000","31,736,000","31,708,800",,"31,275,200","31,241,600","31,193,600",,"31,128,000","31,028,000","30,920,000",,"22,328,000","22,220,000","23,440,000",,"23,048,000","22,952,000","22,696,000",,"22,392,000","22,316,000","22,388,000",,"22,024,000","21,860,000","21,796,000",,"21,400,000","21,072,000","21,024,000",,"20,800,000","20,800,000","20,307,692",,"20,939,130","20,800,000","20,800,000",,"20,444,444","16,000,000","20,800,000",,"20,800,000","20,888,889","20,444,444",,"20,275,200","20,275,200","20,201,600",,"19,971,200","20,534,400","20,486,400",,"15,830,400","15,830,400","15,830,400",,"15,830,400","15,830,400","15,830,400"
DilutedAverageShares,,"60,610,000","60,689,000","60,621,000","60,678,000","60,574,000","60,269,000","60,092,000","60,004,000","59,826,000","60,513,000","60,601,000","60,907,000","61,840,000","61,607,000","61,031,000","60,893,000","61,064,000","60,318,000","60,609,000","59,726,000","60,402,000","60,146,000","59,616,000","59,598,000","59,589,000","58,991,000","59,713,000","59,897,000","60,243,000","61,759,000","65,599,000","69,391,000","71,770,000","73,773,000","75,011,000","74,845,000","74,787,000","74,416,000","74,271,000","72,846,000","75,371,000","75,105,000","75,142,000",,"75,571,000","75,495,000","74,876,000",,"74,389,000","74,068,000","74,012,000",,"56,252,000","64,256,000","64,395,000",,"64,945,000","64,716,000","64,654,000",,"63,622,000","63,480,000","63,434,000",,"63,434,000","63,136,000","62,906,000",,"62,876,000","61,284,000","49,208,000",,"49,028,000","49,824,000","49,454,000",,"48,696,000","48,932,000","48,792,000",,"48,944,000","37,072,000","33,820,000",,"32,940,000","33,156,000","33,449,600",,"32,187,200","32,299,200","32,249,600",,"32,104,000","32,332,000","32,064,000",,"23,632,000","23,552,000","23,440,000",,"23,048,000","22,952,000","22,780,000",,"22,392,000","22,316,000","22,388,000",,"22,024,000","21,860,000","21,796,000",,"21,400,000","21,072,000","21,024,000",,"20,800,000","20,800,000","20,307,692",,"20,939,130","20,800,000","20,800,000",,"20,444,444","16,000,000","20,800,000",,"20,800,000","20,888,889","20,444,444",,"20,275,200","20,275,200","20,201,600",,"19,971,200","20,534,400","20,486,400",,"15,830,400","15,830,400","15,830,400",,"15,830,400","15,830,400","15,830,400"
TotalOperatingIncomeAsReported,"31,123,000","6,643,000","4,484,000","6,407,000","13,589,000","22,747,000","5,707,000","9,069,000","3,243,000","-1,998,000","8,567,000","14,369,000","-6,881,000","47,360,000","16,354,000","-9,318,000","-38,649,000","32,585,000","9,589,000","14,673,000","-99,239,000","27,332,000","13,199,000","8,471,000","18,184,000","28,343,000","-172,115,000","25,371,000","28,781,000","43,002,000","-56,447,000","38,218,000","61,700,000","58,780,000","38,981,000","43,647,000","52,758,000","57,042,000","41,944,000","51,302,000","-4,459,000","67,664,000","49,456,000","57,281,000","56,951,000","58,001,000","37,046,000","41,572,000","40,522,000","38,626,000","17,530,000","25,095,000","46,609,000","-17,819,000","11,998,000","24,664,000","56,314,000","61,528,000","42,748,000","50,760,000","52,573,000","52,473,000","36,899,000","43,529,000","38,160,000","42,840,000","34,854,000","38,211,000","32,281,000","35,037,000","27,894,000","27,279,000","24,267,000","25,178,000","20,172,000","20,722,000","19,175,000","19,393,000","16,029,000","18,188,000","18,959,000","19,668,000","15,011,000","17,494,000","18,942,000","16,336,000","17,909,000","18,761,000","2,661,000","28,361,000","48,641,000","54,287,000","54,603,000","49,820,000","45,186,000","40,095,000","421,000","29,036,000","23,353,000","23,009,000","19,792,000","19,363,000","18,621,000","18,403,000","16,784,000","16,574,000","13,864,000","14,225,000","13,326,000","14,258,000","12,164,000","12,479,000","12,551,000","12,194,000","8,981,000","7,893,000","200,000","10,400,000","8,300,000","9,500,000","6,100,000","10,500,000","9,700,000","11,200,000","10,700,000","11,300,000","8,600,000","12,200,000","13,600,000","16,000,000","15,700,000","14,600,000",,,,,,,,,,,,,,,,
TotalExpenses,"521,876,000","144,734,000","129,167,000","121,759,000","126,217,000","118,831,000","113,897,000","110,012,000","106,715,000","102,872,000","123,658,000","131,689,000","-190,729,000","257,388,000","248,607,000","264,993,000","269,227,000","283,341,000","259,139,000","267,653,000","256,160,000","267,711,000","243,569,000","246,590,000","249,380,000","273,502,000","245,311,000","275,260,000","271,603,000","277,098,000","273,099,000","289,547,000","306,144,000","319,407,000","288,789,000","295,909,000","274,502,000","287,163,000","328,426,000","325,946,000","344,483,000","361,551,000","328,568,000","335,518,000","345,857,000","333,914,000","293,652,000","276,387,000","184,632,000","293,742,000","268,239,000","276,524,000","243,460,000","264,577,000","284,532,000","355,316,000","348,201,000","383,128,000","351,929,000","358,862,000","336,006,000","332,183,000","300,345,000","299,454,000","281,531,000","273,822,000","241,165,000","245,665,000","237,108,000","236,696,000","207,373,000","172,398,000","163,497,000","171,303,000","155,850,000","145,862,000","129,072,000","127,796,000","126,070,000","129,670,000","102,408,000","100,341,000","93,423,000","95,646,000","120,576,000","105,859,000","95,426,000","98,759,000","125,387,000","149,204,000","409,049,000","407,880,000","398,320,000","390,685,000","376,769,000","395,565,000","533,207,000","212,617,000","193,792,000","185,680,000","168,419,000","154,476,000","138,549,000","134,693,000","130,512,000","130,995,000","123,216,000","125,045,000","124,079,000","125,095,000","112,337,000","113,320,000","104,292,000","102,134,000","92,888,000","83,204,000","89,600,000","82,200,000","78,100,000","82,200,000","85,500,000","82,100,000","95,400,000","97,600,000","91,800,000","97,900,000","99,800,000","101,700,000","97,500,000","97,600,000","94,300,000","96,100,000",,,,,,,,,,,,,,,,
NetIncomeFromContinuingAndDiscontinuedOperation,"10,918,000","1,643,000","1,221,000","2,788,000","5,266,000","25,031,000","3,182,000","4,598,000","1,439,000","-4,999,000","2,162,000","2,121,000","-266,864,000","32,418,000","2,753,000","-17,452,000","-37,665,000","29,012,000","-18,221,000","5,226,000","-98,764,000","22,511,000","5,074,000","4,965,000","17,402,000","21,166,000","-159,190,000","15,448,000","22,078,000","37,958,000","-64,838,000","24,674,000","35,587,000","50,557,000","41,392,000","36,037,000","58,253,000","-92,983,000","28,435,000","36,343,000","-16,460,000","34,401,000","32,175,000","37,174,000","41,382,000","36,358,000","7,929,000","25,890,000","-16,815,000","21,835,000","7,157,000","11,854,000","6,370,000","-17,635,000","3,244,000","11,598,000","34,243,000","38,635,000","22,239,000","27,427,000","31,352,000","29,582,000","18,919,000","25,102,000","25,235,000","26,787,000","19,298,000","21,268,000","17,176,000","20,750,000","15,819,000","17,506,000","18,306,000","7,466,000","8,758,000","293,000","10,017,000","9,977,000","7,116,000","1,856,000","8,390,000","-1,737,000","4,034,000","4,565,000","15,514,000","677,000","3,099,000","4,284,000","-40,554,000","24,960,000","22,625,000","23,682,000","23,182,000","20,529,000","19,286,000","16,401,000","-12,368,000","14,949,000","11,920,000","12,186,000","11,931,000","11,098,000","9,469,000","9,540,000","9,224,000","9,145,000","7,650,000","7,710,000","7,621,000","7,305,000","4,638,000","5,441,000","5,328,000","5,343,000","3,297,000","2,580,000","-6,600,000","3,900,000","2,600,000","3,300,000","200,000","-30,100,000","2,600,000","2,600,000","2,300,000","2,300,000","600,000","2,600,000","5,100,000","5,200,000","4,700,000","4,600,000",,,,,,,,,,,,,,,,
NormalizedIncome,"23,069,306.014","4,447,199","3,928,124","4,939,417","10,652,330","26,403,830","4,634,000","5,059,669","1,215,350","-4,001,380","4,880,469","6,907,920","-15,540,811.71","24,680,688","7,823,580","19,256,576","20,148,085.051","29,866,100","-13,521,990","10,297,185","9,436,851.69","22,741,400","7,095,162","11,404,200","22,325,000","23,263,600","9,612,584","19,284,880","22,078,000","37,958,000","-14,226,200","24,674,000","35,587,000","50,557,000","22,304,000","33,005,000","45,115,000","46,077,000","28,435,000","36,343,000","23,963,500","36,586,202.81","32,043,393.891","37,678,593.157","38,587,283.176","39,278,576.475","22,530,703.119","27,376,523.68","29,279,215.52","23,936,218.57","13,258,646.999","14,682,389.344","1,582,147.1","10,166,540.413","5,264,850","34,867,171.257","33,253,047.462","38,784,089.361","25,007,493.689","30,268,297.416","31,510,610.891","30,339,498.818","21,993,654.016","25,251,295.714","29,601,923.565","27,285,215.618","19,518,353.313","25,363,215.353","17,578,741.335","21,050,831.255","15,845,040.84","17,978,385.166","12,822,200","14,002,400.321","13,180,197.849","13,240,142.151","9,233,571.952","9,127,511.237","10,141,690.863","11,649,046.574","8,350,350.945","8,226,235.423","3,329,457.805","11,022,789.51","4,402,000","3,578,400","3,198,000","3,406,800","6,127,829.644","12,050,688.65","25,167,057.274","22,862,161.377","23,226,438.739","20,507,126.731","18,679,027.526","21,293,822.081","-474,200","14,851,982.808","11,719,155.897","12,260,098.784","11,441,302.421","10,786,120.199","9,062,017.206","9,583,889.586","9,261,979.108","9,170,131.09","7,363,720","7,778,001.411","7,653,119.157","7,463,119.784","5,424,728.29","5,571,521.661","5,466,210.966","5,407,210.626","3,357,188.641","2,606,073.453","-1,140,000","4,680,000","3,404,761.905","3,660,000","1,580,000","4,547,368.421","3,528,571.429","3,740,000","3,200,000","3,500,000","1,680,000","4,100,000","5,789,189.189","6,340,000","5,540,000","5,200,000",,,,,,,,,,,,,,,,
InterestExpense,"3,539,000","951,000","755,000","961,000","871,000","1,340,000","1,338,000","1,716,000","3,307,000","4,552,000","4,630,000","6,729,000","6,460,000","7,255,000","7,153,000","7,295,000","8,617,000","7,756,000","7,604,000","7,514,000","7,683,000","7,553,000","7,334,000","7,132,000","7,532,000","7,253,000","6,866,000","7,117,000","7,374,000","7,462,000","7,030,000","6,191,000","6,101,000","5,932,000","6,262,000","6,750,000","6,026,000","6,229,000","6,260,000","6,322,000","-10,549,000","24,066,000","7,821,000","8,222,000",,"7,850,000","8,238,000","7,552,000",,"7,780,000","7,798,000","8,538,000","10,685,000","9,026,000",,,,,,,,,,,,,,,,,,,,,,,,,,,,,,,,,,,,,,,,,,,,,,,,,,,,,,,,,,,,,,,,,,,,,,,,,,,,,,,,,,,,,,,,,,,,,,
NetInterestIncome,"-3,539,000","-951,000","-755,000","-961,000","-871,000","-1,340,000","-1,338,000","-1,716,000","-3,307,000","-4,552,000","-4,630,000","-6,729,000","-6,460,000","-7,255,000","-7,153,000","-7,295,000","-8,617,000","-7,756,000","-7,604,000","-7,514,000","-7,684,000","-7,553,000","-7,334,000","-7,132,000","-7,532,000","-7,253,000","-6,866,000","-7,117,000","-7,374,000","-7,462,000","-7,030,000","-6,191,000","-6,101,000","-5,932,000","-6,262,000","-6,750,000","-6,026,000","-6,229,000","-6,260,000","-6,322,000","-6,281,000","-24,066,000","-7,821,000","-8,222,000","-8,479,000","-7,850,000","-8,238,000","-7,552,000","55,974,000","-7,780,000","-7,798,000","-8,538,000","-10,685,000","-9,026,000",,,,,,,,,,,,,,,,,,,,,,,,,,,,,,,,,,,,,,,,,,,,,,,,,,,,,,,,,,,,,,,,,,,,,,,,,,,,,,,,,,,,,,,,,,,,,,
EBIT,"29,845,000","6,389,000","4,213,000","5,927,000","13,315,000","22,207,000","4,923,000","8,796,000","4,447,000","-785,000","9,354,000","14,051,000","-5,564,000","46,982,000","15,698,000","-10,229,000","-37,520,000","32,773,000","9,222,000","21,302,000","-115,208,000","27,716,000","15,300,000","9,099,000","18,430,000","27,592,000","-172,350,000","29,751,000","28,186,000","42,433,000","-55,828,000","38,657,000","60,750,000","58,160,000","37,655,000","42,506,000","51,917,000","56,131,000","41,944,000","50,938,000","-21,437,000","65,060,000","49,627,000","56,624,000","53,112,000","58,863,000","36,549,000","41,124,000","57,042,000","37,926,000","17,611,000","24,791,000","46,613,000","-18,601,000","15,142,000","24,664,000","56,314,000","61,528,000","47,700,000","56,281,000","53,649,000","52,907,000","40,675,000","43,529,000","43,070,000","42,840,000","34,854,000","38,211,000","32,281,000","35,037,000","27,894,000","27,279,000","24,267,000","25,178,000","20,172,000","20,722,000","19,175,000","19,393,000","16,029,000","18,188,000","18,959,000","19,668,000","15,011,000","17,494,000","6,573,000","18,076,000","17,909,000","18,761,000","10,600,000","29,323,000","52,128,000","54,287,000","54,603,000","49,820,000","45,186,000","40,095,000","29,995,000","29,036,000","23,353,000","23,009,000","19,792,000","19,363,000","18,621,000","18,403,000","16,784,000","16,574,000","13,864,000","14,225,000","13,326,000","14,258,000","12,164,000","12,479,000","12,551,000","9,194,000","8,981,000","7,893,000","200,000","10,400,000","8,300,000","9,500,000","6,100,000","10,500,000","9,700,000","11,200,000","10,700,000","11,300,000","8,600,000","12,200,000","13,600,000","16,000,000","15,700,000","14,600,000","-125,300,000","56,900,000","53,600,000","51,400,000","-103,500,000","49,800,000","41,200,000","37,600,000","-81,100,000","35,700,000","17,500,000","40,600,000","-113,800,000","41,000,000","41,000,000","41,000,000"
EBITDA,"50,001,000"
ReconciledCostOfRevenue,"294,264,000","76,818,000","73,512,000","68,107,000","75,828,000","72,891,000","62,506,000","60,844,000","63,697,000","56,789,000","68,136,000","75,079,000","-183,203,000","178,513,000","170,411,000","182,911,000","188,426,000","195,356,000","180,342,000","183,085,000","173,433,000","187,023,000","165,883,000","167,092,000","173,527,000","192,021,000","165,753,000","189,877,000","186,807,000","194,234,000","184,099,000","193,367,000","205,005,000","220,940,000","193,788,000","197,787,000","192,045,000","198,948,000","224,000,000","223,667,000","241,472,000","256,906,000","230,735,000","233,869,000","241,223,000","232,651,000","199,674,000","190,347,000","122,370,000","206,125,000","183,062,000","191,841,000","169,618,000","186,648,000","196,806,000","239,798,000","251,418,000","283,273,000","258,675,000","266,649,000","250,181,000","248,846,000","224,208,000","223,932,000","210,517,000","205,602,000","179,651,000","179,301,000","173,064,000","179,839,000","156,092,000","132,098,000","123,503,000","131,010,000","117,092,000","108,205,000","95,673,000","95,237,000","92,014,000","98,200,000","75,592,000","75,465,000","68,530,000","72,087,000","79,349,000","78,135,000","69,871,000","72,996,000","84,962,000","137,919,000","309,910,000","310,024,000","301,417,000","289,890,000","281,667,000","286,564,000","391,735,000","151,211,000","135,204,000","130,349,000","117,253,000","104,815,000","92,282,000","88,221,000","84,513,000","87,840,000","81,064,000","80,842,000","81,074,000","81,988,000","73,335,000","74,137,000","68,765,000","65,123,000","59,665,000","54,328,000","51,900,000","52,900,000","49,800,000","53,100,000","56,600,000","56,500,000","61,000,000","61,800,000","58,700,000","62,000,000","62,400,000","64,200,000","59,900,000","62,000,000","59,400,000","62,300,000",,,,,,,,,,,,,,,,
ReconciledDepreciation,"20,156,000","4,821,000","4,987,000","5,175,000","5,173,000","5,472,000","5,508,000","5,458,000","5,347,000","5,317,000","5,277,000","4,779,000","-5,387,000","9,263,000","7,451,000","8,890,000","9,907,000","10,415,000","10,295,000","10,090,000","10,848,000","10,637,000","10,729,000","10,896,000","11,558,000","11,361,000","12,386,000","12,472,000","13,004,000","13,295,000","13,232,000","13,708,000","13,701,000","14,969,000","15,761,000","16,204,000","11,112,000","13,892,000","14,449,000","14,449,000","14,071,000","13,582,000","13,070,000","13,540,000","14,853,000","12,959,000","12,883,000","12,301,000","12,796,000","12,064,000","14,828,000","12,187,000","13,480,000","12,754,000","12,997,000","12,747,000","11,783,000","11,434,000","10,575,000","10,917,000","11,336,000","9,565,000","9,227,000","8,259,000","8,232,000","7,049,000","7,081,000","6,882,000","6,537,000","6,807,000","6,031,000","4,343,000","4,640,000","4,350,000","4,722,000","4,308,000","4,305,000","3,679,000","4,189,000","4,383,000","3,664,000","3,568,000","3,834,000","3,632,000","6,546,000","4,319,000","3,857,000","4,193,000","4,326,000","-23,476,000","21,292,000","20,408,000","17,606,000","19,459,000","20,866,000","18,759,000","21,824,000","9,421,000","8,664,000","7,661,000","5,491,000","6,183,000","6,254,000","5,735,000","5,293,000","5,380,000","5,338,000","5,067,000","4,707,000","4,340,000","4,758,000","4,651,000","4,673,000","4,908,000","5,811,000","4,014,000","4,600,000","3,700,000","3,900,000","3,600,000","3,700,000","1,600,000","4,700,000","4,800,000","4,900,000","4,700,000","5,100,000","5,200,000","5,900,000","4,700,000","5,100,000","4,200,000",,,,,,,,,,,,,,,,
NetIncomeFromContinuingOperationNetMinorityInterest,"15,916,000","4,061,000","2,121,000","3,185,000","6,549,000","25,257,000","3,584,000","4,822,000","197,000","-4,930,000","3,918,000","6,372,000","-9,652,000","32,418,000","2,753,000","-17,452,000","-37,665,000","29,012,000","-18,221,000","5,226,000","-98,764,000","22,511,000","5,074,000","4,965,000","17,402,000","21,166,000","-159,190,000","15,448,000","22,078,000","37,958,000","-64,838,000","24,674,000","35,587,000","50,557,000","22,304,000","33,005,000","45,115,000","46,077,000","28,435,000","36,343,000","-16,460,000","34,401,000","32,175,000","37,174,000","37,333,000","38,360,000","22,142,000","26,661,000","29,510,000","21,835,000","7,157,000","11,854,000","16,498,000","-17,635,000","3,244,000","11,598,000","34,243,000","38,635,000","22,239,000","27,427,000","31,352,000","29,582,000","18,919,000","25,102,000","25,235,000","26,787,000","19,298,000","21,268,000","17,176,000","20,750,000","15,819,000","17,506,000","7,373,000","7,466,000","8,758,000","293,000","10,017,000","9,977,000","7,116,000","1,856,000","8,390,000","8,263,000","4,034,000","4,565,000","15,514,000","1,458,000","3,099,000","4,284,000","-6,907,000","11,576,000","22,625,000","23,682,000","23,182,000","20,529,000","19,286,000","16,401,000","-12,368,000","14,949,000","11,920,000","12,186,000","11,931,000","11,098,000","9,469,000","9,540,000","9,224,000","9,145,000","7,650,000","7,710,000","7,621,000","7,305,000","4,638,000","5,441,000","5,328,000","5,343,000","3,297,000","2,580,000","-1,200,000","3,900,000","2,600,000","3,300,000","500,000","3,600,000","2,600,000","2,600,000","2,300,000","2,300,000","600,000","2,600,000","5,100,000","5,200,000","4,700,000","4,600,000",,,,,,,,,,,,,,,,
TotalUnusualItemsExcludingGoodwill,"-11,823,000","-517,000","-2,948,000","-2,737,000","-5,621,000","-1,571,000","-1,050,000","-349,000","-1,395,000","-1,005,000","-1,161,000","-616,000","7,336,000","9,482,000","-6,946,000","-36,856,000","-70,817,000","-1,170,000","-6,437,000","-6,629,000","-118,774,000","-384,000","-2,101,000","-10,732,000","-8,205,000","-3,496,000","-190,093,000","-4,380,000","0","0","-84,353,000",,"13,495,000",,,,,,,,"-62,190,000","-2,604,000","171,000","-657,000","-1,596,000","-1,193,000","-497,000","-901,000","258,000","-2,901,000","-8,366,000","-3,878,000","20,117,000","-43,643,000","-3,109,000","-26,019,000","1,412,000","-201,000","-4,282,000","-4,411,000","-226,000","-1,094,000","-4,530,000","-217,000","-5,298,000","-659,000","-325,000","-6,067,000","-600,000","-435,000","-40,000","-719,000","-9,082,000","-10,445,000","-6,783,000","-19,913,000","1,217,000","1,313,000","-4,691,000","-15,182,000","61,000","57,000","1,101,000","-10,249,000","18,520,000","-3,534,000","-165,000","1,462,000","-13,216,000","-771,000","-4,051,000","1,309,000","-71,000","35,000","965,000","-7,817,000","-19,823,000","151,000","309,000","-114,000","717,000","469,000","612,000","-66,000","-54,000","-37,000","421,000","-100,000","-44,000","-236,000","-1,213,000","-201,000","-211,000","-95,000","-90,000","-41,000","-100,000","-1,300,000","-1,300,000","-600,000","-1,800,000","-1,500,000","-1,500,000","-1,900,000","-1,500,000","-2,000,000","-1,800,000","-2,500,000","-1,000,000","-1,900,000","-1,400,000","-1,000,000",,,,,,,,,,,,,,,,
TotalUnusualItems,"-11,823,000","-517,000","-2,948,000","-2,737,000","-5,621,000","-1,571,000","-1,050,000","-349,000","-1,395,000","-1,005,000","-1,161,000","-616,000","7,336,000","9,482,000","-6,946,000","-36,856,000","-70,817,000","-1,170,000","-6,437,000","-6,629,000","-118,774,000","-384,000","-2,101,000","-10,732,000","-8,205,000","-3,496,000","-190,093,000","-4,380,000","0","0","-84,353,000",,"13,495,000",,,,,,,,"-62,190,000","-2,604,000","171,000","-657,000","-1,596,000","-1,193,000","-497,000","-901,000","258,000","-2,901,000","-8,366,000","-3,878,000","20,117,000","-43,643,000","-3,109,000","-26,019,000","1,412,000","-201,000","-4,282,000","-4,411,000","-226,000","-1,094,000","-4,530,000","-217,000","-5,298,000","-659,000","-325,000","-6,067,000","-600,000","-435,000","-40,000","-719,000","-9,082,000","-10,445,000","-6,783,000","-19,913,000","1,217,000","1,313,000","-4,691,000","-15,182,000","61,000","57,000","1,101,000","-10,249,000","18,520,000","-3,534,000","-165,000","1,462,000","-13,216,000","-771,000","-4,051,000","1,309,000","-71,000","35,000","965,000","-7,817,000","-19,823,000","151,000","309,000","-114,000","717,000","469,000","612,000","-66,000","-54,000","-37,000","421,000","-100,000","-44,000","-236,000","-1,213,000","-201,000","-211,000","-95,000","-90,000","-41,000","-100,000","-1,300,000","-1,300,000","-600,000","-1,800,000","-1,500,000","-1,500,000","-1,900,000","-1,500,000","-2,000,000","-1,800,000","-2,500,000","-1,000,000","-1,900,000","-1,400,000","-1,000,000",,,,,,,,,,,,,,,,
NormalizedEBITDA,"61,824,000","11,727,000","12,148,000","13,839,000","24,109,000","29,250,000","11,481,000","14,603,000","11,189,000","5,537,000","15,792,000","19,446,000","-16,109,000","46,763,000","30,095,000","35,517,000","43,204,000","44,358,000","25,954,000","38,021,000","14,414,000","38,737,000","28,130,000","30,727,000","38,193,000","42,449,000","30,129,000","46,603,000","41,190,000","55,728,000","41,757,000","52,365,000","74,451,000","73,129,000","53,416,000","58,710,000","63,029,000","70,023,000","56,393,000","65,387,000","54,824,000","81,246,000","62,526,000","70,821,000","69,561,000","73,015,000","49,929,000","54,326,000","69,580,000","52,891,000","40,805,000","40,856,000","39,976,000","37,796,000","31,248,000","63,430,000","66,685,000","73,163,000","62,557,000","71,609,000","65,211,000","63,566,000","54,432,000","52,005,000","56,600,000","50,548,000","42,260,000","51,160,000","39,418,000","42,279,000","33,965,000","32,341,000","37,989,000","39,973,000","31,677,000","44,943,000","22,263,000","21,759,000","24,909,000","37,753,000","22,562,000","23,179,000","17,744,000","31,375,000","-5,401,000","25,929,000","21,931,000","21,492,000","28,142,000","32,040,000","77,471,000","73,386,000","72,280,000","69,244,000","65,087,000","66,671,000","71,642,000","38,306,000","31,708,000","30,784,000","24,566,000","25,077,000","24,263,000","24,204,000","22,131,000","21,991,000","18,781,000","19,392,000","18,077,000","18,834,000","18,135,000","17,331,000","17,435,000","14,197,000","14,882,000","11,948,000","4,900,000","15,600,000","13,500,000","13,700,000","11,600,000","13,600,000","15,900,000","17,900,000","17,100,000","18,000,000","15,600,000","19,900,000","20,500,000","22,600,000","22,200,000","19,800,000","-125,300,000","56,900,000","53,600,000","51,400,000","-103,500,000","49,800,000","41,200,000","37,600,000","-81,100,000","35,700,000","17,500,000","40,600,000","-113,800,000","41,000,000","41,000,000","41,000,000"
TaxRateForCalcs,"0.395","0.253","0.387","0.359","0.27","0.27","0","0.319","0.27","0.076","0.171","0.13","0.197","0.184","0.27","0.004","0.184","0.27","0.27","0.235","0.089","0.4","0.038","0.4","0.4","0.4","0.112","0.124","0.4","0.4","0.4","0.24","0.349","0.032","0.29","0.077","0.017","0.077","0.204","0.185","0.35","0.161","0.23","0.232","0.214","0.23","0.218","0.206","0.105","0.276","0.271","0.271","0.259","0.363","0.35","0.106","0.299","0.258","0.353","0.356","0.298","0.308","0.321","0.312","0.176","0.244","0.322","0.325","0.329","0.308","0.349","0.343","0.4","0.374","0.348","0.35","0.356","0.353","0.355","0.355","0.35","0.355","0.36","0.37","0.4","0.4","0.4","0.4","0.014","0.384","0.372","0.374","0.374","0.375","0.371","0.374","0.4","0.358","0.35","0.35","0.317","0.335","0.335","0.335","0.297","0.321","0.32","0.32","0.27","0.33","0.351","0.351","0.345","0.324","0.331","0.364","0.4","0.4","0.381","0.4","0.4","0.368","0.381","0.4","0.4","0.4","0.4","0.4","0.311","0.4","0.4","0.4",,,,,,,,,,,,,,,,
TaxEffectOfUnusualItems,"-4,669,693.986","-130,801","-1,140,876","-982,583","-1,517,670","-424,170","0","-111,331","-376,650","-76,380","-198,531","-80,080","1,447,188.29","1,744,688","-1,875,420","-147,424","-13,003,914.949","-315,900","-1,737,990","-1,557,815","-10,573,148.31","-153,600","-79,838","-4,292,800","-3,282,000","-1,398,400","-21,290,416","-543,120","0","0","-33,741,200","0","0","0","0","0","0","0","0","0","-21,766,500","-418,797.19","39,393.891","-152,406.843","-341,716.824","-274,423.525","-108,296.881","-185,476.32","27,215.52","-799,781.43","-2,264,353.001","-1,049,610.656","5,201,147.1","-15,841,459.587","-1,088,150","-2,749,828.743","422,047.462","-51,910.639","-1,513,506.311","-1,569,702.584","-67,389.109","-336,501.182","-1,455,345.984","-67,704.286","-931,076.435","-160,784.382","-104,646.687","-1,971,784.647","-197,258.665","-134,168.745","-13,959.16","-246,614.834","-3,632,800","-3,908,599.679","-2,360,802.151","-6,965,857.849","433,571.952","463,511.237","-1,665,309.137","-5,388,953.426","21,350.945","20,235.423","396,457.805","-3,791,210.49","7,408,000","-1,413,600","-66,000","584,800","-181,170.356","-296,311.35","-1,508,942.726","489,161.377","-26,561.261","13,126.731","358,027.526","-2,924,177.919","-7,929,200","53,982.808","108,155.897","-39,901.216","227,302.421","157,120.199","205,017.206","-22,110.414","-16,020.892","-11,868.91","134,720","-31,998.589","-11,880.843","-77,880.216","-426,271.71","-70,478.339","-72,789.034","-30,789.374","-29,811.359","-14,926.547","-40,000","-520,000","-495,238.095","-240,000","-720,000","-552,631.579","-571,428.571","-760,000","-600,000","-800,000","-720,000","-1,000,000","-310,810.811","-760,000","-560,000","-400,000",,,,,,,,,,,,,,,,