name,ttm,03/31/2022,12/31/2021,09/30/2021,06/30/2021,03/31/2021,12/31/2020,09/30/2020,06/30/2020,03/31/2020,12/31/2019,09/30/2019,06/30/2019,03/31/2019,12/31/2018,09/30/2018,06/30/2018,03/31/2018,12/31/2017,09/30/2017,06/30/2017,03/31/2017,12/31/2016,09/30/2016,06/30/2016,03/31/2016,12/31/2015,09/30/2015,06/30/2015,03/31/2015,12/31/2014,09/30/2014,06/30/2014,03/31/2014,12/31/2013,09/30/2013,06/30/2013,03/31/2013,12/31/2012,09/30/2012,06/30/2012,03/31/2012,12/31/2011,09/30/2011,06/30/2011,03/31/2011,12/31/2010,09/30/2010,06/30/2010,03/31/2010,12/31/2009,09/30/2009,06/30/2009,03/31/2009,12/31/2008,09/30/2008,06/30/2008,03/31/2008,12/31/2007,09/30/2007,06/30/2007,03/31/2007,12/31/2006,09/30/2006,06/30/2006,03/31/2006,12/31/2005,09/30/2005,06/30/2005,03/31/2005,12/31/2004,09/30/2004,06/30/2004,03/31/2004,12/31/2003,09/30/2003,06/30/2003,03/31/2003,12/31/2002,09/30/2002,06/30/2002,03/31/2002,12/31/2001,09/30/2001,06/30/2001,03/31/2001,12/31/2000,09/30/2000,06/30/2000,03/31/2000,12/31/1999,09/30/1999,06/30/1999,03/31/1999,12/31/1998,09/30/1998,06/30/1998,03/31/1998,12/31/1997,09/30/1997,06/30/1997,03/31/1997,12/31/1996,09/30/1996,06/30/1996,03/31/1996,12/31/1995,09/30/1995,06/30/1995,03/31/1995,12/31/1994,09/30/1994,06/30/1994,03/31/1994,12/31/1993,09/30/1993,06/30/1993,03/31/1993,12/31/1992,09/30/1992,06/30/1992,03/31/1992,12/31/1991,09/30/1991,06/30/1991,03/31/1991,12/31/1990,09/30/1990,06/30/1990,03/31/1990,12/31/1989,09/30/1989,06/30/1989,03/31/1989,12/31/1988,09/30/1988,06/30/1988,03/31/1988,12/31/1987,09/30/1987,06/30/1987,03/31/1987,12/31/1986,09/30/1986,06/30/1986,03/31/1986
TotalRevenue,"59,837,000","16,686,000","14,395,000","13,881,000","14,875,000","14,851,000","14,708,000","16,485,000","16,265,000","18,820,000","25,995,000","26,735,000","33,368,000","41,752,000","42,925,000","46,873,000","48,636,000","58,588,000","71,623,000","77,798,000","91,599,000","99,551,000","103,546,000","114,632,000","145,367,000","137,135,000","138,934,000","159,208,000","203,694,000","213,055,000","212,808,000","216,595,000","215,194,000","217,260,000","186,329,000","201,741,000","274,766,000","275,048,000","244,811,000","261,661,000","255,374,000","251,246,000","249,352,000","238,790,000","222,181,000","214,362,000","148,645,000","218,035,000","213,966,000","213,626,000","213,483,000","206,587,000","212,729,000","216,923,000","218,406,000","211,689,000","204,273,000","215,164,000","213,748,000","211,217,000","209,995,000","205,050,000","205,763,000","202,542,000","197,957,000","189,559,000","186,066,000","183,372,000","174,289,000","167,319,000","-268,127,000","320,838,000","138,945,000","136,578,000","130,836,000","127,538,000","121,720,000","120,633,000","115,495,000","102,067,000","100,729,000","98,675,000","98,912,000","96,784,000","98,646,000","99,830,000","100,532,000","103,175,000","101,045,000","100,254,000","96,441,000","116,800,000","107,800,000","106,400,000","96,254,000","99,100,000","86,300,000","74,900,000","56,463,000","59,600,000","54,700,000","38,100,000","24,383,000","31,300,000","34,600,000","29,800,000","27,178,000","29,000,000","30,500,000","26,000,000","21,383,000","23,900,000","19,900,000","17,600,000","15,400,000","14,800,000","13,800,000","12,700,000","12,900,000","12,400,000","11,900,000","11,500,000","11,500,000","11,100,000","10,900,000","10,400,000","8,000,000","8,600,000","8,500,000","7,800,000","6,500,000","5,900,000","5,600,000","5,200,000","4,900,000","4,800,000","4,700,000","4,600,000","4,000,000","2,700,000","2,200,000","1,900,000","100,000","100,000","100,000","100,000"
	OperatingRevenue,"56,598,000","15,840,000","13,503,000","13,141,000","14,114,000","14,169,000","14,001,000","15,742,000","15,248,000","17,143,000","23,410,000","23,995,000","30,574,000","38,890,000","31,527,000","34,138,000","35,211,000","43,549,000","54,672,000","61,091,000","74,352,000","80,205,000","84,726,000","92,722,000","121,735,000","109,888,000","113,254,000","125,459,000","163,697,000","167,972,000","173,036,000","174,216,000","172,407,000","172,040,000","8,173,000","201,741,000","274,766,000","275,048,000","244,811,000","261,661,000","255,374,000","251,246,000","249,352,000","238,790,000","222,181,000","214,362,000","148,645,000","218,035,000","213,966,000","213,626,000","213,483,000","206,587,000","212,729,000","216,923,000","218,406,000","211,689,000","204,273,000","215,496,000","212,193,000","214,040,000","210,563,000","205,509,000","205,763,000","203,115,000","198,267,000","189,559,000","197,734,000","187,274,000","182,750,000","170,893,000","-268,127,000","320,838,000","142,676,000","136,578,000","142,534,000","131,424,000","125,373,000","124,921,000","120,914,000","106,851,000","105,072,000","101,969,000","88,762,000","95,578,000","101,984,000","103,142,000","100,532,000","107,266,000","101,045,000","100,254,000","94,100,000","116,800,000","107,800,000","106,400,000","106,200,000","99,100,000","86,300,000","74,900,000","56,463,000","59,600,000","54,700,000","38,100,000","24,383,000","31,300,000","34,600,000","29,800,000","30,300,000","29,000,000","30,500,000","26,000,000","21,400,000","23,900,000","19,900,000","17,600,000","15,400,000","14,800,000","13,800,000","12,700,000","12,900,000","12,400,000","11,900,000","11,500,000","11,500,000","11,100,000","10,900,000","10,400,000","8,000,000","8,600,000","8,500,000","7,800,000","6,500,000","5,900,000","5,600,000","5,200,000","4,900,000","4,800,000","4,700,000","4,600,000","4,000,000","2,700,000","2,200,000","1,900,000","100,000","100,000","100,000","100,000"
CostOfRevenue,"23,805,000","4,533,000","6,582,000","6,102,000","6,588,000","6,621,000","6,976,000","6,444,000","6,677,000","8,761,000","9,741,000","9,923,000","10,974,000","15,780,000","15,539,000","20,257,000","19,521,000","24,599,000","30,674,000","32,380,000","37,284,000","41,087,000","42,742,000","49,313,000","51,393,000","57,258,000","63,820,000","73,571,000","89,686,000","97,871,000","94,158,000","99,392,000","92,701,000","101,731,000","83,219,000","94,632,000","109,754,000","109,659,000","94,921,000","112,577,000","108,093,000","104,090,000","116,371,000","100,912,000","90,161,000","90,407,000","62,225,000","93,722,000","89,147,000","89,574,000","89,272,000","88,304,000","86,686,000","91,739,000","93,920,000","89,074,000",,,,,,,,,,,,,,,,,,,,,,,,,,,,,,,,,,,,,,,,,,,,,,,,,,,,,,,,,,,,,,,,,,,,,,,,,,,,,,,,,,,,,,,,,,
GrossProfit,"36,032,000","12,153,000","7,813,000","7,779,000","8,287,000","8,230,000","7,732,000","10,041,000","9,588,000","10,059,000","16,254,000","16,812,000","22,394,000","25,972,000","27,386,000","26,616,000","29,115,000","33,989,000","40,949,000","45,418,000","54,315,000","58,464,000","60,804,000","65,319,000","93,974,000","79,877,000","75,114,000","85,637,000","114,008,000","115,184,000","118,650,000","117,203,000","122,493,000","115,529,000","103,110,000","107,109,000","165,012,000","165,389,000","149,890,000","149,084,000","147,281,000","147,156,000","132,981,000","137,878,000","132,020,000","123,955,000","86,420,000","124,313,000","124,819,000","124,052,000","124,211,000","118,283,000","126,043,000","125,184,000","124,486,000","122,615,000",,,,,,,,,,,,,,,,,,,,,,,,,,,,,,,,,,,,,,,,,,,,,,,,,,,,,,,,,,,,,,,,,,,,,,,,,,,,,,,,,,,,,,,,,,
OperatingExpense,"47,552,000","12,414,000","11,156,000","12,160,000","11,822,000","20,080,000","11,816,000","12,328,000","12,700,000","15,718,000","14,327,000","14,462,000","17,094,000","20,681,000","19,803,000","22,192,000","24,243,000","27,242,000","30,771,000","32,822,000","35,882,000","38,993,000","40,530,000","42,461,000","49,508,000","49,563,000","50,882,000","56,771,000","64,548,000","79,257,000","75,599,000","104,663,000","83,928,000","76,497,000","64,688,000","77,219,000","89,042,000","83,789,000","68,820,000","78,029,000","76,916,000","73,661,000","72,815,000","67,839,000","63,591,000","64,792,000","68,773,000","59,178,000","59,954,000","59,764,000","60,042,000","57,793,000","59,396,000","57,877,000","58,807,000","55,768,000","137,966,000","142,702,000","141,819,000","137,831,000","135,366,000","132,090,000","130,655,000","129,796,000","124,878,000","117,342,000","116,332,000","113,064,000","104,892,000","103,051,000","-330,836,000","256,808,000","82,415,000","84,623,000","80,413,000","82,759,000","72,940,000","72,550,000","67,434,000","58,183,000","57,873,000","56,551,000","60,277,000","54,779,000","55,007,000","51,330,000","55,739,000","55,274,000","54,610,000","54,398,000","392,590,000","-72,500,000","-45,000,000","-42,800,000","250,072,000","-37,800,000","-30,700,000","-26,100,000","121,365,000","-18,600,000","-15,900,000","-9,000,000","49,037,000","-5,600,000","-5,300,000","-5,200,000","46,063,000","-5,500,000","-6,100,000","-4,600,000","32,440,000","-5,100,000","-4,200,000","-3,400,000","-3,100,000","-3,000,000","-2,800,000","-2,800,000","-3,000,000","-3,000,000","-2,800,000","-2,800,000","-2,400,000","-2,500,000","-2,400,000","-2,100,000","-1,700,000","-2,700,000","-2,400,000","-2,000,000","-1,400,000","-1,400,000","-1,300,000","-1,200,000",,,,,,,,,,,,
	SellingGeneralAndAdministration,"29,717,000","8,002,000","6,753,000","7,572,000","7,390,000","15,729,000","7,136,000","7,191,000","8,302,000","10,604,000","8,290,000","8,523,000","9,533,000","12,096,000","8,973,000","10,905,000","11,222,000","13,339,000","12,033,000","11,689,000","11,960,000","12,078,000","11,490,000","13,277,000","12,177,000","13,312,000","13,739,000","16,249,000","10,911,000","16,558,000","16,760,000","47,450,000","24,097,000","24,848,000","15,764,000","25,069,000","21,653,000","17,266,000","11,431,000","14,592,000","13,364,000","12,310,000","13,199,000","11,450,000","11,618,000","10,951,000","8,758,000","10,658,000","10,296,000","9,984,000","10,520,000","9,628,000","9,792,000","9,487,000","9,775,000","9,184,000","8,991,000","9,376,000","9,067,000","8,947,000","9,125,000","8,578,000","7,207,000","8,513,000","8,540,000","7,873,000","7,016,000","9,102,000","7,453,000","6,875,000","6,696,000","6,946,000","5,830,000","5,698,000","5,015,000","4,951,000","4,872,000","4,500,000","5,023,000","3,916,000","4,151,000","3,725,000","3,820,000","4,061,000","3,640,000","4,093,000","3,760,000","4,482,000","4,332,000","4,697,000","3,604,000","5,300,000","5,000,000","4,800,000","4,772,000","4,800,000","4,000,000","3,600,000","3,570,000","3,300,000","3,000,000","1,900,000","2,255,000","1,700,000","1,600,000","1,500,000","2,214,000","1,600,000","1,700,000","1,400,000","4,216,000","300,000","300,000","200,000","200,000","300,000","200,000","200,000","100,000","200,000","200,000",,"200,000","200,000","200,000","100,000","100,000","100,000","100,000","100,000","100,000","100,000","100,000","100,000",,,,,,,,,,,,
		GeneralAndAdministrativeExpense,"29,717,000","8,002,000","6,753,000","7,572,000","7,390,000","15,729,000","7,136,000","7,191,000","8,302,000","10,604,000","8,290,000","8,523,000","9,533,000","12,096,000","8,973,000","10,905,000","11,222,000","13,339,000","12,033,000","11,689,000","11,960,000","12,078,000","11,490,000","13,277,000","12,177,000","13,312,000","13,739,000","16,249,000","10,911,000","16,558,000","16,760,000","47,450,000","24,097,000","24,848,000","15,764,000","25,069,000","21,653,000","17,266,000",,,,,,,,,,,,,,,,,,,"8,991,000","9,376,000","9,067,000","8,947,000","9,125,000","8,578,000","7,207,000","8,513,000","8,540,000","7,873,000","7,016,000","9,102,000","7,453,000","6,875,000","6,696,000","6,946,000","5,830,000","5,698,000","5,015,000","4,951,000","4,872,000","4,500,000","5,023,000","3,916,000","4,151,000","3,725,000","3,820,000","4,061,000","3,640,000","4,093,000","3,760,000","4,482,000","4,332,000","4,697,000","3,604,000","5,300,000","5,000,000","4,800,000","4,772,000","4,800,000","4,000,000","3,600,000","3,570,000","3,300,000","3,000,000","1,900,000","2,255,000","1,700,000","1,600,000","1,500,000","2,214,000","1,600,000","1,700,000","1,400,000","4,216,000","300,000","300,000","200,000","200,000","300,000","200,000","200,000","100,000","200,000","200,000",,"200,000","200,000","200,000","100,000","100,000","100,000","100,000","100,000","100,000","100,000","100,000","100,000",,,,,,,,,,,,
			SalariesAndWages,,,,,,,,,,,,,,,,,,,,,,,,,,,,,,,,,,,,,,,,,,,,,,,,,,,,,,,,,"8,991,000","9,376,000","9,067,000","8,947,000","9,125,000","8,578,000","7,207,000","8,513,000","8,540,000","7,873,000","7,016,000","9,102,000","7,453,000","6,875,000","6,696,000","6,946,000","5,830,000","5,698,000","5,015,000","4,951,000","4,872,000","4,500,000","5,023,000","3,916,000","4,151,000","3,725,000","3,820,000","4,061,000","3,640,000","4,093,000","3,760,000","4,482,000","4,332,000","4,697,000","3,600,000","5,300,000","5,000,000","4,800,000","4,800,000","4,800,000","4,000,000","3,600,000","3,600,000","3,300,000","3,000,000","1,900,000","2,300,000","1,700,000","1,600,000","1,500,000","2,200,000","1,600,000","1,700,000","1,400,000","4,200,000","300,000","300,000","200,000","200,000","300,000","200,000","200,000","100,000","200,000","200,000",,"200,000","200,000","200,000","100,000","100,000","100,000","100,000","100,000","100,000","100,000","100,000","100,000",,,,,,,,,,,,
			OtherGandA,"29,717,000","8,002,000","6,753,000","7,572,000","7,390,000","15,729,000","7,136,000","7,191,000","8,302,000","10,604,000","8,290,000","8,523,000","9,533,000","12,096,000","8,973,000","10,905,000","11,222,000","13,339,000","12,033,000","11,689,000","11,960,000","12,078,000","11,490,000","13,277,000","12,177,000","13,312,000","13,739,000","16,249,000","10,911,000","16,558,000","16,760,000","47,450,000","24,097,000","24,848,000","15,764,000","25,069,000","21,653,000","17,266,000",,,,,,,,,,,,,,,,,,,,,,,,,,,,,,,,,,,,,,,,,,,,,,,,,,,,,,,,,,,,,,,,,,,,,,,,,,,,,,,,,,,,,,,,,,,,,,,,,,,,,,,,,,,,
	DepreciationAmortizationDepletionIncomeStatement,"17,835,000","4,412,000","4,403,000","4,588,000","4,432,000","4,351,000","4,680,000","5,137,000","4,398,000","5,114,000","6,037,000","5,939,000","7,561,000","8,585,000","10,830,000","11,287,000","13,021,000","13,903,000","18,738,000","21,133,000","23,922,000","26,915,000","29,040,000","29,184,000","37,331,000","36,251,000","37,143,000","40,522,000","53,637,000","62,699,000","58,839,000","57,213,000","59,831,000","51,649,000","48,924,000","52,150,000","67,389,000","66,523,000","57,389,000","63,437,000","63,552,000","61,351,000","59,616,000","56,389,000","51,973,000","53,841,000","60,015,000","48,520,000","49,658,000","49,780,000","49,522,000","48,165,000","49,604,000","48,390,000","49,032,000","46,584,000","45,228,000","48,363,000","47,582,000","46,116,000","45,786,000","43,511,000","40,717,000","41,064,000","40,379,000","37,666,000","35,578,000","34,595,000","33,519,000","32,721,000","33,097,000","29,192,000","25,048,000","25,043,000","24,330,000","27,774,000","20,895,000","20,274,000","19,019,000","16,928,000","17,444,000","17,221,000","16,334,000","16,471,000","16,225,000","16,157,000","16,014,000","15,885,000","16,040,000","15,874,000",,,,,,,,,,,,,,,,,,,,,,,,,,,,,,,,,,,,,,,,,,,,,,,,,,,,,,,,
		DepreciationAndAmortizationInIncomeStatement,"17,835,000","4,412,000","4,403,000","4,588,000","4,432,000","4,351,000","4,680,000","5,137,000","4,398,000","5,114,000","6,037,000","5,939,000","7,561,000","8,585,000","10,830,000","11,287,000","13,021,000","13,903,000","18,738,000","21,133,000","23,922,000","26,915,000","29,040,000","29,184,000","37,331,000","36,251,000","37,143,000","40,522,000","53,637,000","62,699,000","58,839,000","57,213,000","59,831,000","51,649,000","48,924,000","52,150,000","67,389,000","66,523,000","57,389,000","63,437,000","63,552,000","61,351,000","59,616,000","56,389,000","51,973,000","53,841,000","60,015,000","48,520,000","49,658,000","49,780,000","49,522,000","48,165,000","49,604,000","48,390,000","49,032,000","46,584,000","45,228,000","48,363,000","47,582,000","46,116,000","45,786,000","43,511,000","40,717,000","41,064,000","40,379,000","37,666,000","35,578,000","34,595,000","33,519,000","32,721,000","33,097,000","29,192,000","25,048,000","25,043,000","24,330,000","27,774,000","20,895,000","20,274,000","19,019,000","16,928,000","17,444,000","17,221,000","16,334,000","16,471,000","16,225,000","16,157,000","16,014,000","15,885,000","16,040,000","15,874,000",,,,,,,,,,,,,,,,,,,,,,,,,,,,,,,,,,,,,,,,,,,,,,,,,,,,,,,,
	OtherTaxes,,,,,,,,,,,,,,,,,,,,,,,,,,,,,,,,,,,,,,,,,,,,,,,,,,,,,,,,,,"-142,702,000","-141,819,000","-137,831,000","-136,077,000","-132,090,000",,"-129,796,000","-124,878,000",,"-116,332,000","-113,232,000","-104,892,000","-103,051,000",,,"-82,415,000",,"-80,413,000","-82,759,000","-72,940,000","-70,799,000","-67,434,000","-58,183,000","-57,873,000","-56,551,000","-60,277,000","-54,779,000","-55,007,000","-51,330,000",,"-55,274,000",,,"-56,700,000","-77,800,000","-50,000,000","-47,600,000","-48,500,000","-42,600,000","-34,700,000","-29,700,000",,"-21,900,000","-18,900,000","-10,900,000",,"-7,300,000","-6,900,000","-6,700,000","-8,700,000","-7,100,000","-7,800,000","-6,000,000","-6,300,000","-5,400,000","-4,500,000","-3,600,000","-3,300,000","-3,300,000","-3,000,000","-3,000,000","-3,100,000","-3,200,000","-3,000,000","-2,800,000","-2,600,000","-2,700,000","-2,600,000","-2,200,000","-1,800,000","-2,800,000","-2,500,000","-2,100,000","-1,500,000","-1,500,000","-1,400,000","-1,300,000",,,,,,,,,,,,
	OtherOperatingExpenses,,,,,,"6,621,000","6,976,000","6,444,000","6,677,000","8,761,000","9,741,000","9,923,000","10,974,000","15,780,000","15,539,000","20,257,000","19,521,000","24,599,000","30,674,000","32,380,000","37,284,000","41,087,000","42,742,000","49,313,000","51,393,000","57,258,000","63,820,000","73,571,000","89,686,000","97,871,000","94,158,000","99,392,000","92,701,000","101,731,000","83,219,000","94,632,000","109,754,000","109,659,000",,,,,,,,,,,,,,,,,,,"83,747,000","227,665,000","226,989,000","220,599,000","216,532,000","212,091,000","82,731,000","210,015,000","200,837,000","71,803,000","190,070,000","182,599,000","168,812,000","166,506,000","-370,629,000","220,670,000","133,952,000","53,882,000","131,481,000","132,793,000","120,113,000","118,575,000","110,826,000","95,522,000","94,151,000","92,156,000","100,400,000","89,026,000","90,149,000","82,410,000","35,965,000","90,181,000","34,238,000","33,827,000",,,,,,,,,,,,,,,,,,,,,,,,,,,,,,,,,,,,,,,,,,,,,,,,,,,,,,,,
OperatingIncome,"-11,520,000","-261,000","-3,343,000","-4,381,000","-3,535,000","-11,850,000","-4,084,000","-2,287,000","-3,112,000","-5,659,000","1,927,000","2,350,000","5,300,000","5,291,000","7,583,000","4,424,000","4,872,000","6,747,000","10,178,000","12,596,000","18,433,000","19,471,000","20,274,000","22,858,000","44,466,000","30,314,000","24,232,000","28,866,000","49,460,000","35,927,000","43,051,000","12,540,000","38,565,000","39,032,000","38,422,000","29,890,000","75,970,000","81,600,000","81,070,000","71,055,000","70,365,000","73,495,000","60,166,000","70,039,000","68,429,000","59,163,000","17,647,000","65,135,000","64,865,000","64,288,000","64,169,000","60,490,000","66,647,000","67,307,000","65,679,000","66,847,000","66,307,000","72,462,000","71,929,000","73,386,000","74,629,000","72,960,000","75,108,000","72,746,000","73,079,000","72,217,000","69,734,000","70,308,000","69,397,000","64,268,000","62,709,000","64,030,000","56,530,000","51,955,000","50,423,000","44,779,000","48,780,000","48,083,000","48,061,000","43,884,000","42,856,000","42,124,000","38,635,000","42,005,000","43,639,000","48,500,000","44,793,000","47,901,000","46,435,000","45,856,000","-296,149,000","189,300,000","152,800,000","149,200,000","-153,818,000","136,900,000","117,000,000","101,000,000","-64,902,000","78,200,000","70,600,000","47,100,000","-24,654,000","36,900,000","39,900,000","35,000,000","-18,885,000","34,500,000","36,600,000","30,600,000","-11,057,000","29,000,000","24,100,000","21,000,000","18,500,000","17,800,000","16,600,000","15,500,000","15,900,000","15,400,000","14,700,000","14,300,000","13,900,000","13,600,000","13,300,000","12,500,000","9,700,000","11,300,000","10,900,000","9,800,000","7,900,000","7,300,000","6,900,000","6,400,000","9,600,000","4,800,000","4,700,000","4,600,000","6,500,000","2,700,000","2,200,000","1,900,000","100,000","100,000","100,000","100,000"
NetNonOperatingInterestIncomeExpense,"6,531,000","1,574,000","1,732,000","1,599,000","1,626,000","1,843,000","2,284,000","2,597,000","4,141,000","11,586,000","14,210,000","19,080,000","16,625,000","13,569,000","10,706,000","7,541,000","6,318,000","-4,335,000","-2,403,000","-3,914,000","-8,844,000","-10,642,000","-16,108,000","-18,414,000","-19,096,000","-20,380,000","-23,214,000","-24,474,000","-27,245,000","-26,394,000","-31,661,000","-34,839,000","-37,618,000","-37,551,000","-37,889,000","-39,132,000","-43,512,000","-51,886,000","-53,435,000","-50,739,000","-49,824,000","-48,818,000","-49,697,000","-49,054,000","-47,808,000","-46,590,000","-41,114,000","-44,171,000","-45,834,000","-45,364,000","-43,191,000","-41,455,000","-43,904,000","-43,714,000","-45,077,000","-44,669,000","-44,294,000",,,,,,,,,,,,,,,,,,,,,,,,,,,,,,,,,,,,,,,,,,,,,,,,,,,,,,,,,,,,,,,,,,,,,,,,,,,,,,,,,,,,,,,,,
	InterestIncomeNonOperating,"6,531,000","1,574,000","1,732,000","1,599,000","1,626,000","1,843,000","2,284,000","2,606,000","4,443,000","11,895,000","14,521,000","19,401,000","20,695,000","17,775,000","15,741,000","12,626,000","12,668,000","5,780,000","8,393,000","7,596,000","6,019,000","4,372,000","3,147,000","3,013,000","2,204,000","1,967,000","1,176,000","637,000","728,000","3,448,000","490,000","406,000","281,000","384,000","298,000","227,000","250,000","458,000","328,000","399,000","413,000","288,000","290,000","369,000","392,000","824,000","1,022,000","572,000","447,000","1,118,000","355,000","331,000","363,000","145,000","539,000","485,000","89,000",,,,,,,,,,,,,,,,,,,,,,,,,,,,,,,,,,,,,,,,,,,,,,,,,,,,,,,,,,,,,,,,,,,,,,,,,,,,,,,,,,,,,,,,,
	InterestExpenseNonOperating,,,"0","0","0","0","0","9,000","302,000","309,000","311,000","321,000","4,070,000","4,206,000","5,035,000","5,085,000","6,350,000","10,115,000","10,796,000","11,510,000","14,863,000","15,014,000","19,255,000","21,427,000","21,300,000","22,347,000","24,390,000","25,111,000","27,973,000","29,842,000","32,151,000","35,245,000","37,899,000","37,935,000","38,187,000","39,359,000","43,762,000","52,344,000","53,763,000","51,138,000","50,237,000","49,106,000","49,987,000","49,423,000","48,200,000","47,414,000","42,136,000","44,743,000","46,281,000","46,482,000","43,546,000","41,786,000","44,267,000","43,859,000","45,616,000","45,154,000","44,383,000",,,,,,,,,,,,,,,,,,,,,,,,,,,,,,,,,,,,,,,,,,,,,,,,,,,,,,,,,,,,,,,,,,,,,,,,,,,,,,,,,,,,,,,,,
OtherIncomeExpense,,,,,,,"208,000","131,000","26,916,000","419,620,000","24,000","1,945,000","220,792,000","193,037,000","-2,327,000","20,877,000","25,401,000","188,257,000","-29,399,000","24,877,000","-15,355,000","15,168,000","8,374,000","82,169,000","62,639,000","36,543,000","42,114,000","26,097,000","-6,684,000","3,536,000","-169,095,000","178,453,000","-5,805,000","4,865,000","-14,919,000","10,928,000","14,000","9,900,000","9,365,000","1,582,000","-213,000","389,000","-8,064,000","9,450,000","495,000","67,000","-5,447,000","40,618,000","-8,785,000","18,447,000","-51,851,000","1,418,000","13,545,000","7,254,000",,,,,"-3,119,000","2,408,000","-711,000",,"1,745,000","1,172,000",,"116,287,000","7,055,000",,"10,644,000",,,,,,,,,,,,,,,,,,,,,,,,,,,,,,,,,,,,,,,,,,,,,,,,,,,,,,,,,,,,,,,,,,,,,,,,,,,,,
	GainOnSaleOfSecurity,,,,,,,"208,000",,"26,916,000","419,620,000","24,000","1,945,000","227,166,000","193,037,000","-1,608,000","20,877,000","26,937,000","205,211,000","-29,172,000","25,080,000","3,136,000","16,454,000","25,676,000","82,169,000","106,375,000","36,661,000","41,564,000","29,984,000","-1,852,000","5,868,000",,,,,,,,,,,,,"0","11,177,000",,,,,,,,,,,,,,,,,,,"0",,,"116,287,000","7,055,000",,"3,052,000",,,,,,,,,,,,,,,,,,,,,,,,,,,,,,,,,,,,,,,,,,,,,,,,,,,,,,,,,,,,,,,,,,,,,,,,,,,,,
	EarningsFromEquityInterest,,,,,,,,,,,,,,,,,,,,,,,,,,,"0","0","0","0","0","0","16,911,000","109,000","-14,913,000","10,492,000","159,000","4,262,000","10,011,000","2,868,000","2,829,000","2,958,000","2,987,000","2,768,000","2,910,000","2,712,000","-32,987,000","20,389,000","2,305,000","18,757,000","2,728,000","2,957,000","861,000",,,,,,,,,,,,,,,,,,,,,,,,,,,,,,,,,,,,,,,,,,,,,,,,,,,,,,,,,,,,,,,,,,,,,,,,,,,,,,,,,,,,,,,,,,,,,
	SpecialIncomeCharges,,,"0","0",,,"0","131,000","0",,"0","0","-6,374,000","0","-719,000","0","-1,536,000","-16,954,000","-227,000","-203,000","-18,491,000","-1,286,000","-17,302,000","0","-43,736,000","-118,000","550,000","-3,887,000","-4,832,000","-2,332,000","-169,095,000","178,453,000","-22,716,000","4,756,000","-6,000","436,000","-145,000","5,638,000","-646,000","-1,286,000","-3,042,000","-2,569,000","-11,051,000","-4,495,000","-2,415,000","-2,645,000","-7,268,000","20,229,000","-11,090,000","-310,000","-54,579,000","-1,539,000","12,684,000","7,254,000",,,,"0","-3,119,000","2,408,000","-711,000",,"1,745,000","1,172,000","0",,"0","0","7,592,000",,,,,,,,,,,,,,,,,,,,,,,,,,,,,,,,,,,,,,,,,,,,,,,,,,,,,,,,,,,,,,,,,,,,,,,,,,,,,
		RestructuringAndMergernAcquisition,,,,,,,,,,,,,,,,,,,,,,,,,,,"0","0","0","0","0","0","0","5,000","-19,000","-436,000","145,000","628,000","646,000","1,066,000","1,434,000","2,502,000","351,000","4,805,000","2,415,000","2,645,000","18,588,000","1,559,000","1,103,000","310,000","2,011,000","1,539,000","489,000","259,000",,,,,,,,,,,,,,,,,,,,,,,,,,,,,,,,,,,,,,,,,,,,,,,,,,,,,,,,,,,,,,,,,,,,,,,,,,,,,,,,,,,,,,,,,,,,
		ImpairmentOfCapitalAssets,,,,,,,,,,,"0","0","0","0","0","0","0","12,087,000","0","0","18,428,000","1,286,000","14,740,000","0","43,736,000","0","0","0","15,258,000","1,904,000","167,145,000","0","22,683,000","-4,761,000",,,,,"0","0",,,"10,355,000","0","0",,"9,320,000","0","21,491,000","-2,339,000",,"-2,957,000",,,,,,,,,,,,,,,,,,,,,,,,,,,,,,,,,,,,,,,,,,,,,,,,,,,,,,,,,,,,,,,,,,,,,,,,,,,,,,,,,,,,,,,,,,,,,,
		OtherSpecialCharges,,,,,,,"0","-131,000",,,"0",,"6,374,000",,"719,000",,"1,536,000","4,867,000","227,000","203,000","63,000",,"2,562,000",,,"118,000","-550,000","3,887,000","-10,426,000","428,000","1,790,000","-6,699,000",,,"25,000",,,"60,027,000","0","220,000","1,608,000","67,000","345,000","-310,000",,,"-20,640,000","1,044,000",,,,,"-13,173,000","-7,513,000",,,,,"2,932,000",,,,,,,,,,,,,,,,,,,,,,,,,,,,,,,,,,,,,,,,,,,,,,,,,,,,,,,,,,,,,,,,,,,,,,,,,,,,,,,,,,,,,,,
		GainOnSaleOfBusiness,,,,,,,,,,,,,,,,,,,,,,,,,,,"0","0","0",,"-160,000","171,754,000","-33,000","0","0","0","0","66,293,000",,,,,,,,,,,,,,,,,,,,,,,,,,,,,,,,,,,,,,,,,,,,,,,,,,,,,,,,,,,,,,,,,,,,,,,,,,,,,,,,,,,,,,,,,,,,,,,,,,,,,,,,,,,,
		GainOnSaleOfPPE,,,,,,,,,,,,,,,,,,,,,,,,,,,,,,,,,,,,,,,,,,,,,,,"0","22,832,000","11,504,000",,,"-50,106,000",,,,,,,"-187,000","2,408,000",,,"1,745,000","1,172,000","0",,"0","0","7,592,000",,,,,,,,,,,,,,,,,,,,,,,,,,,,,,,,,,,,,,,,,,,,,,,,,,,,,,,,,,,,,,,,,,,,,,,,,,,,,
PretaxIncome,"-4,989,000","1,313,000","-1,611,000","-2,782,000","-1,909,000","-10,007,000","-1,592,000","441,000","27,945,000","425,547,000","16,161,000","23,375,000","242,717,000","211,897,000","15,962,000","32,842,000","36,591,000","190,669,000","-21,624,000","33,559,000","-5,766,000","23,997,000","12,540,000","86,613,000","88,009,000","46,477,000","43,132,000","30,489,000","15,531,000","13,069,000","-157,705,000","156,154,000","-4,858,000","6,346,000","-14,386,000","1,686,000","32,472,000","39,614,000","37,000,000","21,898,000","20,328,000","25,066,000","2,405,000","30,435,000","21,116,000","12,640,000","-28,914,000","61,582,000","10,246,000","37,371,000","-10,187,000","20,453,000","36,288,000","30,847,000","18,319,000","22,178,000","22,013,000","27,570,000",,,,,,,,,,,,,,,,,,,,,,,,,,,,,,,,,,,,,,,,,,,,,,,,,,,,,,,,,,,,,,,,,,,,,,,,,,,,,,,,,,,,,,,,
TaxProvision,"97,000","8,000","26,000","32,000","31,000","31,000","78,000","71,000","59,000","40,000","165,000","-521,000","340,000","1,300,000","540,000","65,000","-456,000","3,007,000","-55,000","335,000","45,000","175,000","280,000","225,000","165,000","75,000","-13,000","23,000","2,915,000","-561,000","1,025,000","703,000","908,000","555,000","107,000","785,000","754,000","988,000","1,301,000","1,322,000","92,000","492,000","604,000","307,000","90,000","346,000","221,000","-34,000","181,000","182,000","217,000","176,000","190,000","152,000","162,000","451,000","-4,000","164,000",,,,,,,,,,,,,,,,,,,,,,,,,,,,,,,,,,,,,,,,,,,,,,,,,,,,,,,,,,,,,,,,,,,,,,,,,,,,,,,,,,,,,,,,
EarningsFromEquityInterestNetOfTax,,,,,,,,,,,,,,,,,,,,,,,,,,,"0","0","0","0","0","1,072,000","12,454,000","10,934,000","10,841,000",,,,,,,,,,,,,,,,,,,,,,,,,,,,,,,,,,,,,,,,,,,,,,,,,,,,,,,,,,,,,,,,,,,,,,,,,,,,,,,,,,,,,,,,,,,,,,,,,,,,,,,,,,,,,,,
NetIncomeCommonStockholders,"-13,064,000","-695,000","-3,631,000","-4,805,000","-3,933,000","-12,015,000","-3,663,000","-1,628,000","25,835,000","422,762,000","13,993,000","21,889,000","240,289,000","208,521,000","13,420,000","30,767,000","35,036,000","185,602,000","-23,558,000","31,215,000","-7,806,000","21,817,000","10,263,000","84,391,000","71,254,000","39,421,000","36,164,000","23,485,000","5,635,000","6,649,000","-165,542,000","149,759,000","-17,802,000","9,297,000","-16,452,000","-227,466,000","7,738,000","14,516,000","-163,935,000","-122,000","2,242,000","9,857,000","1,050,000","14,712,000","9,464,000","37,773,000","6,651,000","53,143,000","-2,669,000","24,630,000","-22,920,000","59,532,000","46,949,000","30,445,000","50,796,000","73,057,000","55,385,000","14,739,000","8,881,000","16,752,000","16,073,000","17,747,000","23,161,000","22,120,000","22,280,000","131,413,000","32,206,000","26,797,000","39,246,000","20,735,000","30,493,000","24,901,000","23,560,000","37,875,000","23,664,000","13,119,000","15,871,000","15,792,000","20,084,000","20,953,000","21,875,000","16,226,000","6,592,000","14,825,000","20,779,000","23,766,000","57,156,000","29,961,000","28,705,000","26,450,000","12,962,000","15,500,000","37,700,000","47,600,000","39,216,000","40,100,000","33,900,000","31,400,000","36,500,000","30,200,000","27,900,000","19,400,000","16,554,000","18,500,000","22,500,000","15,800,000","14,136,000","16,100,000","15,700,000","18,300,000","5,319,000","15,600,000","12,300,000","16,700,000","9,100,000","9,700,000","9,500,000","5,000,000","7,300,000","6,800,000","6,600,000","6,500,000","6,500,000","5,300,000","5,200,000","5,000,000","3,900,000","3,400,000","3,500,000","3,500,000","2,200,000","1,900,000","1,900,000","2,000,000","1,800,000","1,800,000","2,100,000","2,100,000","1,600,000","1,500,000","1,500,000","1,500,000","100,000","100,000","100,000","100,000"
	NetIncome,"-5,076,000","1,302,000","-1,634,000","-2,808,000","-1,936,000","-10,018,000","-1,666,000","369,000","27,832,000","424,759,000","15,990,000","23,886,000","242,286,000","210,518,000","15,417,000","32,764,000","37,033,000","187,599,000","-21,561,000","33,212,000","-5,809,000","23,814,000","12,260,000","86,388,000","87,844,000","46,402,000","43,145,000","30,466,000","12,616,000","13,630,000","-158,561,000","156,740,000","5,385,000","20,448,000","-5,301,000","-216,315,000","18,889,000","25,667,000","-152,784,000","17,618,000","16,065,000","23,680,000","14,873,000","28,535,000","19,964,000","46,612,000","22,304,000","65,810,000","9,998,000","37,297,000","-10,253,000","72,199,000","59,616,000","43,112,000","63,463,000","85,724,000","68,052,000","27,406,000","27,479,000","32,154,000","31,474,000","33,148,000","37,877,000","31,354,000","31,514,000","149,835,000","43,706,000","38,297,000","50,746,000","32,235,000","41,993,000","36,401,000","35,060,000","49,375,000","35,164,000","24,619,000","27,371,000","27,292,000","31,584,000","27,203,000","26,812,000","21,164,000","11,529,000","19,763,000","25,716,000","25,796,000","57,156,000","29,961,000","28,705,000","26,450,000","12,962,000","15,500,000","37,700,000","47,600,000","39,216,000","40,100,000","33,900,000","31,400,000","36,500,000","30,200,000","27,900,000","19,400,000","16,554,000","18,500,000","22,500,000","15,800,000","14,136,000","16,100,000","15,700,000","18,300,000","5,319,000","15,600,000","12,300,000","16,700,000","9,100,000","9,700,000","9,500,000","5,000,000","7,300,000","6,800,000","6,600,000","6,500,000","6,500,000","5,300,000","5,200,000","5,000,000","3,900,000","3,400,000","3,500,000","3,500,000","2,200,000","1,900,000","1,900,000","2,000,000","1,800,000","1,800,000","2,100,000","2,100,000","1,600,000","1,500,000","1,500,000","1,500,000","100,000","100,000","100,000","100,000"
		NetIncomeIncludingNoncontrollingInterests,"-5,086,000","1,305,000","-1,637,000","-2,814,000","-1,940,000","-10,038,000","-1,670,000","370,000","27,886,000","425,507,000","15,996,000","23,896,000","242,377,000","210,597,000","15,422,000","32,777,000","37,047,000","187,662,000","-21,569,000","33,224,000","-5,811,000","23,822,000","12,260,000","86,388,000","87,844,000","46,402,000","43,145,000","30,466,000","12,616,000","13,630,000","-158,561,000","156,740,000","5,385,000","20,448,000","-5,301,000","-216,207,000","28,917,000","35,624,000","-147,270,000","22,265,000","20,586,000","24,574,000","14,873,000","28,535,000","19,964,000","46,612,000","22,304,000","65,810,000","9,998,000","37,297,000","-10,253,000","72,199,000","59,616,000","43,112,000","63,463,000","85,724,000","68,052,000","27,406,000","27,479,000","32,154,000","31,474,000","33,148,000","37,877,000","31,354,000","31,514,000","149,835,000","43,706,000","38,297,000","50,746,000","32,235,000","41,993,000","36,401,000","35,060,000","49,375,000","35,164,000","24,619,000","27,371,000","27,292,000","31,584,000","27,203,000","26,812,000","21,164,000","11,529,000","19,763,000","25,716,000","25,796,000","57,156,000","29,961,000","28,705,000","26,450,000","12,962,000","15,500,000","37,700,000","47,600,000","39,216,000","40,100,000","33,900,000","31,400,000","36,500,000","30,200,000","27,900,000","19,400,000","16,554,000","18,500,000","22,500,000","15,800,000","14,136,000","16,100,000","15,700,000","18,300,000","5,319,000","15,600,000","12,300,000","16,700,000","9,100,000","9,700,000","9,500,000","5,000,000","7,300,000","6,800,000","6,600,000","6,500,000","6,500,000","5,300,000","5,200,000","5,000,000","3,900,000","3,400,000","3,500,000","3,500,000","2,200,000","1,900,000","1,900,000","2,000,000","1,800,000","1,800,000","2,100,000","2,100,000","1,600,000","1,500,000","1,500,000","1,500,000","100,000","100,000","100,000","100,000"
			NetIncomeContinuousOperations,"-5,086,000","1,305,000","-1,637,000","-2,814,000","-1,940,000","-10,038,000","-1,670,000","370,000","27,886,000","425,507,000","15,996,000","23,896,000","242,377,000","210,597,000","15,422,000","32,777,000","37,047,000","187,662,000","-21,569,000","33,224,000","-5,811,000","23,822,000","12,260,000","86,388,000","87,844,000","46,402,000","43,145,000","30,466,000","12,616,000","13,630,000","-158,730,000","156,523,000","6,688,000","16,725,000","11,261,000","901,000","31,718,000","38,626,000","35,699,000","20,576,000","20,236,000","24,574,000","1,801,000","30,128,000","21,026,000","12,294,000","-29,135,000","61,616,000","10,065,000","37,189,000","-10,404,000","20,277,000","36,098,000","30,695,000","18,157,000","21,727,000","22,017,000","27,406,000","27,443,000","29,746,000","31,474,000","33,148,000","36,149,000","30,150,000","31,535,000","149,922,000","43,706,000","38,414,000","43,126,000","20,735,000","30,493,000","24,901,000","23,560,000","37,875,000","23,664,000","13,119,000","15,871,000","15,792,000","31,625,000","27,322,000","26,812,000","24,508,000","11,529,000","19,763,000","26,048,000","27,613,000","57,040,000","31,171,000","26,727,000","26,450,000","21,262,000","15,500,000","37,700,000","39,300,000","39,256,000","40,100,000","36,000,000","31,400,000","39,402,000","28,400,000","27,900,000","19,400,000","18,064,000","18,500,000","22,500,000","18,200,000","17,536,000","15,200,000","15,700,000","15,800,000","5,272,000","15,600,000","14,300,000","12,700,000","10,000,000","9,700,000","9,500,000","8,400,000","7,300,000","6,800,000","6,600,000","6,500,000","6,500,000","5,300,000","5,200,000","5,000,000","3,900,000","3,400,000","3,500,000","3,500,000","2,200,000","1,900,000","1,900,000","2,000,000","1,800,000","1,800,000","2,100,000","2,100,000","1,600,000","1,500,000","1,500,000","1,500,000","100,000","100,000","100,000","100,000"
			NetIncomeDiscontinuousOperations,,,,,,,,,,,,,,,,,,,,,,,,,,,"0","0","0","0","169,000","217,000","-1,303,000","3,723,000","-16,562,000","-217,108,000","-2,801,000","-4,598,000","-182,969,000","1,689,000","350,000","0","13,072,000","-1,593,000","-1,062,000","34,318,000","51,439,000","4,194,000","-67,000","108,000","151,000","51,922,000","23,518,000","12,417,000","45,306,000","63,997,000","46,035,000","0","223,000","0","0","0","-17,000","32,000","-21,000","-87,000","0","-117,000","28,000",,,,,,,,,,,,,,,,,,,,"1,978,000",,,,,,,,,,,,,,,,,,,,,,,,,,,,,,,,,,,,,,,,,,,,,,,,,,,,,,,,,
			NetIncomeExtraordinary,,,,,,,,,,,,,,,,,,,,,,,,,,,,,,,"0","0","0","0","0","0","0","1,596,000",,,,,,,,,,,,,,,,,,,,,,,,,,,,,,,"0","0",,,,,,,,,"-41,000","-119,000","0","-3,344,000","0","0","-332,000","-1,817,000","116,000","-1,210,000",,,,,,,,,,,,,,,,,,,,,,,,,,,,,,,,,,,,,,,,,,,,,,,,,,,,,,,,,,
			NetIncomeFromTaxLossCarryforward,,,,,,,,,,,,,,,,,,,,,,,,,,,,,,,,,,,,,,,,"1,689,000",,,,,,,,,,,,,,,,,,,,,,,,"1,172,000",,,"0",,"7,592,000",,,,,,,,,"-1,751,000","-41,000","-119,000",,"-3,344,000","0",,"-332,000","-1,817,000",,"3,410,000",,,"0",,,"8,300,000","0",,"-2,100,000",,,"1,800,000",,,,,,"-2,400,000","-900,000","900,000",,"2,500,000","-6,000,000",,"-2,000,000","4,000,000","-900,000",,,"-3,400,000",,,,,,,,,,,,,,,,,,,,,,,,,,,,
		MinorityInterests,"10,000","-3,000","3,000","6,000","4,000","20,000","4,000","-1,000","-54,000","-748,000","-6,000","-10,000","-91,000","-79,000","-5,000","-13,000","-14,000","-63,000","8,000","-12,000","2,000","-8,000",,,,,,,,,"0","0","0","0","0","-108,000","-10,028,000","-9,957,000","-5,514,000","-4,647,000","-4,521,000","-894,000",,,,,,,,,,,,,,,,,,,,,,,,,,,,,,,,,,,,,,,,,,,,,,,,,,,,,,,,,,,,,,,,,,,,,,,,,,,,,,,,,,,,,,,,,,,,,,,,,,,,,,,,
	PreferredStockDividends,"7,988,000","1,997,000","1,997,000","1,997,000","1,997,000","1,997,000","1,997,000","1,997,000","1,997,000","1,997,000","1,997,000","1,997,000","1,997,000","1,997,000","1,997,000","1,997,000","1,997,000","1,997,000","1,997,000","1,997,000","1,997,000","1,997,000","1,997,000","1,997,000","6,981,000","6,981,000","6,981,000","6,981,000","6,981,000","6,981,000","6,981,000","6,981,000","6,982,000","11,151,000","11,151,000","11,151,000","11,151,000","11,151,000",,"17,740,000","13,823,000","13,823,000","13,823,000","13,823,000","10,500,000","8,839,000","9,732,000","12,667,000","12,667,000","12,667,000","12,667,000","12,667,000","12,667,000","12,667,000","12,667,000","12,667,000","12,667,000","12,667,000","14,368,000","15,402,000","15,401,000","15,401,000","14,716,000","9,234,000","9,234,000","11,508,000","11,500,000","11,500,000","11,500,000","11,500,000","11,500,000","11,500,000","11,500,000","11,500,000","11,500,000","11,500,000","11,500,000","11,500,000","11,500,000","6,250,000","4,937,000","4,938,000","4,937,000","4,938,000","4,937,000","2,030,000",,,,,,,,,,,,,,,,,,,,,,,,,,,,,,,,,,,,,,,,,,,,,,,,,,,,,,,,,,,,
	OtherunderPreferredStockDividend,,,,,,,,,,,,,,,,,,,"0","0","0",,"0","0","9,609,000",,"0","0","0",,"0","0","16,205,000",,"0","0",,,"-40,401,000","17,740,000",,,,,,,,,,,,,,,,,,,,,,,"0",,,"6,914,000",,,,,,,,,,,,,,,,,,,,,,,,,,,,,,,,,,,,,,,,,,,,,,,,,,,,,,,,,,,,,,,,,,,,,,,,,,,,,,,,
AverageDilutionEarnings,,,,,"0",,"1,997,000","0",,"1,997,000",,,"1,997,000","1,997,000","0","0","0","2,060,000","-8,000","12,000","-2,000","8,000",,,,,,"0",,,,,,,,,,,,,,,,,,,,,,,,,,,,,,,,,,,,,,,,,,,,,,,,,,,,,,,,,,,,,,,,,,,,,,,,,,,,,,,,,,,,,,,,,,,,,,,,,,,,,,,,,,,,,,,,,,,,,,
DilutedNIAvailtoComStockholders,"-5,076,000","-695,000","4,357,000","-4,805,000","-3,933,000","-12,015,000","-1,666,000","-1,628,000","25,835,000","424,759,000","21,981,000","21,889,000","242,286,000","210,518,000","13,420,000","30,767,000","35,036,000","187,662,000","-23,566,000","31,227,000","-7,808,000","21,825,000","10,263,000","84,391,000","71,254,000","39,421,000","36,164,000","23,485,000","5,635,000","6,649,000","-165,542,000","149,759,000","-17,802,000","9,297,000","-16,452,000","-227,466,000","7,738,000","14,516,000","-163,935,000","-122,000","2,242,000","9,857,000","1,050,000","14,712,000","9,464,000","37,773,000","6,651,000","53,143,000","-2,669,000","24,630,000","-22,920,000","59,532,000","46,949,000","30,445,000","50,796,000","73,057,000","55,385,000","14,739,000","8,881,000","16,752,000","16,073,000","17,747,000","23,161,000","22,120,000","22,280,000","131,413,000","32,206,000","26,797,000","39,246,000","20,735,000","30,493,000","24,901,000","23,560,000","37,875,000","23,664,000","13,119,000","15,871,000","15,792,000","20,084,000","20,953,000","21,875,000","16,226,000","6,592,000","14,825,000","20,779,000","23,766,000","57,156,000","29,961,000","28,705,000","26,450,000","12,962,000","15,500,000","37,700,000","47,600,000","39,216,000","40,100,000","33,900,000","31,400,000","36,500,000","30,200,000","27,900,000","19,400,000","16,554,000","18,500,000","22,500,000","15,800,000","14,136,000","16,100,000","15,700,000","18,300,000","5,319,000","15,600,000","12,300,000","16,700,000","9,100,000","9,700,000","9,500,000","5,000,000","7,300,000","6,800,000","6,600,000","6,500,000","6,500,000","5,300,000","5,200,000","5,000,000","3,900,000","3,400,000","3,500,000","3,500,000","2,200,000","1,900,000","1,900,000","2,000,000","1,800,000","1,800,000","2,100,000","2,100,000","1,600,000","1,500,000","1,500,000","1,500,000","100,000","100,000","100,000","100,000"
BasicEPS,,"-0.01","-0.03","-0.04","-0.03","-0.1","-0.03","-0.01","0.21","3.46","0.11","0.18","1.97","1.71","0.11","0.25","0.29","0.61","-0.19","0.25","-0.06","0.18","0.08","0.67","0.57","0.31","0.29","0.18","0.04","0.05","-1.28","1.16","-0.14","0.08","-0.14","-1.92","0.07","0.15",,"0","0.03","0.12",,"0.18","0.65","0.52",,"0.82","-0.04","0.44",,"1.08","0.84","0.52",,"1.28","1","0.28",,"0.32","0.32","0.32",,"0.44","0.44","2.52",,"0.52","0.8","0.48",,"0.56","0.52","0.88",,"0.36","0.48","0.48",,"0.64","0.68","0.52",,"0.44","0.64","0.72",,"0.92","0.88","0.8",,"0.48","1.12","1.44",,"1.2","1.2","1.24",,"1.24","1.12","1.08",,"1.12","1.36","0.96",,"1.08","1.04","1.24",,"1.08","0.96","1.48",,"1.12","1.08","0.64",,"1","1","0.96",,"1.04","1.04","1.04",,"0.88","0.88","0.88",,"0.76","0.76","0.8",,"0.72","0.8","0.84",,"0.88","0.88","0.88",,"0.04","0.04","0.04"
DilutedEPS,,"-0.01","-0.03","-0.04","-0.03","-0.1","-0.03","-0.01","0.21","3.35","0.11","0.18","1.93","1.67","0.11","0.25","0.29","0.61","-0.19","0.25","-0.06","0.17","0.08","0.67","0.56","0.31","0.28","0.18","0.04","0.05","-1.28","1.16","-0.14","0.08","-0.14","-1.92","0.07","0.15",,"-0.001","0.03","0.108",,"0.18","0.119","0.476",,"0.82","-0.04","0.44",,"1.08","0.84","0.52",,"1.28","1","0.28",,"0.32","0.32","0.32",,"0.44","0.44","2.52",,"0.52","0.8","0.48",,"0.56","0.52","0.88",,"0.36","0.48","0.48",,"0.64","0.68","0.52",,"0.44","0.64","0.72",,"0.92","0.88","0.8",,"0.48","1.12","1.44",,"1.2","1.2","1.24",,"1.24","1.12","1.08",,"1.12","1.36","0.96",,"1.08","1.04","1.24",,"1.08","0.96","1.48",,"1.12","1.08","0.64",,"1","1","0.96",,"1.04","1.04","1.04",,"0.88","0.88","0.88",,"0.76","0.76","0.8",,"0.72","0.8","0.84",,"0.88","0.88","0.88",,"0.04","0.04","0.04"
BasicAverageShares,,"113,740,000","119,285,000","122,190,000","122,189,000","122,002,000","121,673,000","121,673,000","121,655,000","122,148,000","122,140,000","122,140,000","122,122,000","121,960,000","121,749,000","121,845,000","121,822,000","123,867,000","124,293,000","124,089,000","124,067,000","124,047,000","125,021,000","125,533,000","125,508,000","125,840,000","126,350,000","128,739,000","129,733,000","129,696,000","129,398,000","128,880,000","123,812,000","118,400,000","118,387,000","118,328,000","118,309,000","94,154,000",,"83,745,000","83,727,000","83,722,000",,"81,536,000","72,142,000","72,139,000",,"65,173,000","64,595,000","56,731,750",,"55,932,500","55,924,250","56,404,750",,"56,812,750","56,362,250","56,361,000",,"53,019,500","52,930,250","52,652,250",,"52,498,000","52,492,000","52,465,250",,"50,364,750","49,954,750","44,954,250",,"44,321,250","44,319,000","43,181,000",,"35,679,250","32,630,250","32,211,500",,"32,206,000","32,202,500","32,202,250",,"32,484,250","32,654,750","32,898,250",,"32,986,000","32,983,750","32,980,250",,"32,291,667","33,660,714","33,055,556",,"33,416,667","28,611,250","25,322,581",,"24,354,839","24,910,714","17,962,963",,"16,517,857","16,544,118","16,458,333",,"14,907,407","15,096,154","14,758,065",,"14,444,444","12,812,500","11,283,784",,"8,660,714","8,796,296","7,812,500",,"6,800,000","6,600,000","6,770,833",,"5,096,154","5,000,000","4,807,692",,"3,863,636","3,977,273","3,977,273",,"2,500,000","2,500,000","2,500,000",,"2,500,000","2,625,000","2,500,000",,"1,704,545","1,704,545","1,704,545",,"1,250,000","1,709,000","1,709,000"
DilutedAverageShares,,"113,740,000","119,285,000","122,190,000","122,189,000","122,002,000","121,673,000","121,673,000","123,255,000","126,605,000","123,490,000","123,564,000","125,862,000","125,822,000","123,376,000","122,851,000","122,649,000","124,734,000","124,293,000","125,175,000","124,067,000","125,150,000","126,048,000","126,568,000","126,937,000","127,522,000","127,493,000","129,878,000","130,537,000","129,874,000","129,398,000","131,243,000","123,812,000","118,400,000","118,387,000","118,328,000","118,309,000","101,452,000",,"91,043,000","91,025,000","91,020,000",,"88,834,000","79,440,000","79,437,000",,"72,471,000","71,893,000","64,030,000",,"63,230,750","63,222,500","63,703,000",,"64,111,000","63,660,500","63,659,250",,"60,317,750","60,228,500","59,950,250",,"52,498,000","52,492,000","52,465,250",,"50,364,750","49,954,750","44,954,250",,"44,321,250","44,319,000","43,181,000",,"35,679,250","32,630,250","32,211,500",,"32,206,000","32,202,500","32,202,250",,"32,484,250","32,654,750","32,898,250",,"32,986,000","32,983,750","32,980,250",,"32,291,667","33,660,714","33,055,556",,"33,416,667","28,611,250","25,322,581",,"24,354,839","24,910,714","17,962,963",,"16,517,857","16,544,118","16,458,333",,"14,907,407","15,096,154","14,758,065",,"14,444,444","12,812,500","11,283,784",,"8,660,714","8,796,296","7,812,500",,"6,800,000","6,600,000","6,770,833",,"5,096,154","5,000,000","4,807,692",,"3,863,636","3,977,273","3,977,273",,"2,500,000","2,500,000","2,500,000",,"2,500,000","2,625,000","2,500,000",,"1,704,545","1,704,545","1,704,545",,"1,250,000","1,709,000","1,709,000"
TotalOperatingIncomeAsReported,,,,,,,,,,,,,,,"7,583,000","4,424,000","4,872,000","-5,340,000","10,178,000","12,596,000","5,000","18,185,000","5,534,000","22,858,000","730,000","30,314,000","24,232,000","28,866,000","34,202,000","34,023,000","-124,094,000","12,540,000","15,882,000","43,788,000","38,441,000","30,326,000","75,825,000","80,972,000","80,424,000","69,989,000","68,931,000","70,993,000","49,460,000","65,234,000","66,014,000","56,518,000","-941,000","63,576,000","63,762,000","63,978,000","62,158,000","58,951,000","66,158,000","67,048,000","65,679,000","66,847,000","66,307,000","72,462,000","71,929,000","73,386,000","73,918,000","72,960,000","75,108,000","72,746,000","73,079,000","72,217,000","69,734,000","70,308,000","69,397,000","64,268,000","62,709,000","64,030,000","56,530,000","51,955,000","50,423,000","44,779,000","48,780,000","48,083,000","48,061,000","43,884,000","42,856,000","42,124,000","42,590,000","42,005,000","43,639,000","48,500,000","44,793,000","47,901,000","46,435,000","45,856,000",,,,,,,,,,,,,,,,,,,,,,,,,,,,,,,,,,,,,,,,,,,,,,,,,,,,,,,,
TotalExpenses,"71,357,000","16,947,000","17,738,000","18,262,000","18,410,000","26,701,000","18,792,000","18,772,000","19,377,000","24,479,000","24,068,000","24,385,000","28,068,000","36,461,000","35,342,000","42,449,000","43,764,000","51,841,000","61,445,000","65,202,000","73,166,000","80,080,000","83,272,000","91,774,000","100,901,000","106,821,000","114,702,000","130,342,000","154,234,000","177,128,000","169,757,000","204,055,000","176,629,000","178,228,000","147,907,000","171,851,000","198,796,000","193,448,000","163,741,000","190,606,000","185,009,000","177,751,000","189,186,000","168,751,000","153,752,000","155,199,000","130,998,000","152,900,000","149,101,000","149,338,000","149,314,000","146,097,000","146,082,000","149,616,000","152,727,000","144,842,000","137,966,000","142,702,000","141,819,000","137,831,000","135,366,000","132,090,000","130,655,000","129,796,000","124,878,000","117,342,000","116,332,000","113,064,000","104,892,000","103,051,000","-330,836,000","256,808,000","82,415,000","84,623,000","80,413,000","82,759,000","72,940,000","72,550,000","67,434,000","58,183,000","57,873,000","56,551,000","60,277,000","54,779,000","55,007,000","51,330,000","55,739,000","55,274,000","54,610,000","54,398,000","392,590,000","-72,500,000","-45,000,000","-42,800,000","250,072,000","-37,800,000","-30,700,000","-26,100,000","121,365,000","-18,600,000","-15,900,000","-9,000,000","49,037,000","-5,600,000","-5,300,000","-5,200,000","46,063,000","-5,500,000","-6,100,000","-4,600,000","32,440,000","-5,100,000","-4,200,000","-3,400,000","-3,100,000","-3,000,000","-2,800,000","-2,800,000","-3,000,000","-3,000,000","-2,800,000","-2,800,000","-2,400,000","-2,500,000","-2,400,000","-2,100,000","-1,700,000","-2,700,000","-2,400,000","-2,000,000","-1,400,000","-1,400,000","-1,300,000","-1,200,000",,,,,,,,,,,,
NetIncomeFromContinuingAndDiscontinuedOperation,"-5,076,000","1,302,000","-1,634,000","-2,808,000","-1,936,000","-10,018,000","-1,666,000","369,000","27,832,000","424,759,000","15,990,000","23,886,000","242,286,000","210,518,000","15,417,000","32,764,000","37,033,000","187,599,000","-21,561,000","33,212,000","-5,809,000","23,814,000","12,260,000","86,388,000","87,844,000","46,402,000","43,145,000","30,466,000","12,616,000","13,630,000","-158,561,000","156,740,000","5,385,000","20,448,000","-5,301,000","-216,315,000","18,889,000","24,071,000","-152,784,000","17,618,000","16,065,000","23,680,000","14,873,000","28,535,000","19,964,000","46,612,000","22,304,000","65,810,000","9,998,000","37,297,000","-10,253,000","72,199,000","59,616,000","43,112,000","63,463,000","85,724,000","68,052,000","27,406,000","27,479,000","32,154,000","31,474,000","33,148,000","37,877,000","30,182,000","31,514,000","149,835,000","43,706,000","38,297,000","43,154,000","32,235,000","41,993,000","36,401,000","35,060,000","49,375,000","35,164,000","24,619,000","27,371,000","29,043,000","31,666,000","27,441,000","26,812,000","27,852,000","11,529,000","19,763,000","26,380,000","29,430,000","57,040,000","27,761,000","28,705,000","26,450,000","12,962,000","15,500,000","37,700,000","39,300,000","41,356,000","40,100,000","36,000,000","31,400,000","39,402,000","28,400,000","27,900,000","19,400,000","18,064,000","18,500,000","22,500,000","18,200,000","15,036,000","15,200,000","15,700,000","15,800,000","13,272,000","15,600,000","14,300,000","12,700,000","10,000,000","9,700,000","9,500,000","8,400,000","7,300,000","6,800,000","6,600,000","6,500,000","6,500,000","5,300,000","5,200,000","5,000,000","3,900,000","3,400,000","3,500,000","3,500,000","2,200,000","1,900,000","1,900,000","2,000,000","1,800,000","1,800,000","2,100,000","2,100,000","1,600,000","1,500,000","1,500,000","1,500,000","100,000","100,000","100,000","100,000"
NormalizedIncome,"-5,076,000","1,302,000","-1,634,000","-2,808,000","-1,936,000","-10,018,000","-1,817,840","259,090.703","972,827.483","5,178,442.882","15,966,245.034","22,466,150","21,803,287.277","18,665,292.84","17,665,276.782","11,928,319.195","18,490,270","2,310,960.864","7,763,224.519","8,583,332.638","3,404,000","8,756,613.827","4,072,979.266","4,432,455.544","25,322,436.114","9,917,969.49","17,876,600","4,388,686.805","18,045,485.803","11,508,400","-48,818,250","-21,126,610.66","21,453,400","12,384,943.902","11,264,900","509,600","21,831,633.099","23,171,615.54","30,808,285.243","17,137,363.138","18,743,232.586","26,198,575.201","10,076,613.721","23,513,401.807","23,430,706.857","14,866,597.31","-47,036,000","48,467,150","20,959,090.377","37,497,490.273","25,072,350","21,802,756.759","23,480,412.037","23,476,744.416","18,157,000","21,727,000","22,017,000","27,406,000","29,283,350","30,588,800","31,936,150","33,148,000","36,847,000","29,446,800","31,535,000","80,149,800","39,473,000","38,414,000","36,739,600","32,235,000","41,993,000","36,401,000","35,060,000","49,375,000","35,164,000","24,619,000","27,371,000","29,043,000","31,666,000","27,441,000","26,812,000","27,852,000","11,529,000","19,763,000","26,380,000","29,430,000","57,040,000","27,761,000","26,727,000","26,450,000","12,962,000","15,500,000","37,700,000","39,300,000","41,356,000","40,100,000","36,000,000","31,400,000","36,504,000","28,400,000","27,900,000","19,400,000","18,064,000","18,500,000","22,500,000","18,200,000","15,036,000","15,200,000","15,700,000","15,800,000","13,272,000","15,600,000","14,300,000","12,700,000","10,000,000","9,700,000","9,500,000","8,400,000","7,300,000","6,800,000","6,600,000","6,500,000","6,500,000","5,300,000","5,200,000","5,000,000","3,900,000","3,400,000","3,500,000","3,500,000","2,200,000","1,900,000","1,900,000","2,000,000","1,800,000","1,800,000","2,100,000","2,100,000","1,600,000","1,500,000","1,500,000","1,500,000","100,000","100,000","100,000","100,000"
InterestIncome,"6,531,000","1,574,000","1,732,000","1,599,000","1,626,000","1,843,000","2,284,000","2,606,000","4,443,000","11,895,000","14,521,000","19,401,000","20,695,000","17,775,000","15,741,000","12,626,000","12,668,000","5,780,000","8,393,000","7,596,000","6,019,000","4,372,000","3,147,000","3,013,000","2,204,000","1,967,000","1,176,000","637,000","728,000","3,448,000","490,000","406,000","281,000","384,000","298,000","227,000","250,000","458,000","328,000","399,000","413,000","288,000","290,000","369,000","392,000","824,000","1,022,000","572,000","447,000","1,118,000","355,000","331,000","363,000","145,000","539,000","485,000","89,000",,,,,,,,,,,,,,,,,,,,,,,,,,,,,,,,,,,,,,,,,,,,,,,,,,,,,,,,,,,,,,,,,,,,,,,,,,,,,,,,,,,,,,,,,
InterestExpense,,,"0","0","0","0","0","9,000","302,000","309,000","311,000","321,000","4,070,000","4,206,000","5,035,000","5,085,000","6,350,000","10,115,000","10,796,000","11,510,000","14,863,000","15,014,000","19,255,000","21,427,000","21,300,000","22,347,000","24,390,000","25,111,000","27,973,000","29,842,000","32,151,000","35,245,000","37,899,000","37,935,000","38,187,000","39,359,000","43,762,000","52,344,000","53,763,000","51,138,000","50,237,000","49,106,000","49,987,000","49,423,000","48,200,000","47,414,000","42,136,000","44,743,000","46,281,000","46,482,000","43,546,000","41,786,000","44,267,000","43,859,000","45,616,000","45,154,000","44,383,000",,,,,,,,,,,,,,,,,,,,,,,,,,,,,,,,,,,,,,,,,,,,,,,,,,,,,,,,,,,,,,,,,,,,,,,,,,,,,,,,,,,,,,,,,
NetInterestIncome,"6,531,000","1,574,000","1,732,000","1,599,000","1,626,000","1,843,000","2,284,000","2,597,000","4,141,000","11,586,000","14,210,000","19,080,000","16,625,000","13,569,000","10,706,000","7,541,000","6,318,000","-4,335,000","-2,403,000","-3,914,000","-8,844,000","-10,642,000","-16,108,000","-18,414,000","-19,096,000","-20,380,000","-23,214,000","-24,474,000","-27,245,000","-26,394,000","-31,661,000","-34,839,000","-37,618,000","-37,551,000","-37,889,000","-39,132,000","-43,512,000","-51,886,000","-53,435,000","-50,739,000","-49,824,000","-48,818,000","-49,697,000","-49,054,000","-47,808,000","-46,590,000","-41,114,000","-44,171,000","-45,834,000","-45,364,000","-43,191,000","-41,455,000","-43,904,000","-43,714,000","-45,077,000","-44,669,000","-44,294,000",,,,,,,,,,,,,,,,,,,,,,,,,,,,,,,,,,,,,,,,,,,,,,,,,,,,,,,,,,,,,,,,,,,,,,,,,,,,,,,,,,,,,,,,,
EBIT,"-4,720,000","-261,000","-1,611,000","-2,782,000","-1,909,000","-10,007,000","-1,592,000","450,000","28,247,000","425,856,000","16,472,000","23,696,000","246,787,000","216,103,000","20,997,000","37,927,000","42,941,000","200,784,000","-10,828,000","45,069,000","9,097,000","39,011,000","31,795,000","108,040,000","109,309,000","68,824,000","67,522,000","55,600,000","43,504,000","42,911,000","-125,554,000","191,399,000","33,041,000","44,281,000","23,801,000","41,045,000","76,234,000","91,958,000","90,763,000","73,036,000","70,565,000","74,172,000","52,392,000","79,858,000","69,316,000","60,054,000","13,222,000","106,325,000","56,527,000","83,853,000","33,359,000","62,239,000","80,555,000","74,706,000","63,935,000","67,332,000","66,396,000","72,462,000","71,929,000","73,386,000","74,629,000","72,960,000","75,108,000","72,746,000","73,079,000","72,217,000","69,734,000","70,308,000","69,397,000","64,268,000","62,709,000","64,030,000","56,530,000","51,955,000","50,423,000","44,779,000","48,780,000","48,083,000","48,061,000","43,884,000","42,856,000","42,124,000","38,635,000","42,005,000","43,639,000","48,500,000","44,793,000","47,901,000","46,435,000","45,856,000","-296,149,000","189,300,000","152,800,000","149,200,000","-153,818,000","136,900,000","117,000,000","101,000,000","-64,902,000","78,200,000","70,600,000","47,100,000","-24,654,000","36,900,000","39,900,000","35,000,000","-18,885,000","34,500,000","36,600,000","30,600,000","-11,057,000","29,000,000","24,100,000","21,000,000","18,500,000","17,800,000","16,600,000","15,500,000","15,900,000","15,400,000","14,700,000","14,300,000","13,900,000","13,600,000","13,300,000","12,500,000","9,700,000","11,300,000","10,900,000","9,800,000","7,900,000","7,300,000","6,900,000","6,400,000","9,600,000","4,800,000","4,700,000","4,600,000","6,500,000","2,700,000","2,200,000","1,900,000","100,000","100,000","100,000","100,000"
EBITDA,"13,115,000"
ReconciledCostOfRevenue,"23,805,000","4,533,000","6,582,000","6,102,000","6,588,000","6,621,000","6,781,000","6,251,000","6,487,000","8,572,000","9,554,000","9,776,000","10,650,000","15,875,000","15,662,000","20,358,000","19,639,000","24,598,000","30,481,000","32,091,000","36,895,000","40,514,000","42,081,000","48,431,000","47,526,000","56,137,000","62,338,000","70,813,000","87,822,000","96,502,000","92,033,000","97,319,000","88,527,000","99,488,000","77,100,000","84,220,000","107,323,000","107,130,000","65,249,000","95,316,000","134,797,000","101,794,000","161,963,000","97,098,000","84,203,000","93,218,000","66,292,000","88,887,000","95,105,000","95,414,000","95,900,000","94,542,000","92,234,000","98,459,000","104,634,000","97,856,000",,,,,,,,,,,,,,,,,,,,,,,,,,,,,,,,,,,,,,,,,,,,,,,,,,,,,,,,,,,,,,,,,,,,,,,,,,,,,,,,,,,,,,,,,,
ReconciledDepreciation,"17,835,000","4,412,000","4,403,000","4,588,000","4,432,000","4,351,000","4,875,000","5,330,000","4,588,000","5,303,000","6,224,000","6,086,000","7,885,000","8,490,000","10,707,000","11,186,000","12,903,000","13,904,000","18,931,000","21,422,000","24,311,000","27,488,000","29,701,000","30,066,000","41,198,000","37,372,000","38,625,000","43,280,000","55,501,000","64,068,000","60,964,000","59,286,000","64,005,000","53,892,000","55,043,000","62,562,000","69,820,000","69,052,000","87,061,000","80,698,000","36,848,000","63,647,000","14,024,000","60,203,000","57,931,000","51,030,000","55,948,000","53,355,000","43,700,000","43,940,000","42,894,000","41,927,000","44,056,000","41,670,000","38,318,000","37,802,000","26,945,000","51,961,000","77,828,000","40,909,000","40,346,000","38,234,000","35,607,000","35,975,000","35,403,000","33,265,000","31,532,000","30,168,000","29,931,000","29,191,000","29,626,000","26,093,000","23,315,000","23,082,000","16,281,000","27,774,000","20,895,000","20,274,000","19,019,000","15,066,000","17,444,000","17,221,000","16,334,000","16,471,000","16,225,000","16,157,000","16,014,000","15,885,000","16,040,000","15,874,000","16,082,000","19,900,000","18,600,000","18,800,000","17,664,000","16,300,000","14,200,000","12,600,000","12,030,000","10,400,000","9,600,000","7,300,000","4,706,000","6,000,000","5,800,000","5,600,000","5,449,000","5,900,000","6,600,000","4,900,000","4,324,000","4,100,000","3,500,000","2,800,000","2,000,000","2,400,000","2,400,000","2,300,000","2,900,000","2,400,000","2,200,000","2,100,000","1,900,000","1,700,000","2,100,000","1,600,000","1,700,000","900,000","1,200,000","1,300,000","1,200,000","1,300,000","1,100,000","1,000,000",,,,,,,,,,,,
NetIncomeFromContinuingOperationNetMinorityInterest,"-5,076,000","1,302,000","-1,634,000","-2,808,000","-1,936,000","-10,018,000","-1,666,000","369,000","27,832,000","424,759,000","15,990,000","23,886,000","242,286,000","210,518,000","15,417,000","32,764,000","37,033,000","187,599,000","-21,561,000","33,212,000","-5,809,000","23,814,000","12,260,000","86,388,000","87,844,000","46,402,000","43,145,000","30,466,000","12,616,000","13,630,000","-158,730,000","156,523,000","6,688,000","16,725,000","11,261,000","793,000","21,690,000","28,669,000","30,185,000","15,929,000","15,715,000","23,680,000","1,801,000","30,128,000","21,026,000","12,294,000","-29,135,000","61,616,000","10,065,000","37,189,000","-10,404,000","20,277,000","36,098,000","30,695,000","18,157,000","21,727,000","22,017,000","27,406,000","27,256,000","32,154,000","31,474,000","33,148,000","37,894,000","30,150,000","31,535,000","149,922,000","43,706,000","38,414,000","43,126,000","32,235,000","41,993,000","36,401,000","35,060,000","49,375,000","35,164,000","24,619,000","27,371,000","29,043,000","31,666,000","27,441,000","26,812,000","27,852,000","11,529,000","19,763,000","26,380,000","29,430,000","57,040,000","27,761,000","26,727,000","26,450,000","12,962,000","15,500,000","37,700,000","39,300,000","41,356,000","40,100,000","36,000,000","31,400,000","36,504,000","28,400,000","27,900,000","19,400,000","18,064,000","18,500,000","22,500,000","18,200,000","15,036,000","15,200,000","15,700,000","15,800,000","13,272,000","15,600,000","14,300,000","12,700,000","10,000,000","9,700,000","9,500,000","8,400,000","7,300,000","6,800,000","6,600,000","6,500,000","6,500,000","5,300,000","5,200,000","5,000,000","3,900,000","3,400,000","3,500,000","3,500,000","2,200,000","1,900,000","1,900,000","2,000,000","1,800,000","1,800,000","2,100,000","2,100,000","1,600,000","1,500,000","1,500,000","1,500,000","100,000","100,000","100,000","100,000"
TotalUnusualItemsExcludingGoodwill,"0",,"0","0",,,"208,000","131,000","26,916,000","419,620,000","24,000","1,945,000","220,792,000","193,037,000","-2,327,000","20,877,000","25,401,000","188,257,000","-29,399,000","24,877,000","-15,355,000","15,168,000","8,374,000","82,169,000","62,639,000","36,543,000","42,114,000","26,097,000","-6,684,000","3,536,000","-169,095,000","178,453,000","-22,716,000","4,756,000","-6,000","436,000","-145,000","5,638,000","-646,000","-1,286,000","-3,042,000","-2,569,000","-11,051,000","6,682,000","-2,415,000","-2,645,000","27,540,000","20,229,000","-11,090,000","-310,000","-54,579,000","-1,539,000","12,684,000","7,254,000",,,,"0","-3,119,000","2,408,000","-711,000",,"1,745,000","1,172,000","0","116,287,000","7,055,000","0","10,644,000",,,,,,,,,,,,,,,,,,,,,,,,,,,,,,,,,,,,,,,,,,,,,,,,,,,,,,,,,,,,,,,,,,,,,,,,,,,,,
TotalUnusualItems,"0",,"0","0",,,"208,000","131,000","26,916,000","419,620,000","24,000","1,945,000","220,792,000","193,037,000","-2,327,000","20,877,000","25,401,000","188,257,000","-29,399,000","24,877,000","-15,355,000","15,168,000","8,374,000","82,169,000","62,639,000","36,543,000","42,114,000","26,097,000","-6,684,000","3,536,000","-169,095,000","178,453,000","-22,716,000","4,756,000","-6,000","436,000","-145,000","5,638,000","-646,000","-1,286,000","-3,042,000","-2,569,000","-11,051,000","6,682,000","-2,415,000","-2,645,000","27,540,000","20,229,000","-11,090,000","-310,000","-54,579,000","-1,539,000","12,684,000","7,254,000",,,,"0","-3,119,000","2,408,000","-711,000",,"1,745,000","1,172,000","0","116,287,000","7,055,000","0","10,644,000",,,,,,,,,,,,,,,,,,,,,,,,,,,,,,,,,,,,,,,,,,,,,,,,,,,,,,,,,,,,,,,,,,,,,,,,,,,,,
NormalizedEBITDA,"13,115,000","4,151,000","2,792,000","1,806,000","2,523,000","-5,656,000","3,075,000","5,649,000","5,919,000","11,539,000","22,672,000","27,837,000","33,880,000","31,651,000","34,154,000","28,337,000","30,561,000","26,431,000","37,502,000","41,614,000","48,763,000","51,331,000","53,122,000","55,937,000","87,868,000","69,653,000","64,033,000","72,783,000","105,689,000","103,443,000","104,505,000","72,232,000","119,762,000","93,417,000","78,850,000","103,171,000","146,199,000","155,372,000","178,470,000","155,020,000","137,159,000","140,388,000","123,059,000","133,379,000","129,662,000","116,540,000","45,697,000","139,451,000","117,275,000","133,943,000","137,460,000","111,943,000","117,475,000","115,842,000","112,967,000","113,916,000","111,624,000","124,423,000","152,876,000","117,094,000","121,126,000","116,471,000","114,080,000","112,638,000","113,458,000","-6,404,000","98,257,000","104,903,000","92,272,000","96,989,000","95,806,000","93,222,000","81,578,000","76,998,000","74,753,000","72,553,000","69,675,000","68,357,000","67,080,000","60,812,000","60,300,000","59,345,000","54,969,000","58,476,000","59,864,000","64,657,000","60,807,000","63,786,000","62,475,000","61,730,000","-280,067,000","209,200,000","171,400,000","168,000,000","-136,154,000","153,200,000","131,200,000","113,600,000","-52,872,000","88,600,000","80,200,000","54,400,000","-19,948,000","42,900,000","45,700,000","40,600,000","-13,436,000","40,400,000","43,200,000","35,500,000","-6,733,000","33,100,000","27,600,000","23,800,000","20,500,000","20,200,000","19,000,000","17,800,000","18,800,000","17,800,000","16,900,000","16,400,000","15,800,000","15,300,000","15,400,000","14,100,000","11,400,000","12,200,000","12,100,000","11,100,000","9,100,000","8,600,000","8,000,000","7,400,000","9,600,000","4,800,000","4,700,000","4,600,000","6,500,000","2,700,000","2,200,000","1,900,000","100,000","100,000","100,000","100,000"
TaxRateForCalcs,"0.4","0.006","0.27","0.27","0.27","0.27","0.27","0.161","0.002","0","0.01","0.27","0.001","0.006","0.034","0.002","0.27","0.016","0.003","0.01","0.4","0.007","0.022","0.003","0.002","0.002","0.4","0.001","0.188","0.4","0.35","0.005","0.35","0.087","0.35","0.35","0.023","0.025","0.035","0.06","0.005","0.02","0.251","0.01","0.004","0.027","0.35","0.35","0.018","0.005","0.35","0.009","0.005","0.005","0.009","0.02","0.35","0.006","0.35","0.35","0.35","0.35","0.4","0.4","0.4","0.4","0.4","0.4","0.4","0.4","0.4","0.4","0.4","0.4","0.4","0.4","0.4","0.4","0.4","0.4","0.4","0.4","0.4","0.4","0.4","0.4","0.4","0.4","0.4","0.4","0.4","0.4","0.4","0.4","0.4","0.4","0.4","0.4","0.4","0.4","0.4","0.4","0.4","0.4","0.4","0.4","0.4","0.4","0.4","0.4","0.4","0.4","0.4","0.4","0.4","0.4","0.4","0.4","0.4","0.4","0.4","0.4","0.4","0.4","0.4","0.4","0.4","0.4","0.4","0.4","0.4","0.4","0.4","0.4","0.4","0.4","0.4","0.4","0.4","0.4","0.4","0.4","0.4","0.4","0.4","0.4"
TaxEffectOfUnusualItems,"0","0","0","0","0","0","56,160","21,090.703","56,827.483","39,442.882","245.034","525,150","309,287.277","1,184,292.84","-78,723.218","41,319.195","6,858,270","2,968,960.864","-74,775.481","248,332.638","-6,142,000","110,613.827","186,979.266","213,455.544","117,436.114","58,969.49","16,845,600","19,686.805","-1,254,514.197","1,414,400","-59,183,250","803,389.34","-7,950,600","415,943.902","-2,100","152,600","-3,366.901","140,615.54","-22,714.757","-77,636.862","-13,767.414","-50,424.799","-2,775,386.279","67,401.807","-10,293.143","-72,402.69","9,639,000","7,080,150","-195,909.623","-1,509.727","-19,102,650","-13,243.241","66,412.037","35,744.416","0","0","0","0","-1,091,650","842,800","-248,850","0","698,000","468,800","0","46,514,800","2,822,000","0","4,257,600","0","0","0","0","0","0","0","0","0","0","0","0","0","0","0","0","0","0","0","0","0","0","0","0","0","0","0","0","0","0","0","0","0","0","0","0","0","0","0","0","0","0","0","0","0","0","0","0","0","0","0","0","0","0","0","0","0","0","0","0","0","0","0","0","0","0","0","0","0","0","0","0","0","0","0","0","0"