name,ttm,03/31/2022,12/31/2021,09/30/2021,06/30/2021,03/31/2021,12/31/2020,09/30/2020,06/30/2020,03/31/2020,12/31/2019,09/30/2019,06/30/2019,03/31/2019,12/31/2018,09/30/2018,06/30/2018,03/31/2018,12/31/2017,09/30/2017,06/30/2017,03/31/2017,12/31/2016,09/30/2016,06/30/2016,03/31/2016,12/31/2015,09/30/2015,06/30/2015,03/31/2015,12/31/2014,09/30/2014,06/30/2014,03/31/2014,12/31/2013,09/30/2013,06/30/2013,03/31/2013,12/31/2012,09/30/2012,06/30/2012,03/31/2012,12/31/2011,09/30/2011,06/30/2011,03/31/2011,12/31/2010,09/30/2010,06/30/2010,03/31/2010,12/31/2009,09/30/2009,06/30/2009,03/31/2009,12/31/2008,09/30/2008,06/30/2008,03/31/2008,12/31/2007,09/30/2007,06/30/2007,03/31/2007,12/31/2006,09/30/2006,06/30/2006,03/31/2006,12/31/2005,09/30/2005,06/30/2005,03/31/2005,12/31/2004,09/30/2004,06/30/2004,03/31/2004,12/31/2003,09/30/2003,06/30/2003,03/31/2003,12/31/2002,09/30/2002,06/30/2002,03/31/2002,12/31/2001,09/30/2001,06/30/2001,03/31/2001,12/31/2000,09/30/2000,06/30/2000,03/31/2000,12/31/1999,09/30/1999,06/30/1999,03/31/1999,12/31/1998,09/30/1998,06/30/1998,03/31/1998,12/31/1997,09/30/1997,06/30/1997,03/31/1997,12/31/1996,09/30/1996,06/30/1996,03/31/1996,12/31/1995,09/30/1995,06/30/1995,03/31/1995,12/31/1994,09/30/1994,06/30/1994,03/31/1994,12/31/1993,09/30/1993,06/30/1993,03/31/1993,12/31/1992,09/30/1992,06/30/1992,03/31/1992,12/31/1991,09/30/1991,06/30/1991,03/31/1991,12/31/1990,09/30/1990,06/30/1990,03/31/1990,12/31/1989,09/30/1989,06/30/1989,03/31/1989,12/31/1988,09/30/1988,06/30/1988,03/31/1988,12/31/1987,09/30/1987,06/30/1987,03/31/1987,12/31/1986,09/30/1986,06/30/1986,03/31/1986,12/31/1985,09/30/1985
TotalRevenue,"8,199,496,000","2,498,527,000","2,823,154,000","1,792,399,000","1,085,416,000","1,138,736,000","841,051,000","599,309,000","500,648,000","717,621,000","850,801,000","771,263,000","902,617,000","1,275,169,000","1,094,955,000","1,161,945,000","1,108,568,000","1,370,991,000","961,958,000","624,688,000","644,567,000","756,781,000","595,671,000","463,370,000","362,224,000","436,074,000","444,152,000","415,752,000","428,915,000","665,181,000","703,194,000","578,723,000","526,168,000","661,625,000","276,661,000","506,598,000","520,092,000","558,660,000","489,787,000","364,057,000","337,804,000","449,960,000","498,543,000","336,720,000","349,000,000","455,671,000","371,218,000","257,335,000","257,515,000","436,640,000","344,027,000","218,357,000","238,040,000","469,403,000","408,878,000","297,827,000","334,009,000","535,774,000","384,814,000","226,806,000","293,240,000","456,546,000","353,783,000","232,801,000","251,207,000","430,119,000","280,398,000","264,528,000","269,031,000","439,767,000","344,695,000","205,847,000","240,640,000","400,427,000","300,944,000","185,515,000","218,496,000","342,322,000","483,362,000","162,571,000","268,638,000","344,057,000","324,022,000","243,768,000","345,544,000","851,157,000","590,522,000","344,161,000","338,436,000","379,099,000","261,400,000","191,600,000","189,600,000","420,100,000","254,900,000","159,300,000","182,100,000","299,400,000","689,600,000","508,100,000","400,800,000","552,600,000","472,700,000","357,000,000","391,800,000","640,300,000","433,800,000","271,000,000","316,500,000","404,700,000","343,900,000","297,700,000","316,100,000","439,500,000","344,500,000","272,700,000","207,800,000","269,800,000","261,400,000","144,400,000","161,400,000","245,200,000","218,700,000","115,200,000","119,000,000","226,700,000","219,900,000","107,200,000","127,000,000","205,100,000","209,500,000","57,900,000","84,800,000","159,300,000","128,100,000","53,300,000","71,600,000","153,400,000","113,800,000","60,800,000","76,800,000","156,000,000","118,300,000","56,500,000","86,800,000","193,300,000","107,400,000","67,500,000"
	OperatingRevenue,"8,199,496,000","2,498,527,000","2,823,154,000","1,792,399,000","1,085,416,000","1,138,736,000","841,051,000","599,309,000","500,648,000","717,621,000","850,801,000","771,263,000","902,617,000","1,275,169,000","1,094,955,000","1,161,945,000","1,108,568,000","1,370,991,000","961,958,000","624,688,000","644,567,000","756,781,000","595,671,000","463,370,000","362,224,000","436,074,000","444,152,000","415,752,000","428,915,000","665,181,000","703,194,000","578,723,000","526,168,000","661,625,000","276,661,000","506,598,000","520,092,000","558,660,000","489,787,000","364,057,000","337,804,000","449,960,000","498,543,000","336,720,000","349,000,000","455,671,000","371,218,000","257,335,000","257,515,000","436,640,000","344,027,000","218,357,000","238,040,000","469,403,000","408,878,000","297,827,000","334,009,000","535,774,000","384,814,000","226,806,000","293,240,000","456,546,000","353,783,000","232,801,000","251,207,000","430,119,000","280,398,000","264,528,000","269,031,000","439,767,000","344,695,000","205,847,000","240,640,000","400,427,000","300,944,000","185,515,000","218,496,000","342,322,000","483,362,000","162,571,000","268,638,000","344,057,000","324,022,000","243,768,000","345,544,000","851,157,000","590,522,000","344,161,000","338,436,000","379,099,000","261,400,000","191,600,000","189,600,000","420,100,000","254,900,000","159,300,000","182,100,000","299,400,000","689,600,000","508,100,000","400,800,000","552,600,000","472,700,000","357,000,000","391,800,000","640,300,000","433,800,000","271,000,000","316,500,000","404,700,000","343,900,000","297,700,000","316,100,000","439,500,000","344,500,000","272,700,000","207,800,000","269,800,000","261,400,000","144,400,000","161,400,000","245,200,000","218,700,000","115,200,000","119,000,000","226,700,000","219,900,000","107,200,000","127,000,000","205,100,000","209,500,000","57,900,000","84,800,000","159,300,000","128,100,000","53,300,000","71,600,000","153,400,000","113,800,000","60,800,000","76,800,000","156,000,000","118,300,000","56,500,000","86,800,000","193,300,000","107,400,000","67,500,000"
CostOfRevenue,"3,983,230,000","1,009,214,000","1,086,570,000","995,596,000","891,850,000","870,130,000","849,986,000","815,866,000","774,538,000","845,218,000","866,523,000","874,511,000","856,055,000","884,109,000","1,424,052,000","685,197,000","686,332,000","708,884,000","577,225,000","422,409,000","420,028,000","411,413,000","448,334,000","353,029,000","341,880,000","325,320,000","335,376,000","305,765,000","291,253,000","285,835,000","286,400,000","258,539,000","240,824,000","229,226,000","147,679,000","240,989,000","246,689,000","274,574,000","482,413,000","95,017,000","98,941,000","147,307,000","181,466,000","69,791,000","73,008,000","140,755,000","124,332,000","66,272,000","69,353,000","166,436,000","123,757,000","68,813,000","88,757,000","258,928,000","242,723,000","139,031,000","168,171,000","313,845,000","211,619,000","110,333,000","158,646,000","263,968,000","182,920,000","113,613,000","127,149,000","248,540,000","137,429,000","130,032,000","145,254,000","255,306,000","203,445,000","95,334,000","125,242,000","226,381,000","160,707,000","84,367,000","113,651,000","181,987,000","350,043,000","69,783,000","169,423,000","207,215,000","210,918,000","158,217,000","246,962,000","695,893,000","483,581,000","256,212,000","237,315,000","247,049,000","143,600,000","125,400,000","113,400,000","321,400,000","141,900,000","119,500,000","144,400,000","219,200,000","595,200,000","456,900,000","364,000,000","465,200,000","395,700,000","325,100,000","353,700,000","534,100,000","324,700,000","223,400,000","274,500,000","313,900,000","282,000,000","255,400,000","274,300,000","339,600,000","274,800,000","220,300,000","168,900,000","183,500,000","193,500,000","106,300,000","130,400,000","165,300,000","159,300,000","63,700,000","95,900,000","155,400,000","151,500,000","88,400,000","97,100,000","139,500,000",,,,"97,000,000",,,,,,,,,,,,,,
GrossProfit,"4,216,266,000","1,489,313,000","1,736,584,000","796,803,000","193,566,000","268,606,000","-8,935,000","-216,557,000","-273,890,000","-127,597,000","-15,722,000","-103,248,000","46,562,000","391,060,000","-329,097,000","476,748,000","422,236,000","662,107,000","384,733,000","202,279,000","224,539,000","345,368,000","147,337,000","110,341,000","20,344,000","110,754,000","108,776,000","109,987,000","137,662,000","379,346,000","416,794,000","320,184,000","285,344,000","432,399,000","128,982,000","265,609,000","273,403,000","284,086,000","7,374,000","269,040,000","238,863,000","302,653,000","317,077,000","266,929,000","275,992,000","314,916,000","246,886,000","191,063,000","188,162,000","270,204,000","220,270,000","149,544,000","149,283,000","260,396,000","384,789,000","158,796,000","165,838,000","221,929,000","173,195,000","116,473,000","134,594,000","192,578,000","170,863,000","119,188,000","124,058,000","181,579,000","142,969,000","134,496,000","123,777,000","184,461,000","141,250,000","110,513,000","115,398,000","174,046,000","140,237,000","101,148,000","104,845,000","160,335,000","133,319,000","92,788,000","99,215,000","136,842,000","113,104,000","85,551,000","98,582,000","155,264,000","106,941,000","87,949,000","101,121,000","132,050,000","117,800,000","66,200,000","76,200,000","98,700,000","113,000,000","39,800,000","37,700,000","80,200,000","94,400,000","51,200,000","36,800,000","87,400,000","77,000,000","31,900,000","38,100,000","106,200,000","109,100,000","47,600,000","42,000,000","90,800,000","61,900,000","42,300,000","41,800,000","99,900,000","69,700,000","52,400,000","38,900,000","86,300,000","67,900,000","38,100,000","31,000,000","79,900,000","59,400,000","51,500,000","23,100,000","71,300,000","68,400,000","18,800,000","29,900,000","65,600,000",,,,"62,300,000",,,,,,,,,,,,,,
OperatingExpense,"256,710,000","86,215,000","5,264,000","108,374,000","56,857,000","55,398,000","52,035,000","59,490,000","44,217,000","35,861,000","39,311,000","82,868,000","88,065,000","49,985,000","-29,119,000","111,064,000","124,297,000","83,459,000","99,900,000","100,210,000","81,071,000","95,466,000","61,492,000","95,240,000","110,143,000","92,548,000","117,664,000","101,195,000","108,887,000","108,179,000","105,522,000","88,681,000","98,322,000","75,608,000","34,474,000","95,061,000","102,108,000","85,451,000","-143,616,000","183,092,000","157,459,000","150,467,000","144,324,000","132,088,000","122,822,000","117,289,000","112,231,000","102,881,000","109,633,000","101,091,000","107,061,000","109,612,000","81,769,000","74,339,000","84,631,000","-3,930,000","64,705,000","102,506,000","79,263,000","59,105,000","73,075,000","93,724,000","61,251,000","58,053,000","52,847,000","53,922,000","44,382,000","76,522,000","60,111,000","53,560,000","67,810,000","45,986,000","68,241,000","54,519,000","58,334,000","46,971,000","48,028,000","51,015,000","54,874,000","41,913,000","39,862,000","42,624,000","59,519,000","43,654,000","47,809,000","46,991,000","61,752,000","45,323,000","50,450,000","56,302,000","68,900,000","48,900,000","55,800,000","42,300,000","116,900,000","26,300,000","24,300,000","31,400,000","39,300,000","30,400,000","29,700,000","34,000,000","30,600,000","28,000,000","29,200,000","36,900,000","33,800,000","33,100,000","36,900,000","42,500,000","35,400,000","29,500,000","31,700,000","38,900,000","33,300,000","27,600,000","24,900,000","30,900,000","26,900,000","23,800,000","22,300,000","29,500,000","25,600,000","20,500,000","18,800,000","23,800,000","21,500,000","17,200,000","17,600,000","21,400,000",,,,"20,300,000",,,,,,,,,,,,,,
	SellingGeneralAndAdministration,"220,405,000","69,096,000","52,343,000","49,113,000","49,853,000","45,006,000","40,160,000","56,330,000","43,341,000","34,938,000","38,444,000","79,376,000","86,208,000","48,978,000","88,392,000","65,400,000","77,813,000","52,615,000","56,427,000","77,170,000","57,009,000","72,058,000","76,122,000","61,384,000","77,299,000","57,942,000","56,510,000","60,633,000","65,404,000","67,378,000","68,752,000","57,131,000","63,283,000","48,968,000","38,477,000","52,944,000","60,930,000","48,498,000","58,896,000","51,481,000","41,778,000","42,942,000","47,722,000","44,745,000","40,936,000","38,891,000","37,590,000","34,333,000","44,416,000","39,212,000","51,466,000","59,906,000","35,581,000","29,750,000","44,900,000","-38,199,000","32,654,000","71,741,000","51,387,000","32,198,000","45,483,000","66,297,000","35,292,000","32,904,000","28,050,000","29,705,000","21,175,000","53,017,000","36,735,000","30,121,000","49,933,000","24,177,000","46,631,000","32,752,000","37,830,000","27,315,000","28,803,000","32,262,000","36,577,000","24,300,000","23,091,000","25,857,000","38,926,000","25,554,000","30,405,000","29,858,000","41,727,000","24,290,000","23,515,000","26,518,000","22,500,000","24,800,000","24,300,000","20,500,000",,,,,,,,,,,,,,,,,,,,,,,,,,,,,,,,,,,,,,,,,,,,,,,,,,,,,,
	DepreciationAmortizationDepletionIncomeStatement,"35,916,000",,,,,,,"7,478,000","7,477,000","7,478,000","7,477,000","7,755,000","10,342,000","10,342,000","-20,818,000","20,728,000","20,729,000","20,728,000","10,940,000","246,560,000",,,,,,,,,,,,,,,"178,150,000",,,,,"131,611,000","115,681,000","107,525,000","91,670,000","87,343,000","81,886,000","78,398,000","74,641,000","68,548,000","65,217,000","61,879,000","55,595,000","49,706,000","46,188,000","44,589,000","39,731,000","34,269,000","32,051,000","30,765,000","27,876,000","26,907,000","27,592,000","27,427,000","25,959,000","25,149,000","24,797,000","24,217,000","23,207,000","23,505,000","23,376,000","23,439,000","17,877,000","21,809,000","21,610,000","21,767,000","20,504,000","19,656,000","19,225,000","18,753,000","18,297,000","17,613,000","16,771,000","16,767,000","20,593,000","18,100,000","17,404,000","17,133,000","20,025,000","21,033,000","26,935,000","29,784,000","46,400,000","24,100,000","31,500,000","21,800,000","28,400,000","21,700,000","19,800,000","19,700,000","31,200,000","23,600,000","20,300,000","20,000,000","19,900,000","20,800,000","20,100,000","21,600,000","20,400,000","26,700,000","28,800,000","28,600,000","24,700,000","23,300,000","22,400,000","22,900,000","21,700,000","20,700,000","16,800,000","17,600,000","17,200,000","16,700,000","14,900,000","17,100,000","15,700,000","13,800,000","12,500,000","12,600,000","13,000,000","11,500,000","11,200,000","11,500,000",,,,"10,900,000",,,,,,,,,,,,,,
		DepreciationAndAmortizationInIncomeStatement,"35,916,000",,,,,,,"7,478,000","7,477,000","7,478,000","7,477,000","7,755,000","10,342,000","10,342,000","-20,818,000","20,728,000","20,729,000","20,728,000","10,940,000",,,,,,,,,,,,,,,,,,,,,,,,,,,,,,,,,,,,,"34,269,000","32,051,000","30,765,000","27,876,000","26,907,000","27,592,000","27,427,000","25,959,000","25,149,000","24,797,000","24,217,000","23,207,000","23,505,000","23,376,000","23,439,000","17,877,000","21,809,000","21,610,000","21,767,000","20,504,000","19,656,000","19,225,000","18,753,000","18,297,000","17,613,000","16,771,000","16,767,000","20,593,000","18,100,000","17,404,000","17,133,000","20,025,000","21,033,000","26,935,000","29,784,000","46,400,000","24,100,000","31,500,000","21,800,000","28,400,000","21,700,000","19,800,000","19,700,000","31,200,000","23,600,000","20,300,000","20,000,000","19,900,000","20,800,000","20,100,000","21,600,000","20,400,000","26,700,000","28,800,000","28,600,000","24,700,000","23,300,000","22,400,000","22,900,000","21,700,000","20,700,000","16,800,000","17,600,000","17,200,000","16,700,000","14,900,000","17,100,000","15,700,000","13,800,000","12,500,000","12,600,000","13,000,000","11,500,000","11,200,000","11,500,000",,,,"10,900,000",,,,,,,,,,,,,,
			Amortization,"35,916,000",,,,,,,"7,478,000","7,477,000","7,478,000","7,477,000","7,755,000","10,342,000","10,342,000","-20,818,000","20,728,000","20,729,000","20,728,000","10,940,000",,,,,,,,,,,,,,,,,,,,,,,,,,,,,,,,,,,,,,,,,,,,,,,,,,,,,,,,,,,,,,,,,,,,,,,,,,,,,,,,,,,,,,,,,,,,,,,,,,,,,,,,,,,,,,,,,,,,,,,,,,,,,,,,,
				AmortizationOfIntangiblesIncomeStatement,"35,916,000",,,,,,,"7,478,000","7,477,000","7,478,000","7,477,000","7,755,000","10,342,000","10,342,000","-20,818,000","20,728,000","20,729,000","20,728,000","10,940,000",,,,,,,,,,,,,,,,,,,,,,,,,,,,,,,,,,,,,,,,,,,,,,,,,,,,,,,,,,,,,,,,,,,,,,,,,,,,,,,,,,,,,,,,,,,,,,,,,,,,,,,,,,,,,,,,,,,,,,,,,,,,,,,,,
	OtherTaxes,,,,,,,,,,,,,,,,,,,,,,,,,,,,,,,,,,,,,,,,,,,,,,,,,,,,,,,,,,,,,,,,,,,,,,,,,,,,,,,,,,,,,,,,,,,,,,,,"4,600,000","4,500,000","11,700,000","8,100,000","6,800,000","9,400,000","14,000,000","10,700,000","7,200,000","9,100,000","15,300,000","13,400,000","6,400,000","8,100,000","13,900,000","10,700,000","6,200,000","9,300,000","16,000,000","11,600,000","6,900,000","8,100,000","13,300,000","9,700,000","7,100,000","7,400,000","12,400,000","9,900,000","6,700,000","6,300,000","11,200,000","8,500,000","5,700,000","6,400,000","9,900,000",,,,"9,400,000",,,,,,,,,,,,,,
	OtherOperatingExpenses,"36,305,000","17,119,000","-47,079,000","59,261,000","7,004,000","10,392,000","11,875,000","3,160,000","876,000","923,000","867,000","3,492,000","1,857,000","1,007,000","-35,293,000","15,772,000","21,182,000","5,104,000","16,078,000","2,436,000","3,481,000","3,122,000","4,025,000","2,671,000","3,591,000","3,123,000","29,817,000","8,177,000","11,422,000","12,554,000","9,239,000","3,606,000","7,452,000","1,419,000","3,359,000","5,256,000","6,138,000","3,730,000","5,492,000",,,,,,,,,,,,,,,,,,,,,,,,,,,,,,,,,,,,,,,,,,,,,,,,,,,,,,,,,,,,,,,,,,,,,,,,,,,,,,,,,,,,,,,,,,,,,,,,,,,,,,,,,,,,,
OperatingIncome,"3,959,556,000","1,403,098,000","1,731,320,000","688,429,000","136,709,000","213,208,000","-60,970,000","-276,047,000","-318,107,000","-163,458,000","-55,033,000","-186,116,000","-41,503,000","341,075,000","-299,978,000","365,684,000","297,939,000","578,648,000","284,833,000","102,069,000","143,468,000","249,902,000","85,845,000","15,101,000","-89,799,000","18,206,000","-8,888,000","8,792,000","28,775,000","271,167,000","311,272,000","231,503,000","187,022,000","356,791,000","94,508,000","170,548,000","171,295,000","198,635,000","150,990,000","85,948,000","81,404,000","152,186,000","172,753,000","134,841,000","153,170,000","197,627,000","134,655,000","88,182,000","78,529,000","169,113,000","113,209,000","39,932,000","67,514,000","136,136,000","81,524,000","162,726,000","101,133,000","119,423,000","93,932,000","57,368,000","61,519,000","98,854,000","109,612,000","61,135,000","71,211,000","127,657,000","98,587,000","57,974,000","63,666,000","130,901,000","73,440,000","64,527,000","47,157,000","119,527,000","81,903,000","54,177,000","56,817,000","109,320,000","78,445,000","50,875,000","59,353,000","94,218,000","53,585,000","41,897,000","50,773,000","108,273,000","45,189,000","42,626,000","50,671,000","75,748,000","48,900,000","17,300,000","20,400,000","56,400,000","-3,900,000","13,500,000","13,400,000","48,800,000","55,100,000","20,800,000","7,100,000","53,400,000","46,400,000","3,900,000","8,900,000","69,300,000","75,300,000","14,500,000","5,100,000","48,300,000","26,500,000","12,800,000","10,100,000","61,000,000","36,400,000","24,800,000","14,000,000","55,400,000","41,000,000","14,300,000","8,700,000","50,400,000","33,800,000","31,000,000","4,300,000","47,500,000","46,900,000","1,600,000","12,300,000","44,200,000","-207,700,000","57,900,000","84,800,000","42,000,000","-191,100,000","53,300,000","71,600,000","153,400,000","-214,900,000","60,800,000","76,800,000","156,000,000","-230,900,000","56,500,000","86,800,000","193,300,000","-260,100,000","67,500,000"
NetNonOperatingInterestIncomeExpense,"-306,332,000","-67,902,000","-76,469,000","-80,349,000","-76,986,000","-75,099,000","-74,286,000","-69,154,000","-65,386,000","-62,374,000","-45,066,000","-47,709,000","-50,503,000","-56,573,000","11,101,000","-93,042,000","-77,004,000","-70,013,000","-65,662,000","-50,377,000","-44,078,000","-42,655,000","-39,451,000","-35,984,000","-36,305,000","-36,180,000","-35,935,000","-36,547,000","-36,833,000","-37,216,000","-36,979,000","-35,717,000","-31,873,000","-31,968,000","-31,998,000","-35,554,000","-37,384,000","-37,752,000","-62,445,000","-40,460,000","-40,629,000","-41,252,000","-37,686,000","-32,503,000","-33,287,000","-32,852,000","-26,082,000","-33,861,000","-34,080,000","-34,134,000","-33,683,000","-32,393,000","-26,460,000","-19,243,000",,,,,,,,,,,,,,,,,,,,,,,,,,,,,,,,,,,,,,,,,,,,,,,,,,,,,,,,,,,,,,,,,,,,,,,,,,,,,,,,,,,,,,,,,,,,,,
	InterestExpenseNonOperating,"306,332,000","67,902,000","76,469,000","80,349,000","76,986,000","75,099,000","74,286,000","69,154,000","65,386,000","62,374,000","45,066,000","47,709,000","50,503,000","56,573,000","-11,101,000","93,042,000","77,004,000","70,013,000","65,662,000","50,377,000","44,078,000","42,655,000","39,451,000","35,984,000","36,305,000","36,180,000","35,935,000","36,547,000","36,833,000","37,216,000","36,979,000","35,717,000","31,873,000","31,968,000","31,998,000","35,554,000","37,384,000","37,752,000","62,445,000","40,460,000","40,629,000","41,252,000","37,686,000","32,503,000","33,287,000","32,852,000","26,082,000","33,861,000","34,080,000","34,134,000","33,683,000","32,393,000","26,460,000","19,243,000",,,,,,,,,,,,,,,,,,,,,,,,,,,,,,,,,,,,,,,,,,,,,,,,,,,,,,,,,,,,,,,,,,,,,,,,,,,,,,,,,,,,,,,,,,,,,,
OtherIncomeExpense,"-7,171,292,000","-3,315,476,000","738,783,000","-3,250,511,000","-1,344,088,000","-193,635,000","196,014,000","-481,196,000","17,415,000","91,515,000","-1,443,357,000","-213,546,000","256,437,000","-55,577,000","-1,039,864,000","-272,105,000","-186,218,000","-2,292,579,000","-74,548,000","42,484,000","52,964,000","144,123,000","-266,817,000","104,071,000","-227,049,000","113,835,000","57,843,000","163,924,000","6,948,000","44,531,000","-270,223,000","1,004,000","40,328,000","2,551,000","22,014,000","2,405,000","2,111,000","2,330,000","3,047,000","2,988,000","5,249,000","4,681,000","6,190,000","183,241,000","18,046,000","29,589,000","4,347,000","2,924,000","2,573,000","3,054,000","2,104,000","2,461,000","2,308,000","1,712,000","-6,145,000","2,168,000","3,271,000","4,818,000","10,745,000","3,627,000","120,067,000","1,151,000","140,000","70,000","5,692,000","174,000","20,989,000","21,163,000","53,048,000","2,405,000","42,707,000","1,834,000","104,452,000","901,000","-8,037,000","203,000","1,519,000","-4,433,000","-3,630,000","-727,000","-12,782,000","-4,067,000","-268,000","6,599,000","6,839,000","12,931,000","23,587,000","5,711,000","-5,961,000","1,434,000","600,000","1,100,000","600,000","700,000","-160,900,000","600,000","400,000","-100,000","26,600,000","6,000,000","-24,300,000","1,700,000","-1,100,000","-800,000","2,700,000","2,200,000","-240,200,000","-1,400,000","400,000","-600,000","1,900,000","800,000","200,000","300,000","1,400,000","100,000","-100,000","300,000","700,000","400,000","100,000","600,000","100,000","300,000","-300,000","-200,000","300,000","800,000","-100,000",,,,,"200,000",,,,,,,,,,,,,,
	GainOnSaleOfSecurity,"-6,605,261,000","-3,094,826,000","1,029,296,000","-3,209,793,000","-1,329,938,000","-173,661,000","405,218,000","-420,481,000","112,999,000","23,522,000","124,359,000","-57,820,000","326,539,000","-21,954,000","-184,211,000","-3,075,000","-53,897,000","62,592,000","167,328,000","35,625,000","46,326,000","140,742,000","-216,649,000","93,356,000","-234,693,000","108,995,000","176,648,000","161,263,000","4,259,000","43,592,000",,,,,,,,,,,,,,,,"4,015,000",,,,,,,,,,,,,,,,,,,,,,,,,,,,,,,,,,,,,,,,,,,,,,,,,,,,,,,,,,,,,,,,,,,,,,,,,,,,,,,,,,,,,,,,,,,,,,,,,,,,,,
	EarningsFromEquityInterest,,,,,,"0","0","0","0","187,223,000","-60,214,000","-261,093,000","-104,741,000","89,055,000",,,,,,,,,,,,,,,,,,,,,,,,,,,,"2,212,000",,,,"2,358,000","2,079,000","2,646,000","2,420,000","2,527,000","1,827,000","1,950,000","1,610,000","1,122,000","1,166,000","1,557,000",,,,,,,,,,,,,,,,,,,,,,,,,,,,,,,,,,,,,,,,,,,,,,,,,,,,,,,,,,,,,,,,,,,,,,,,,,,,,,,,,,,,,,,,,,,,
	SpecialIncomeCharges,"-566,031,000","-220,650,000","-290,513,000","-40,718,000","-14,150,000","-19,974,000","-209,204,000","-60,715,000","-95,584,000","67,993,000","-1,567,716,000","-155,726,000","-70,102,000","-33,623,000","-747,212,000","-290,785,000","-144,073,000","-2,364,756,000","-234,909,000",,,,"-58,662,000",,"0",,"-122,469,000","0","0",,"-270,942,000","0","37,749,000",,"19,618,000",,,,"-12,918,000","2,988,000","5,249,000","2,469,000","-196,738,000","183,241,000","18,046,000","23,216,000","189,000","278,000","153,000","527,000","277,000","511,000","698,000","590,000","-7,311,000","611,000","3,271,000","4,818,000","10,745,000","3,627,000","120,067,000","1,151,000","140,000","70,000","5,692,000","174,000","20,989,000","21,163,000","53,048,000","2,405,000","42,707,000","1,834,000","104,452,000","901,000","-8,037,000","203,000","1,519,000","-4,433,000","-3,630,000","-727,000","-12,782,000","-4,067,000","-268,000","6,599,000","6,839,000","12,931,000","23,587,000","5,711,000","-5,961,000","1,434,000","600,000","1,100,000","600,000","700,000","-160,900,000","600,000","400,000","-100,000","26,600,000","6,000,000","-24,300,000","1,700,000","-1,100,000","-800,000","2,700,000","2,200,000","-240,200,000","-1,400,000","400,000","-600,000","1,900,000","800,000","200,000","300,000","1,400,000","100,000","-100,000","300,000","700,000","400,000","100,000","600,000","100,000","300,000","-300,000","-200,000","300,000","800,000",,,,,,"200,000",,,,,,,,,,,,,,
		RestructuringAndMergernAcquisition,,,,,,,"10,587,000","1,855,000","4,745,000","0","14,659,000","76,779,000","21,518,000","4,089,000","-66,845,000","31,506,000","25,959,000","35,711,000","222,268,000",,,,,,,,,,,,,,,,,,,,,,,,,,,,,,,,,,,,,,,,,,,,,,,,,,,,,,,,,,,,,,,,,,,,,,,,,,,,,,,,,,,,,,,,,,,,,,,,,,,,,,,,,,,,,,,,,,,,,,,,,,,,,,,,,
		ImpairmentOfCapitalAssets,"-7,890,000","29,991,000","-104,624,000","41,109,000","25,634,000",,"135,423,000","0",,,"1,124,352,000","29,346,000","0","0","534,349,000","259,279,000","118,114,000","2,329,045,000","0",,,,"66,687,000",,"0",,"118,217,000",,,,"267,339,000",,,,,,,,,,,,,,,,,,,,,,,,,,,,,,,,,,,,,,,,,,,,,,,,,,,,,,,,,,,,,,,,,,,,,,,,,,,,,,,,,,,,,,,,,,,,,,,,,,,,,,,,,,,,,,,,,,,,,
		WriteOff,"496,780,000","184,945,000",,,,"16,757,000","161,192,000","50,449,000","41,279,000","53,768,000","428,705,000","49,601,000","48,584,000","29,534,000","244,124,000",,,,,,,,,,,,,,,,,,,,,,,,,,,,,,,,,,,,,,,,,,,,,,,,,,,,,,,,,,,,,,,,,,,,,,,,,,,,,,,,,,,,,,,,,,,,,,,,,,,,,,,,,,,,,,,,,,,,,,,,,,,,,,,,,,,,,
		OtherSpecialCharges,"12,255,000","6,923,000","0",,"5,332,000","4,424,000","4,723,000","3,749,000","353,000","16,610,000",,,,,,,,,"12,641,000",,,,,,,,,,,,,,,,,,,,,,,,,,"-18,046,000","-431,000",,,,,,,,,,,,,,,,,,,,,,,,,,,,,,,,,,,,,,,,,,,,,,,,,,,,,,,,,,,,,,,,,,,,,,,,,,,,,,,,,,,,,,,,,,,,,,,,,,,,,,
		GainOnSaleOfBusiness,,,"0","0","0","0","0","0","0","187,223,000",,,,,,,,,,,,,,,,,,,,,,,,,,,,,,,,,,,,,,,,,,,,,,,,,,,,,,,,,,,,,,,,,,,,,,,,,,,,,,,,,,,,,,,,,,,,,,,,,,,,,,,,,,,,,,,,,,,,,,,,,,,,,,,,,,,,,,,,,,
		GainOnSaleOfPPE,,"1,209,000",,"391,000","16,816,000","1,207,000",,"-4,662,000","-49,207,000","-48,852,000",,,,,,,,,"0",,,,"8,025,000",,,,"0","0","0",,"-3,603,000","0","37,749,000",,"19,618,000",,,,"0",,,,,,"0","22,785,000",,,,,,,,,,,,,,,,,,,,,,,,,,,,,,,,,,,,,,,,,,,,,,,,,,,,,,,,,,,,,,,,,,,,,,,,,,,,,,,,,,,,,,,,,,,,,,,,,,,,,,
	OtherNonOperatingIncomeExpenses,,,,,,,,,,,,,,,"-108,441,000","21,755,000","11,752,000","9,585,000","8,077,000","6,859,000","6,638,000","3,381,000","8,494,000","10,715,000","7,644,000","4,840,000","3,664,000","2,661,000","2,689,000","939,000","719,000","1,004,000","2,579,000","2,551,000","2,396,000","2,405,000","2,111,000","2,330,000","2,124,000",,,,,,,,,,,,,,,,,,,,,,,,,,,,,,,,,,,,,,,,,,,,,,,,,,,,,,,,,,,,,,,,,,,,,,,,,,,,,,,,,,,,,,,,,,,,,,,,,,,,,,,,,,,,,
PretaxIncome,"-3,518,068,000","-1,980,280,000","2,393,634,000","-2,642,431,000","-1,284,365,000","-55,526,000","60,758,000","-826,397,000","-366,078,000","-134,317,000","-1,543,456,000","-447,371,000","164,431,000","228,925,000","-1,328,741,000","537,000","34,717,000","-1,783,944,000","144,623,000","94,176,000","152,354,000","351,370,000","-220,423,000","83,188,000","-353,153,000","95,861,000","13,020,000","136,169,000","-1,110,000","278,482,000","4,070,000","196,790,000","195,477,000","327,374,000","84,524,000","137,399,000","136,022,000","163,213,000","90,669,000","48,289,000","46,024,000","116,725,000","141,257,000","285,579,000","137,929,000","194,364,000","112,920,000","57,245,000","47,022,000","138,033,000","81,630,000","10,000,000","43,362,000","118,605,000","57,977,000","151,882,000","90,077,000","110,588,000","92,612,000","49,438,000","172,103,000","87,725,000","97,942,000","48,915,000","64,000,000","114,874,000","113,393,000","67,062,000","112,255,000","118,902,000","62,460,000","54,065,000","198,224,000","107,799,000","73,352,000","42,748,000","47,554,000","91,695,000","64,210,000","40,804,000","42,632,000","80,572,000","43,219,000","38,308,000","48,267,000","109,737,000","49,325,000","27,161,000","25,471,000","61,387,000","39,100,000","9,800,000","11,900,000","47,600,000","-95,500,000","4,300,000","3,500,000","38,200,000","69,900,000","25,900,000","-15,400,000","43,800,000","34,300,000","-7,200,000","1,700,000","61,100,000","-55,800,000","400,000","-7,200,000","34,900,000","16,600,000","2,300,000","-700,000","51,400,000","27,700,000","14,100,000","5,200,000","46,600,000","32,800,000","6,600,000","-100,000","39,600,000","23,800,000","24,600,000","-4,000,000","40,300,000","39,500,000","-4,400,000","5,700,000","37,100,000",,,,"34,900,000",,,,,,,,,,,,,,
TaxProvision,"-886,913,000","-465,697,000","591,080,000","-662,915,000","-347,846,000","-14,494,000","-2,920,000","-225,757,000","-103,003,000","32,822,000","-366,532,000","-86,343,000","38,865,000","38,234,000","-193,006,000","-62,911,000","-101,629,000","-338,965,000","-1,234,712,000","-11,281,000","29,709,000","100,665,000","-111,638,000","13,084,000","-172,346,000","7,436,000","76,282,000","35,936,000","-64,857,000","57,314,000","-25,828,000","64,496,000","59,089,000","116,335,000","44,561,000","34,789,000","41,904,000","53,932,000","34,443,000","11,585,000","14,578,000","44,690,000","50,411,000","106,665,000","50,175,000","72,109,000","39,807,000","20,723,000","17,022,000","49,968,000","26,248,000","7,091,000","16,717,000","46,612,000","24,482,000","55,684,000","34,686,000","40,068,000","32,015,000","16,513,000","64,760,000","31,107,000","29,980,000","17,120,000","20,091,000","42,515,000","42,035,000","20,571,000","47,936,000","42,496,000","19,186,000","18,382,000","67,397,000","37,729,000","23,881,000","14,536,000","16,159,000","27,216,000","21,831,000","14,118,000","13,443,000","28,200,000","18,914,000","13,508,000","16,830,000","38,471,000","17,621,000","8,020,000","9,246,000","22,284,000","12,700,000","4,100,000","4,700,000","17,900,000","-39,400,000","2,300,000","1,200,000","13,500,000","27,300,000","8,900,000","-6,100,000","16,000,000","10,900,000","-3,500,000","800,000","22,400,000","-29,000,000","-1,300,000","-6,000,000","7,100,000","700,000","-100,000","-6,800,000","15,000,000","2,400,000","5,500,000","-3,600,000","15,800,000","9,700,000","-600,000","-3,700,000","13,500,000","3,500,000","7,900,000","-3,600,000","12,600,000","9,900,000","-2,700,000","300,000","11,600,000",,,,"11,100,000",,,,,,,,,,,,,,
NetIncomeCommonStockholders,"-2,634,380,000","-1,516,048,000","1,801,333,000","-1,980,117,000","-936,457,000","-40,518,000","63,688,000","-600,640,000","-263,075,000","-167,139,000","-1,176,924,000","-361,028,000","125,566,000","190,691,000","-636,687,000","-39,693,000","17,806,000","-1,585,994,000","1,280,071,000","23,340,000","41,126,000","163,992,000","-191,958,000","-8,016,000","-258,645,000","5,636,000","-134,579,000","40,787,000","5,536,000","173,427,000","-14,704,000","98,555,000","110,921,000","192,193,000","115,205,000","88,256,000","86,856,000","100,255,000","48,041,000","31,873,000","31,446,000","72,035,000","90,846,000","178,914,000","87,754,000","122,255,000","73,113,000","36,522,000","30,000,000","88,065,000","55,382,000","2,909,000","26,645,000","71,993,000","33,495,000","96,198,000","55,391,000","70,520,000","60,597,000","32,925,000","107,343,000","56,618,000","72,223,000","31,795,000","43,909,000","72,359,000","72,839,000","46,491,000","64,319,000","76,406,000","43,274,000","35,683,000","130,827,000","70,070,000","49,471,000","28,212,000","31,395,000","60,923,000","42,379,000","26,686,000","38,189,000","52,372,000","24,305,000","24,800,000","31,437,000","71,266,000","31,704,000","19,141,000","16,225,000","39,103,000","26,400,000","5,700,000","7,200,000","29,700,000","-68,600,000","2,000,000","2,300,000","20,100,000","42,600,000","17,000,000","-9,300,000","27,800,000","23,400,000","-3,700,000","900,000","38,700,000","-26,800,000","1,700,000","-1,200,000","27,800,000","15,900,000","2,400,000","6,100,000","36,400,000","25,300,000","8,600,000","8,800,000","30,800,000","23,100,000","7,200,000","3,600,000","26,100,000","20,300,000","16,700,000","-400,000","27,700,000","29,600,000","-1,700,000","5,400,000","25,500,000",,,,"23,800,000",,,,,,,,,,,,,,
	NetIncome,"-2,634,380,000","-1,516,048,000","1,801,333,000","-1,980,117,000","-936,457,000","-40,518,000","63,688,000","-600,640,000","-263,075,000","-167,139,000","-1,176,924,000","-361,028,000","125,566,000","190,691,000","-636,687,000","-39,693,000","17,806,000","-1,585,994,000","1,280,071,000","23,340,000","41,126,000","163,992,000","-191,958,000","-8,016,000","-258,645,000","5,636,000","-134,579,000","40,787,000","5,536,000","173,427,000","-14,704,000","98,555,000","110,921,000","192,193,000","115,205,000","88,256,000","86,856,000","100,255,000","48,041,000","31,873,000","31,446,000","72,035,000","90,846,000","178,914,000","87,754,000","122,255,000","73,113,000","36,522,000","30,000,000","88,065,000","55,382,000","2,909,000","26,645,000","71,993,000","33,495,000","96,198,000","55,391,000","70,520,000","60,597,000","32,925,000","107,343,000","56,618,000","72,223,000","31,795,000","43,909,000","72,359,000","72,839,000","46,491,000","64,319,000","76,406,000","43,274,000","35,683,000","130,827,000","70,070,000","49,471,000","28,212,000","31,395,000","60,923,000","42,379,000","26,686,000","38,189,000","52,372,000","24,305,000","24,800,000","31,437,000","71,266,000","31,704,000","19,141,000","16,225,000","39,103,000","26,400,000","5,700,000","7,200,000","29,700,000","-68,600,000","2,000,000","2,300,000","20,100,000","42,600,000","17,000,000","-9,300,000","27,800,000","23,400,000","-3,700,000","900,000","38,700,000","-26,800,000","1,700,000","-1,200,000","27,800,000","15,900,000","2,400,000","6,100,000","36,400,000","25,300,000","8,600,000","8,800,000","30,800,000","23,100,000","7,200,000","3,600,000","26,100,000","20,300,000","16,700,000","-400,000","27,700,000","29,600,000","-1,700,000","5,400,000","25,500,000",,,,"23,800,000",,,,,,,,,,,,,,
		NetIncomeIncludingNoncontrollingInterests,"-2,631,155,000","-1,514,583,000","1,802,554,000","-1,979,516,000","-936,519,000","-41,032,000","63,678,000","-600,640,000","-263,075,000","-167,139,000","-1,176,924,000","-361,028,000","125,566,000","190,691,000","-761,973,000","63,448,000","136,346,000","-1,444,979,000","1,379,335,000","105,457,000","122,645,000","250,705,000","-108,785,000","70,104,000","-180,807,000","88,425,000","-63,262,000","100,233,000","63,747,000","221,168,000","29,497,000","132,294,000","138,264,000","210,935,000","131,806,000","102,610,000","94,118,000","109,281,000","56,226,000","36,704,000","31,446,000","72,035,000","90,846,000","178,914,000","87,754,000","122,255,000","73,113,000","36,522,000","30,000,000","88,065,000","55,382,000","2,909,000","26,645,000","71,993,000","33,495,000","96,198,000","55,391,000","70,520,000","60,597,000","32,925,000","107,343,000","56,618,000","72,223,000","31,795,000","43,909,000","72,359,000","72,187,000","46,397,000","64,626,000","76,845,000","43,416,000","35,788,000","131,186,000","70,440,000","49,736,000","28,489,000","31,395,000","61,794,000","42,379,000","26,686,000","38,189,000","52,372,000","24,305,000","24,800,000","31,437,000","71,266,000","31,704,000","19,141,000","16,225,000","39,103,000","26,400,000","5,700,000","7,200,000","29,700,000","-68,600,000","2,000,000","2,300,000","20,100,000","42,600,000","17,000,000","-9,300,000","27,800,000","23,400,000","-3,700,000","900,000","38,700,000","-26,800,000","1,700,000","-1,200,000","27,800,000","15,900,000","2,400,000","6,100,000","36,400,000","25,300,000","8,600,000","8,800,000","30,800,000","23,100,000","7,200,000","3,600,000","26,100,000","20,300,000","16,700,000","-400,000","27,700,000","29,600,000","-1,700,000","5,400,000","25,500,000","25,600,000","-3,000,000","4,500,000","23,800,000","19,400,000","-2,300,000","3,100,000","26,900,000","8,800,000","1,500,000","3,200,000","21,100,000","11,300,000","1,500,000","9,600,000","31,700,000","16,100,000","2,400,000"
			NetIncomeContinuousOperations,"-2,631,155,000","-1,514,583,000","1,802,554,000","-1,979,516,000","-936,519,000","-41,032,000","63,678,000","-600,640,000","-263,075,000","-167,139,000","-1,176,924,000","-361,028,000","125,566,000","190,691,000","-1,135,735,000","63,448,000","136,346,000","-1,444,979,000","1,379,335,000","105,457,000","122,645,000","250,705,000","-108,785,000","70,104,000","-180,807,000","88,425,000","-63,262,000","100,233,000","63,747,000","221,168,000","29,898,000","132,294,000","136,388,000","211,039,000","39,963,000","102,610,000","94,118,000","109,281,000","56,226,000","36,704,000","31,446,000","72,035,000","90,846,000","178,914,000","87,754,000","122,255,000","73,113,000","36,522,000","30,000,000","88,065,000","55,382,000","2,909,000","26,645,000","71,993,000","33,495,000","96,198,000","55,391,000","70,520,000","60,597,000","32,925,000","107,343,000","56,618,000","67,962,000","31,795,000","43,909,000","72,359,000","71,358,000","46,491,000","64,319,000","76,406,000","43,274,000","35,683,000","130,827,000","70,070,000","49,471,000","28,212,000","31,395,000","64,479,000","42,379,000","26,686,000","29,189,000","52,372,000","24,305,000","24,800,000","31,437,000","71,266,000","31,704,000","19,141,000","16,225,000","39,103,000","26,400,000","5,700,000","7,200,000","29,700,000","-56,100,000","2,000,000","2,300,000","24,700,000","42,600,000","17,000,000","-9,300,000","27,800,000","23,400,000","-3,700,000","900,000","38,700,000","-26,800,000","1,700,000","-1,200,000","27,800,000","15,900,000","2,400,000","6,100,000","36,400,000","25,300,000","8,600,000","8,800,000","30,800,000","23,100,000","7,200,000","3,600,000","26,100,000","20,300,000","16,700,000","-400,000","27,700,000","29,600,000","-1,700,000","5,400,000","25,500,000","25,600,000","-3,000,000","4,500,000","23,800,000","19,400,000","-2,300,000","3,100,000","26,900,000","8,800,000","1,500,000","3,200,000","21,100,000","11,300,000","1,500,000","9,600,000","31,700,000","16,100,000","2,400,000"
			NetIncomeDiscontinuousOperations,,,,,,,,,,,"0","0","0","0","-163,911,000",,,,,,,,,,,,"0","0","0","0","-401,000","0","1,876,000","-104,000","53,272,000",,,,,,,,,,,,,,,,,,,,,,,,,,,,,,,,,,,,,,,,,,,,"0",,"9,000,000",,,,,,,,,,,,,,"-4,200,000","0",,"-4,600,000",,,,,,,,,,,,,,,,,,,,,,,,,,,,,,,,,,,,,,,,,,,,,,,,,,
			NetIncomeExtraordinary,,,,,,,,,,,,,,,,,,,,,,,,,,,,,,,,,,,,,,,,,,,,,,,,,,,,,,,,,,,,,,,,,,,,,,,,,,,"0",,,"-3,556,000","0",,,,,,,,,,,,,,,,,,,,,,,,,,,,,,,,,,,,,,,,,,,,,,,,,,,,,,,,,,,,,,,,,,,,,
		MinorityInterests,"-3,225,000","-1,465,000","-1,221,000","-601,000","62,000","514,000","10,000",,,,"0","0","0","0","125,286,000","-103,141,000","-118,540,000","-141,015,000","-99,264,000","-82,117,000","-81,519,000","-86,713,000","-83,173,000","-78,120,000","-77,838,000","-82,789,000","-71,317,000","-59,446,000","-58,211,000","-47,741,000","-44,201,000","-33,739,000","-27,343,000","-18,742,000","-16,601,000","-14,354,000","-7,262,000","-9,026,000","-8,185,000","-4,831,000",,,,,,,,,,,,,,,,,,,,,,,,,,,,"94,000","-307,000","-439,000","-142,000","-105,000","-359,000","-370,000","-265,000","-277,000",,"-871,000",,,,,,,,,,,,,,,,,,,,,,,,,,,,,,,,,,,,,,,,,,,,,,,,,,,,,,,,,,,,,,,,,,,,,,
DilutedNIAvailtoComStockholders,"-2,634,380,000","-1,516,048,000","1,801,333,000","-1,980,117,000","-936,457,000","-40,518,000","63,688,000","-600,640,000","-263,075,000","-167,139,000","-1,176,924,000","-361,028,000","125,566,000","190,691,000","-636,687,000","-39,693,000","17,806,000","-1,585,994,000","1,280,071,000","23,340,000","41,126,000","163,992,000","-191,958,000","-8,016,000","-258,645,000","5,636,000","-134,579,000","40,787,000","5,536,000","173,427,000","-14,704,000","98,555,000","110,921,000","192,193,000","115,205,000","88,256,000","86,856,000","100,255,000","48,041,000","31,873,000","31,446,000","72,035,000","90,846,000","178,914,000","87,754,000","122,255,000","73,113,000","36,522,000","30,000,000","88,065,000","55,382,000","2,909,000","26,645,000","71,993,000","33,495,000","96,198,000","55,391,000","70,520,000","60,597,000","32,925,000","107,343,000","56,618,000","72,223,000","31,795,000","43,909,000","72,359,000","72,839,000","46,491,000","64,319,000","76,406,000","43,274,000","35,683,000","130,827,000","70,070,000","49,471,000","28,212,000","31,395,000","60,923,000","42,379,000","26,686,000","38,189,000","52,372,000","24,305,000","24,800,000","31,437,000","71,266,000","31,704,000","19,141,000","16,225,000","39,103,000","26,400,000","5,700,000","7,200,000","29,700,000","-68,600,000","2,000,000","2,300,000","20,100,000","42,600,000","17,000,000","-9,300,000","27,800,000","23,400,000","-3,700,000","900,000","38,700,000","-26,800,000","1,700,000","-1,200,000","27,800,000","15,900,000","2,400,000","6,100,000","36,400,000","25,300,000","8,600,000","8,800,000","30,800,000","23,100,000","7,200,000","3,600,000","26,100,000","20,300,000","16,700,000","-400,000","27,700,000","29,600,000","-1,700,000","5,400,000","25,500,000",,,,"23,800,000",,,,,,,,,,,,,,
BasicEPS,,"-4.05","4.77","-5.55","-3.35","-0.15","0.23","-2.35","-1.03","-0.65","-4.61","-1.41","0.49","0.75","-2.5","-0.15","0.07","-5.99","5.85","0.135","0.237","0.947","-1.11","-0.05","-1.551","0.036","-0.88","0.27","0.04","1.14","-0.1","0.65","0.73","1.27","0.76","0.59","0.58","0.67","0.32","0.21","0.21","0.48",,"1.2","0.59","0.82",,"0.24","0.2","0.66",,"0.02","0.2","0.55",,"0.74","0.44","0.58",,"0.27","0.88","0.47",,"0.26","0.37","0.61",,"0.38","0.53","0.63",,"0.29","1.055","0.565",,"0.225","0.255","0.49",,"0.215","0.3","0.41",,"0.195","0.245","0.55",,"0.148","0.125","0.3",,"0.043","0.053","0.21",,"0.015","0.015","0.135",,"0.118","-0.065","0.195",,"-0.025","0.008","0.278",,"0.013","-0.008","0.2",,"0.018","0.045","0.263",,"0.068","0.07","0.245",,"0.058","0.028","0.208",,"0.133","-0.003","0.223",,"-0.013","0.043","0.203",,"-0.023","0.035","0.19",,"-0.018","0.025","0.215",,"0.013","0.028","0.173",,"0.013","0.078","0.263",,"0.02"
DilutedEPS,,"-4.05","4.69","-5.55","-3.35","-0.15","0.23","-2.35","-1.03","-0.65","-4.61","-1.41","0.49","0.75","-2.5","-0.15","0.07","-5.99","5.83","0.134","0.237","0.945","-1.11","-0.05","-1.551","0.036","-0.88","0.27","0.04","1.14","-0.1","0.65","0.73","1.26","0.75","0.58","0.57","0.66","0.32","0.21","0.21","0.48",,"1.19","0.58","0.82",,"0.24","0.2","0.65",,"0.02","0.2","0.55",,"0.73","0.44","0.57",,"0.27","0.87","0.46",,"0.26","0.36","0.59",,"0.38","0.52","0.615",,"0.285","1.03","0.55",,"0.225","0.25","0.48",,"0.21","0.295","0.4",,"0.19","0.235","0.538",,"0.145","0.123","0.295",,"0.043","0.053","0.21",,"0.015","0.015","0.135",,"0.118","-0.065","0.195",,"-0.025","0.008","0.275",,"0.013","-0.008","0.2",,"0.018","0.045","0.263",,"0.068","0.07","0.245",,"0.058","0.028","0.208",,"0.133","-0.003","0.223",,"-0.013","0.043","0.203",,"-0.023","0.035","0.188",,"-0.018","0.025","0.21",,"0.013","0.028","0.168",,"0.013","0.078","0.25",,"0.018"
BasicAverageShares,,"374,142,000","377,988,000","356,792,000","279,156,000","278,852,000","272,104,000","255,589,000","255,524,000","255,435,000","255,384,000","255,235,000","255,099,000","255,046,000","254,642,000","259,560,000","265,030,000","264,877,000","218,937,000","173,476,000","173,462,000","173,213,000","172,906,000","172,867,000","166,801,000","156,720,000","152,633,000","152,551,000","152,454,000","152,036,000","151,605,000","151,557,000","151,744,000","151,371,000","150,772,000","150,679,000","150,525,000","150,327,000","149,779,000","149,604,000","149,582,000","149,494,000",,"149,441,000","149,444,000","149,271,000",,"149,133,000","147,575,000","134,084,000",,"130,850,000","130,830,000","130,743,000",,"130,540,000","126,243,000","121,891,000",,"121,380,000","121,356,000","121,217,000",,"120,172,000","120,128,000","119,579,000",,"121,181,000","121,472,000","121,424,000",,"122,838,000","124,038,000","124,512,000",,"124,106,000","124,116,000","124,126,000",,"124,652,000","126,560,000","127,132,000",,"127,824,000","129,272,000","129,660,000",,"129,876,000","130,548,000","130,640,000",,"134,117,647","137,142,857","141,428,571",,"133,333,333","153,333,333","148,888,889",,"144,680,851","143,076,923","142,564,103",,"148,000,000","120,000,000","139,459,459",,"136,000,000","160,000,000","139,000,000",,"137,142,857","135,555,556","138,666,667",,"127,407,407","125,714,286","125,714,286",,"125,217,391","130,909,091","125,783,133",,"126,037,736","160,000,000","124,494,382",,"136,000,000","127,058,824","125,925,926",,"125,263,158","125,263,158","125,263,158",,"124,732,000","124,684,000","124,564,000",,"122,404,000","122,112,000","121,596,000",,"121,332,000","121,132,000","120,660,000",,"119,940,000"
DilutedAverageShares,,"374,142,000","383,780,000","356,792,000","279,156,000","278,852,000","273,845,000","255,589,000","255,524,000","255,435,000","255,384,000","255,235,000","255,223,000","255,387,000","254,642,000","259,560,000","265,154,000","264,877,000","219,712,000","173,675,000","173,582,000","173,511,000","172,906,000","172,867,000","166,801,000","157,195,000","153,421,000","152,854,000","152,877,000","152,756,000","152,633,000","152,330,000","152,570,000","152,759,000","153,017,000","151,663,000","151,393,000","150,949,000","150,825,000","150,388,000","150,149,000","150,216,000",,"150,301,000","150,111,000","150,002,000",,"149,775,000","148,289,000","135,009,000",,"131,505,000","131,443,000","131,400,000",,"131,558,000","127,321,000","122,927,000",,"122,838,000","122,837,000","122,757,000",,"122,103,000","122,044,000","121,789,000",,"123,576,000","123,990,000","124,350,000",,"125,660,000","126,760,000","127,062,000",,"126,672,000","126,840,000","126,666,000",,"127,336,000","129,998,000","130,126,000",,"131,124,000","133,354,000","132,876,000",,"132,600,000","132,608,000","132,440,000",,"134,117,647","137,142,857","141,428,571",,"133,333,333","153,333,333","148,888,889",,"144,680,851","143,076,923","142,564,103",,"148,000,000","120,000,000","140,727,273",,"136,000,000","160,000,000","139,000,000",,"137,142,857","135,555,556","138,666,667",,"127,407,407","125,714,286","125,714,286",,"125,217,391","130,909,091","125,783,133",,"126,037,736","160,000,000","124,494,382",,"136,000,000","127,058,824","125,925,926",,"126,933,333","126,933,333","126,933,333",,"124,732,000","124,684,000","124,564,000",,"122,404,000","122,112,000","121,596,000",,"121,332,000","121,132,000","120,660,000",,"119,940,000"
TotalOperatingIncomeAsReported,"-3,258,086,000","-1,888,266,000","2,457,347,000","-2,609,526,000","-1,217,641,000","8,845,000","146,083,000","-760,195,000","-386,912,000","123,358,000","-1,462,067,000","-161,529,000","296,030,000","175,456,000","-1,231,401,000","71,824,000","99,969,000","-1,723,516,000","214,849,000","137,694,000","189,794,000","390,644,000","-189,466,000","108,457,000","-324,492,000","127,201,000","45,291,000","170,055,000","33,034,000","314,759,000","40,330,000","231,503,000","224,771,000","356,791,000","114,126,000","170,548,000","171,295,000","198,635,000","150,067,000","85,761,000","81,404,000","153,296,000","375,681,000","134,841,000","153,170,000","197,627,000","134,655,000","88,182,000","78,529,000","169,113,000","113,209,000","39,932,000","67,514,000","136,136,000","81,524,000","162,726,000","101,133,000","119,423,000","93,932,000","57,368,000","61,519,000","98,854,000","109,612,000","61,135,000","74,119,000","127,657,000","98,587,000","57,974,000","56,350,000","130,901,000","113,691,000","64,527,000","-11,320,000","119,527,000","70,844,000","54,177,000","56,817,000","109,320,000","78,445,000","50,875,000","54,033,000","94,218,000","53,585,000","41,897,000","50,773,000","108,273,000","45,189,000","42,626,000","50,671,000","75,748,000","48,900,000","17,300,000","20,400,000","56,400,000","-83,100,000","13,500,000","13,400,000","48,800,000","55,100,000","10,100,000","-5,900,000","53,400,000","46,400,000","3,900,000","8,900,000","69,300,000","-45,800,000","14,500,000","5,100,000","48,300,000","26,500,000","12,800,000","10,100,000","61,000,000","36,400,000","24,800,000","14,000,000","55,400,000","41,000,000","14,300,000","8,700,000","50,400,000","33,800,000","31,000,000","4,300,000","47,500,000","46,900,000","1,600,000","12,300,000","44,200,000",,,,"42,000,000",,,,,,,,,,,,,,
TotalExpenses,"4,239,940,000","1,095,429,000","1,091,834,000","1,103,970,000","948,707,000","925,528,000","902,021,000","875,356,000","818,755,000","881,079,000","905,834,000","957,379,000","944,120,000","934,094,000","1,394,933,000","796,261,000","810,629,000","792,343,000","677,125,000","522,619,000","501,099,000","506,879,000","509,826,000","448,269,000","452,023,000","417,868,000","453,040,000","406,960,000","400,140,000","394,014,000","391,922,000","347,220,000","339,146,000","304,834,000","182,153,000","336,050,000","348,797,000","360,025,000","338,797,000","278,109,000","256,400,000","297,774,000","325,790,000","201,879,000","195,830,000","258,044,000","236,563,000","169,153,000","178,986,000","267,527,000","230,818,000","178,425,000","170,526,000","333,267,000","327,354,000","135,101,000","232,876,000","416,351,000","290,882,000","169,438,000","231,721,000","357,692,000","244,171,000","171,666,000","179,996,000","302,462,000","181,811,000","206,554,000","205,365,000","308,866,000","271,255,000","141,320,000","193,483,000","280,900,000","219,041,000","131,338,000","161,679,000","233,002,000","404,917,000","111,696,000","209,285,000","249,839,000","270,437,000","201,871,000","294,771,000","742,884,000","545,333,000","301,535,000","287,765,000","303,351,000","212,500,000","174,300,000","169,200,000","363,700,000","258,800,000","145,800,000","168,700,000","250,600,000","634,500,000","487,300,000","393,700,000","499,200,000","426,300,000","353,100,000","382,900,000","571,000,000","358,500,000","256,500,000","311,400,000","356,400,000","317,400,000","284,900,000","306,000,000","378,500,000","308,100,000","247,900,000","193,800,000","214,400,000","220,400,000","130,100,000","152,700,000","194,800,000","184,900,000","84,200,000","114,700,000","179,200,000","173,000,000","105,600,000","114,700,000","160,900,000",,,,"117,300,000",,,,,,,,,,,,,,
NetIncomeFromContinuingAndDiscontinuedOperation,"-2,634,380,000","-1,516,048,000","1,801,333,000","-1,980,117,000","-936,457,000","-40,518,000","63,688,000","-600,640,000","-263,075,000","-167,139,000","-1,176,924,000","-361,028,000","125,566,000","190,691,000","-636,687,000","-39,693,000","17,806,000","-1,585,994,000","1,280,071,000","23,340,000","41,126,000","163,992,000","-191,958,000","-8,016,000","-258,645,000","5,636,000","-134,579,000","40,787,000","5,536,000","173,427,000","-14,704,000","98,555,000","110,921,000","192,193,000","115,205,000","88,256,000","86,856,000","100,255,000","48,041,000","31,873,000","31,446,000","72,035,000","90,846,000","178,914,000","87,754,000","122,255,000","73,113,000","36,522,000","30,000,000","88,065,000","55,382,000","2,909,000","26,645,000","71,993,000","33,495,000","96,198,000","55,391,000","70,520,000","60,597,000","32,925,000","107,343,000","56,618,000","72,223,000","31,795,000","43,909,000","72,359,000","72,839,000","46,491,000","64,319,000","76,406,000","43,274,000","35,683,000","130,827,000","70,070,000","49,471,000","28,212,000","31,395,000","64,479,000","42,379,000","26,686,000","38,189,000","52,372,000","24,305,000","24,800,000","31,437,000","71,266,000","31,704,000","19,141,000","16,225,000","39,103,000","26,400,000","5,700,000","7,200,000","29,700,000","-60,300,000","2,000,000","2,300,000","20,100,000","42,600,000","17,000,000","-9,300,000","27,800,000","23,400,000","-3,700,000","900,000","38,700,000","-26,800,000","1,700,000","-1,200,000","27,800,000","15,900,000","2,400,000","6,100,000","36,400,000","25,300,000","8,600,000","8,800,000","30,800,000","23,100,000","7,200,000","3,600,000","26,100,000","20,300,000","16,700,000","-400,000","27,700,000","29,600,000","-1,700,000","5,400,000","25,500,000",,,,"23,800,000",,,,,,,,,,,,,,
NormalizedIncome,"2,729,012,862.861","1,020,291,140","1,244,983,845.626","454,928,052.331","43,610,153.552","102,578,265","-79,402,220","-250,898,210.715","-275,589,958.902","-233,944,950","-76,328,003.828","-188,696,567.502","-70,259,412.13","236,986,641","-214,319,655.828","174,824,800","162,324,100","278,758,840","1,329,646,000","1,965,000","3,833,560.878","63,502,212","-26,771,400","-86,688,753.57","-117,829,200","-94,857,390","-167,086,400","-77,902,568","2,980,600","138,814,952","161,809,300","98,555,000","82,696,198","192,297,000","23,362,000","88,256,000","86,856,000","100,255,000","56,051,758.561","29,601,850.214","27,859,609.117","70,511,295.438","86,865,052.224","64,114,311.388","76,272,667.691","105,126,694.835","71,644,524.23","36,344,637.505","29,902,386.117","87,728,774.206","55,194,068.921","2,576,850","26,216,094.276","71,634,871.169","38,247,150","95,811,008.928","53,379,565.772","67,447,647.123","53,566,434.145","30,509,469.942","32,455,566.422","55,875,140.861","67,864,853.934","31,749,499.642","40,003,843.313","72,249,397.601","58,149,662.078","31,819,665.518","32,490,200","74,860,555.6","13,685,419.821","34,472,556.608","61,889,122.629","69,484,344.567","54,891,416.989","28,078,027.978","30,392,161.017","67,596,240.929","44,774,822.613","27,161,461.278","37,940,496.482","55,015,560.095","24,465,800","20,527,910.619","26,982,659.705","62,868,279.578","16,543,285.393","15,116,323.037","20,022,150.681","38,189,554.124","25,994,884.91","5,040,000","6,836,974.79","29,263,235.294","40,440,000","1,640,000","2,037,142.857","24,764,659.686","26,388,841.202","13,061,776.062","5,374,675.325","26,721,004.566","24,150,437.318","-3,220,000","-720,000","37,306,546.645","117,320,000","2,540,000","-1,440,000","28,277,936.963","14,080,120.482","1,920,000","5,980,000","36,187,548.638","24,021,299.639","8,539,007.092","8,860,000","30,601,716.738","22,607,012.195","6,960,000","3,540,000","25,704,545.455","20,214,705.882","16,496,341.463","-220,000","27,837,468.983","29,375,189.873","-2,180,000","5,400,000","25,500,000",,,,"23,663,610.315",,,,,,,,,,,,,,
InterestExpense,"306,332,000","67,902,000","76,469,000","80,349,000","76,986,000","75,099,000","74,286,000","69,154,000","65,386,000","62,374,000","45,066,000","47,709,000","50,503,000","56,573,000","-11,101,000","93,042,000","77,004,000","70,013,000","65,662,000","50,377,000","44,078,000","42,655,000","39,451,000","35,984,000","36,305,000","36,180,000","35,935,000","36,547,000","36,833,000","37,216,000","36,979,000","35,717,000","31,873,000","31,968,000","31,998,000","35,554,000","37,384,000","37,752,000","62,445,000","40,460,000","40,629,000","41,252,000","37,686,000","32,503,000","33,287,000","32,852,000","26,082,000","33,861,000","34,080,000","34,134,000","33,683,000","32,393,000","26,460,000","19,243,000",,,,,,,,,,,,,,,,,,,,,,,,,,,,,,,,,,,,,,,,,,,,,,,,,,,,,,,,,,,,,,,,,,,,,,,,,,,,,,,,,,,,,,,,,,,,,,
NetInterestIncome,"-306,332,000","-67,902,000","-76,469,000","-80,349,000","-76,986,000","-75,099,000","-74,286,000","-69,154,000","-65,386,000","-62,374,000","-45,066,000","-47,709,000","-50,503,000","-56,573,000","11,101,000","-93,042,000","-77,004,000","-70,013,000","-65,662,000","-50,377,000","-44,078,000","-42,655,000","-39,451,000","-35,984,000","-36,305,000","-36,180,000","-35,935,000","-36,547,000","-36,833,000","-37,216,000","-36,979,000","-35,717,000","-31,873,000","-31,968,000","-31,998,000","-35,554,000","-37,384,000","-37,752,000","-62,445,000","-40,460,000","-40,629,000","-41,252,000","-37,686,000","-32,503,000","-33,287,000","-32,852,000","-26,082,000","-33,861,000","-34,080,000","-34,134,000","-33,683,000","-32,393,000","-26,460,000","-19,243,000",,"-13,012,000",,,,,"-9,483,000",,"-11,810,000",,,,"-6,835,000",,"-11,468,000",,,,,"-12,259,000","-11,308,000","-11,355,000",,,,,"-9,259,000",,,,,,"-19,451,000",,,,,,,,,"-9,900,000",,,,,,,,"-10,300,000",,,,,,,,,,,,,,"-9,100,000",,,,,,,,,,,"-6,500,000",,,,,,,,,,,,,,,,,,,
EBIT,"-3,211,736,000","-1,912,378,000","2,470,103,000","-2,562,082,000","-1,207,379,000","19,573,000","135,044,000","-757,243,000","-300,692,000","-71,943,000","-1,498,390,000","-399,662,000","214,934,000","285,498,000","-1,339,842,000","93,579,000","111,721,000","-1,713,931,000","210,285,000","144,553,000","196,432,000","394,025,000","-180,972,000","119,172,000","-316,848,000","132,041,000","48,955,000","172,716,000","35,723,000","315,698,000","41,049,000","232,507,000","227,350,000","359,342,000","116,522,000","172,953,000","173,406,000","200,965,000","153,114,000","88,749,000","86,653,000","157,977,000","178,943,000","318,082,000","171,216,000","227,216,000","139,002,000","91,106,000","81,102,000","172,167,000","115,313,000","42,393,000","69,822,000","137,848,000","85,636,000","162,726,000","101,133,000","119,423,000","93,932,000","57,368,000","61,519,000","98,854,000","109,612,000","61,135,000","71,211,000","127,657,000","98,587,000","57,974,000","63,666,000","130,901,000","73,440,000","64,527,000","47,157,000","119,527,000","81,903,000","54,177,000","56,817,000","109,320,000","78,445,000","50,875,000","59,353,000","94,218,000","53,585,000","41,897,000","50,773,000","108,273,000","45,189,000","42,626,000","50,671,000","75,748,000","48,900,000","17,300,000","20,400,000","56,400,000","-3,900,000","13,500,000","13,400,000","48,800,000","55,100,000","20,800,000","7,100,000","53,400,000","46,400,000","3,900,000","8,900,000","69,300,000","75,300,000","14,500,000","5,100,000","48,300,000","26,500,000","12,800,000","10,100,000","61,000,000","36,400,000","24,800,000","14,000,000","55,400,000","41,000,000","14,300,000","8,700,000","50,400,000","33,800,000","31,000,000","4,300,000","47,500,000","46,900,000","1,600,000","12,300,000","44,200,000","-207,700,000","57,900,000","84,800,000","42,000,000","-191,100,000","53,300,000","71,600,000","153,400,000","-214,900,000","60,800,000","76,800,000","156,000,000","-230,900,000","56,500,000","86,800,000","193,300,000","-260,100,000","67,500,000"
EBITDA,"-1,416,979,000"
ReconciledCostOfRevenue,"3,983,230,000","1,009,214,000","1,086,570,000","995,596,000","891,850,000","870,130,000","849,986,000","815,866,000","774,538,000","845,218,000","866,523,000","874,511,000","856,055,000","884,109,000","1,424,052,000","685,197,000","686,332,000","708,884,000","577,225,000","422,409,000","420,028,000","411,413,000","448,334,000","353,029,000","341,880,000","325,320,000","335,376,000","305,765,000","291,253,000","285,835,000","286,400,000","258,539,000","240,824,000","229,226,000","147,679,000","240,989,000","246,689,000","274,574,000","482,413,000","95,017,000","98,941,000","147,307,000","181,466,000","69,791,000","73,008,000","140,755,000","124,332,000","66,272,000","69,353,000","166,436,000","123,757,000","68,813,000","88,757,000","258,928,000","242,723,000","139,031,000","168,171,000","313,845,000","211,619,000","110,333,000","158,646,000","263,968,000","182,920,000","113,613,000","127,149,000","248,540,000","137,429,000","130,032,000","145,254,000","255,306,000","201,770,000","95,334,000","125,242,000","226,381,000","159,027,000","84,367,000","113,651,000","181,987,000","350,043,000","69,783,000","169,423,000","207,215,000","209,107,000","158,217,000","246,962,000","695,893,000","483,581,000","256,212,000","237,315,000","247,049,000","143,600,000","125,400,000","113,400,000","321,400,000","141,900,000","119,500,000","144,500,000","219,200,000","595,200,000","456,900,000","364,000,000","465,200,000","395,700,000","325,100,000","353,700,000","534,100,000","324,700,000","223,300,000","274,500,000","313,900,000","282,000,000","255,400,000","274,300,000","339,600,000","274,800,000","220,300,000","168,800,000","183,500,000","193,500,000","106,300,000","130,400,000","165,300,000","159,300,000","63,700,000","95,900,000","155,400,000","151,500,000","88,500,000","97,000,000","139,500,000",,,,"97,000,000",,,,,,,,,,,,,,
ReconciledDepreciation,"1,794,757,000","435,277,000","510,563,000","452,874,000","391,417,000","388,084,000","387,567,000","361,127,000","339,884,000","368,307,000","395,614,000","405,725,000","395,163,000","401,455,000","454,052,000","456,039,000","438,401,000","458,621,000","369,204,000","246,560,000","240,817,000","231,918,000","244,972,000","237,088,000","224,629,000","221,231,000","219,425,000","208,227,000","196,819,000","194,745,000","194,390,000","175,578,000","157,219,000","152,111,000","183,229,000","175,648,000","168,577,000","149,116,000","144,301,000","131,611,000","115,681,000","107,525,000","91,670,000","87,343,000","81,886,000","78,398,000","74,641,000","68,548,000","65,217,000","61,879,000","55,595,000","49,706,000","46,188,000","44,589,000","39,731,000","34,269,000","32,051,000","30,765,000","27,876,000","26,907,000","27,592,000","27,427,000","25,959,000","25,149,000","24,797,000","24,217,000","23,207,000","23,505,000","23,376,000","23,439,000","19,552,000","21,809,000","21,610,000","21,767,000","22,184,000","19,656,000","19,225,000","18,753,000","18,297,000","17,613,000","16,771,000","16,767,000","22,404,000","18,100,000","17,404,000","17,133,000","20,025,000","21,033,000","26,935,000","29,784,000","46,400,000","24,100,000","31,500,000","21,800,000","28,400,000","21,700,000","19,700,000","19,700,000","31,200,000","23,600,000","20,300,000","20,000,000","19,900,000","20,800,000","20,100,000","21,600,000","20,400,000","26,800,000","28,800,000","28,600,000","24,700,000","23,300,000","22,400,000","22,900,000","21,700,000","20,700,000","16,900,000","17,600,000","17,200,000","16,700,000","14,900,000","17,100,000","15,700,000","13,800,000","12,500,000","12,600,000","13,000,000","11,400,000","11,300,000","11,500,000",,,,"10,900,000",,,,,,,,,,,,,,
NetIncomeFromContinuingOperationNetMinorityInterest,"-2,634,380,000","-1,516,048,000","1,801,333,000","-1,980,117,000","-936,457,000","-40,518,000","63,688,000","-600,640,000","-263,075,000","-167,139,000","-1,176,924,000","-361,028,000","125,566,000","190,691,000","-1,010,449,000","-39,693,000","17,806,000","-1,585,994,000","1,280,071,000","23,340,000","41,126,000","163,992,000","-191,958,000","-8,016,000","-258,645,000","5,636,000","-134,579,000","40,787,000","5,536,000","173,427,000","-14,303,000","98,555,000","109,045,000","192,297,000","23,362,000","88,256,000","86,856,000","100,255,000","48,041,000","31,873,000","31,446,000","72,035,000","90,846,000","178,914,000","87,754,000","122,255,000","73,113,000","36,522,000","30,000,000","88,065,000","55,382,000","2,909,000","26,645,000","71,993,000","33,495,000","96,198,000","55,391,000","70,520,000","60,597,000","32,925,000","107,343,000","56,618,000","67,962,000","31,795,000","43,909,000","72,359,000","71,358,000","46,491,000","64,319,000","76,406,000","43,274,000","35,683,000","130,827,000","70,070,000","49,471,000","28,212,000","31,395,000","64,479,000","42,379,000","26,686,000","29,189,000","52,372,000","24,305,000","24,800,000","31,437,000","71,266,000","31,704,000","19,141,000","16,225,000","39,103,000","26,400,000","5,700,000","7,200,000","29,700,000","-56,100,000","2,000,000","2,300,000","24,700,000","42,600,000","17,000,000","-9,300,000","27,800,000","23,400,000","-3,700,000","900,000","38,700,000","-26,800,000","1,700,000","-1,200,000","27,800,000","15,900,000","2,400,000","6,100,000","36,400,000","25,300,000","8,600,000","8,800,000","30,800,000","23,100,000","7,200,000","3,600,000","26,100,000","20,300,000","16,700,000","-400,000","27,700,000","29,600,000","-1,700,000","5,400,000","25,500,000",,,,"23,800,000",,,,,,,,,,,,,,
TotalUnusualItemsExcludingGoodwill,"-7,171,292,000","-3,315,476,000","738,783,000","-3,250,511,000","-1,344,088,000","-193,635,000","196,014,000","-481,196,000","17,415,000","91,515,000","-1,443,357,000","-213,546,000","256,437,000","-55,577,000","-931,423,000","-293,860,000","-197,970,000","-2,302,164,000","-82,625,000","35,625,000","46,326,000","140,742,000","-275,311,000","93,356,000","-234,693,000","108,995,000","54,179,000","161,263,000","4,259,000","43,592,000","-270,942,000","0","37,749,000",,"19,618,000",,,,"-12,918,000","2,988,000","5,249,000","2,469,000","6,190,000","183,241,000","18,046,000","27,231,000","2,268,000","278,000","153,000","527,000","277,000","511,000","698,000","590,000","-7,311,000","611,000","3,271,000","4,818,000","10,745,000","3,627,000","120,067,000","1,151,000","140,000","70,000","5,692,000","174,000","20,989,000","21,163,000","53,048,000","2,405,000","42,707,000","1,834,000","104,452,000","901,000","-8,037,000","203,000","1,519,000","-4,433,000","-3,630,000","-727,000","-12,782,000","-4,067,000","-268,000","6,599,000","6,839,000","12,931,000","23,587,000","5,711,000","-5,961,000","1,434,000","600,000","1,100,000","600,000","700,000","-160,900,000","600,000","400,000","-100,000","26,600,000","6,000,000","-24,300,000","1,700,000","-1,100,000","-800,000","2,700,000","2,200,000","-240,200,000","-1,400,000","400,000","-600,000","1,900,000","800,000","200,000","300,000","1,400,000","100,000","-100,000","300,000","700,000","400,000","100,000","600,000","100,000","300,000","-300,000","-200,000","300,000","800,000",,,,,,"200,000",,,,,,,,,,,,,,
TotalUnusualItems,"-7,171,292,000","-3,315,476,000","738,783,000","-3,250,511,000","-1,344,088,000","-193,635,000","196,014,000","-481,196,000","17,415,000","91,515,000","-1,443,357,000","-213,546,000","256,437,000","-55,577,000","-931,423,000","-293,860,000","-197,970,000","-2,302,164,000","-82,625,000","35,625,000","46,326,000","140,742,000","-275,311,000","93,356,000","-234,693,000","108,995,000","54,179,000","161,263,000","4,259,000","43,592,000","-270,942,000","0","37,749,000",,"19,618,000",,,,"-12,918,000","2,988,000","5,249,000","2,469,000","6,190,000","183,241,000","18,046,000","27,231,000","2,268,000","278,000","153,000","527,000","277,000","511,000","698,000","590,000","-7,311,000","611,000","3,271,000","4,818,000","10,745,000","3,627,000","120,067,000","1,151,000","140,000","70,000","5,692,000","174,000","20,989,000","21,163,000","53,048,000","2,405,000","42,707,000","1,834,000","104,452,000","901,000","-8,037,000","203,000","1,519,000","-4,433,000","-3,630,000","-727,000","-12,782,000","-4,067,000","-268,000","6,599,000","6,839,000","12,931,000","23,587,000","5,711,000","-5,961,000","1,434,000","600,000","1,100,000","600,000","700,000","-160,900,000","600,000","400,000","-100,000","26,600,000","6,000,000","-24,300,000","1,700,000","-1,100,000","-800,000","2,700,000","2,200,000","-240,200,000","-1,400,000","400,000","-600,000","1,900,000","800,000","200,000","300,000","1,400,000","100,000","-100,000","300,000","700,000","400,000","100,000","600,000","100,000","300,000","-300,000","-200,000","300,000","800,000",,,,,,"200,000",,,,,,,,,,,,,,
NormalizedEBITDA,"5,754,313,000","1,838,375,000","2,241,883,000","1,141,303,000","528,126,000","601,292,000","326,597,000","85,080,000","21,777,000","204,849,000","340,581,000","219,609,000","353,660,000","742,530,000","45,633,000","843,478,000","748,092,000","1,046,854,000","662,114,000","355,488,000","390,923,000","485,201,000","339,311,000","262,904,000","142,474,000","244,277,000","214,201,000","219,680,000","228,283,000","466,851,000","506,381,000","408,085,000","346,820,000","511,453,000","299,751,000","348,601,000","341,983,000","350,081,000","310,333,000","217,372,000","197,085,000","263,033,000","264,423,000","222,184,000","235,056,000","278,383,000","211,375,000","159,376,000","146,166,000","233,519,000","170,631,000","91,588,000","115,312,000","181,847,000","132,678,000","196,384,000","129,913,000","145,370,000","111,063,000","80,648,000","-30,956,000","125,130,000","135,431,000","86,214,000","90,316,000","151,700,000","100,805,000","60,316,000","33,994,000","151,935,000","50,285,000","84,502,000","-35,685,000","140,393,000","112,124,000","73,630,000","74,523,000","132,506,000","100,372,000","69,215,000","88,906,000","115,052,000","76,257,000","53,398,000","61,338,000","112,475,000","41,627,000","57,948,000","83,567,000","104,098,000","94,700,000","40,300,000","51,300,000","77,500,000","185,400,000","34,600,000","32,800,000","68,600,000","59,700,000","38,400,000","51,700,000","71,700,000","67,400,000","25,500,000","26,300,000","88,700,000","335,900,000","42,700,000","33,500,000","77,500,000","49,300,000","35,300,000","32,300,000","83,600,000","56,700,000","45,400,000","31,000,000","72,700,000","57,500,000","30,600,000","23,500,000","66,900,000","49,400,000","44,500,000","17,100,000","60,300,000","59,600,000","12,300,000","23,600,000","55,700,000","-207,700,000","57,900,000","84,800,000","52,700,000","-191,100,000","53,300,000","71,600,000","153,400,000","-214,900,000","60,800,000","76,800,000","156,000,000","-230,900,000","56,500,000","86,800,000","193,300,000","-260,100,000","67,500,000"
TaxRateForCalcs,"0.252","0.235","0.247","0.251","0.271","0.261","0.27","0.273","0.281","0.27","0.237","0.193","0.236","0.167","0.145","0.27","0.27","0.19","0.4","0.4","0.195","0.286","0.4","0.157","0.4","0.078","0.4","0.264","0.4","0.206","0.35","0.328","0.302","0.355","0.35","0.253","0.308","0.33","0.38","0.24","0.317","0.383","0.357","0.374","0.364","0.371","0.353","0.362","0.362","0.362","0.322","0.35","0.386","0.393","0.35","0.367","0.385","0.362","0.346","0.334","0.376","0.355","0.306","0.35","0.314","0.37","0.371","0.307","0.4","0.357","0.307","0.34","0.34","0.35","0.326","0.34","0.34","0.297","0.34","0.346","0.315","0.35","0.4","0.353","0.349","0.351","0.357","0.295","0.363","0.363","0.325","0.4","0.395","0.376","0.4","0.4","0.343","0.353","0.391","0.344","0.396","0.365","0.318","0.4","0.4","0.367","0.4","0.4","0.4","0.203","0.042","0.4","0.4","0.292","0.087","0.39","0.4","0.339","0.296","0.4","0.4","0.341","0.147","0.321","0.4","0.313","0.251","0.4","0.053","0.313",,,,"0.318",,,,,,,,,,,,,,
TaxEffectOfUnusualItems,"-1,807,899,137.139","-779,136,860","182,433,845.626","-815,465,947.669","-364,020,846.448","-50,538,735","52,923,780","-131,454,210.715","4,900,041.098","24,709,050","-342,761,003.828","-41,214,567.502","60,611,587.87","-9,281,359","-135,293,655.828","-79,342,200","-53,451,900","-437,411,160","-33,050,000","14,250,000","9,033,560.878","40,252,212","-110,124,400","14,683,246.43","-93,877,200","8,501,610","21,671,600","42,573,432","1,703,600","8,979,952","-94,829,700","0","11,400,198","0","0","0","0","0","-4,907,241.439","716,850.214","1,662,609.117","945,295.438","2,209,052.224","68,441,311.388","6,564,667.691","10,102,694.835","799,524.23","100,637.505","55,386.117","190,774.206","89,068.921","178,850","269,094.276","231,871.169","-2,558,850","224,008.928","1,259,565.772","1,745,647.123","3,714,434.145","1,211,469.942","45,179,566.422","408,140.861","42,853.934","24,499.642","1,786,843.313","64,397.601","7,780,662.078","6,491,665.518","21,219,200","859,555.6","13,118,419.821","623,556.608","35,514,122.629","315,344.567","-2,616,583.011","69,027.978","516,161.017","-1,315,759.071","-1,234,177.387","-251,538.722","-4,030,503.518","-1,423,439.905","-107,200","2,326,910.619","2,384,659.705","4,533,279.578","8,426,285.393","1,686,323.037","-2,163,849.319","520,554.124","194,884.91","440,000","236,974.79","263,235.294","-64,360,000","240,000","137,142.857","-35,340.314","10,388,841.202","2,061,776.062","-9,625,324.675","621,004.566","-349,562.682","-320,000","1,080,000","806,546.645","-96,080,000","-560,000","160,000","-122,063.037","80,120.482","320,000","80,000","87,548.638","121,299.639","39,007.092","-40,000","101,716.738","207,012.195","160,000","40,000","204,545.455","14,705.882","96,341.463","-120,000","-62,531.017","75,189.873","320,000","0","0",,,,"63,610.315",,,,,,,,,,,,,,