name,ttm,03/31/2022,12/31/2021,09/30/2021,06/30/2021,03/31/2021,12/31/2020,09/30/2020,06/30/2020,03/31/2020,12/31/2019,09/30/2019,06/30/2019,03/31/2019,12/31/2018,09/30/2018,06/30/2018,03/31/2018,12/31/2017,09/30/2017,06/30/2017,03/31/2017,12/31/2016,09/30/2016,06/30/2016,03/31/2016,12/31/2015,09/30/2015,06/30/2015,03/31/2015,12/31/2014,09/30/2014,06/30/2014,03/31/2014,12/31/2013,09/30/2013,06/30/2013,03/31/2013,12/31/2012,09/30/2012,06/30/2012,03/31/2012,12/31/2011,09/30/2011,06/30/2011,03/31/2011,12/31/2010,09/30/2010,06/30/2010,03/31/2010,12/31/2009,09/30/2009,06/30/2009,03/31/2009,12/31/2008,09/30/2008,06/30/2008,03/31/2008,12/31/2007,09/30/2007,06/30/2007,03/31/2007,12/31/2006,09/30/2006,06/30/2006,03/31/2006
TotalRevenue,"107,510,000","32,546,000","33,576,000","20,781,000","20,607,000","28,940,000","26,426,000","27,408,000","43,608,000","21,544,000","19,501,000","24,850,000","22,796,000","19,795,000","17,705,000","22,239,000","20,764,000","13,807,000","22,389,000","15,084,000","12,172,000","13,511,000","17,917,000","12,274,000","13,223,000","11,301,000","16,253,000","12,112,000","10,484,000","5,864,000","14,780,000","5,342,000","6,407,000","3,897,000","23,235,000","4,868,000","8,569,000","6,373,000","15,082,000","10,498,000","12,296,000","4,756,000","6,115,000","4,933,000","6,632,000","10,367,000","13,013,000","6,921,000","13,304,000","12,615,000","15,734,000","9,545,000","9,089,000","12,646,000","21,994,000","9,044,000","11,961,000","9,120,000","7,139,000","9,425,000","9,425,000","7,139,000","5,014,000","5,015,000","5,015,000","5,015,000"
	OperatingRevenue,"107,510,000","32,546,000","33,576,000","20,781,000","20,607,000","28,940,000","26,426,000","27,408,000","43,608,000","21,544,000","19,501,000","24,850,000","22,796,000","19,795,000","17,705,000","22,239,000","20,764,000","13,807,000","22,389,000","15,084,000","12,172,000","13,511,000","17,917,000","12,274,000","13,223,000","11,301,000","16,253,000","12,112,000","10,484,000","5,864,000","14,780,000","5,342,000","6,407,000","3,897,000","23,235,000","4,868,000","8,569,000","6,373,000","15,082,000","10,498,000","12,296,000","4,756,000","6,115,000","4,933,000","6,632,000","10,367,000","13,013,000","6,921,000","13,304,000","12,615,000","15,734,000","9,545,000","9,089,000","12,646,000","21,994,000","9,044,000","11,961,000","9,120,000","7,139,000","9,425,000","9,425,000","7,139,000","5,014,000","5,015,000","5,015,000","5,015,000"
CostOfRevenue,"33,187,000","9,498,000","10,419,000","6,089,000","7,181,000","8,981,000","8,200,000","7,816,000","6,549,000","5,684,000","4,492,000","5,425,000","5,483,000","4,935,000","3,561,000","5,022,000","5,976,000","3,314,000","6,667,000","4,254,000","3,530,000","4,610,000","5,971,000","3,968,000","4,236,000","3,674,000","6,796,000","4,948,000","4,836,000","2,531,000","5,722,000","3,007,000","3,332,000","1,652,000","8,708,000","1,966,000","3,293,000","3,356,000","8,583,000","4,696,000","5,636,000","3,504,000","6,027,000","4,214,000","4,304,000","5,703,000","7,311,000","4,537,000","6,676,000","5,257,000","6,344,000","3,387,000","3,291,000","4,573,000","7,811,000","3,497,000","3,951,000","3,674,000",,,,,,,,
GrossProfit,"74,323,000","23,048,000","23,157,000","14,692,000","13,426,000","19,959,000","18,226,000","19,592,000","37,059,000","15,860,000","15,009,000","19,425,000","17,313,000","14,860,000","14,144,000","17,217,000","14,788,000","10,493,000","15,722,000","10,830,000","8,642,000","8,901,000","11,946,000","8,306,000","8,987,000","7,627,000","9,457,000","7,164,000","5,648,000","3,333,000","9,058,000","2,335,000","3,075,000","2,245,000","14,527,000","2,902,000","5,276,000","3,017,000","6,499,000","5,802,000","6,660,000","1,252,000","88,000","719,000","2,328,000","4,664,000","5,702,000","2,384,000","6,628,000","7,358,000","9,390,000","6,158,000","5,798,000","8,073,000","14,183,000","5,547,000","8,010,000","5,446,000",,,,,,,,
OperatingExpense,"58,414,000","14,826,000","17,184,000","13,265,000","13,139,000","13,815,000","14,413,000","13,514,000","13,452,000","15,732,000","15,920,000","14,854,000","13,318,000","12,151,000","12,725,000","11,567,000","10,548,000","11,824,000","12,665,000","9,290,000","9,336,000","9,528,000","9,266,000","8,960,000","8,507,000","9,776,000","9,648,000","7,418,000","8,924,000","11,403,000","13,801,000","7,776,000","7,636,000","5,983,000","7,761,000","6,619,000","6,553,000","7,493,000","8,399,000","7,442,000","6,505,000","5,906,000","7,813,000","6,934,000","7,550,000","7,502,000","5,361,000","7,130,000","7,344,000","7,204,000","6,360,000","5,456,000","5,985,000","5,468,000","6,088,000","4,841,000","4,843,000","4,513,000",,,,,,,,
	SellingGeneralAndAdministration,"37,924,000","9,915,000","10,454,000","8,847,000","8,712,000","9,309,000","9,119,000","8,412,000","7,096,000","9,019,000","8,766,000","8,078,000","7,681,000","7,741,000","7,349,000","7,139,000","6,785,000","7,749,000","7,688,000","6,095,000","6,101,000","6,861,000","6,378,000","6,483,000","5,927,000","6,954,000","7,247,000","5,785,000","7,356,000","8,711,000","9,004,000","5,429,000","5,697,000","4,534,000","6,416,000","5,362,000","5,185,000","6,181,000","6,423,000","5,685,000","5,378,000","4,950,000","6,419,000","5,862,000","6,334,000","6,127,000","6,508,000","5,878,000","6,481,000","6,376,000","5,728,000","4,677,000","5,159,000","4,664,000","5,396,000","4,163,000","4,307,000","4,004,000",,,,,,,,
		GeneralAndAdministrativeExpense,"25,103,000","6,551,000","6,530,000","5,851,000","6,175,000","6,606,000","6,768,000","6,271,000","5,599,000","6,881,000","6,042,000","5,711,000","5,500,000","5,579,000","5,446,000","5,266,000","4,927,000","5,837,000","4,985,000","4,034,000","3,927,000","4,408,000","3,779,000","3,971,000","3,992,000","4,884,000","4,543,000","3,590,000","5,362,000","6,278,000","6,027,000","3,078,000","2,995,000","2,039,000","4,071,000","3,625,000","3,326,000","4,170,000","4,247,000","3,825,000","3,606,000","3,468,000","4,792,000","3,571,000","4,325,000","4,057,000","4,265,000","4,018,000","4,339,000","4,416,000","4,051,000","3,043,000","3,508,000","3,154,000",,,,,,,,,,,,
			OtherGandA,"25,103,000","6,551,000","6,530,000","5,851,000","6,175,000","6,606,000","6,768,000","6,271,000","5,599,000","6,881,000","6,042,000","5,711,000","5,500,000","5,579,000","5,446,000","5,266,000","4,927,000","5,837,000","4,985,000","4,034,000","3,927,000","4,408,000","3,779,000","3,971,000","3,992,000","4,884,000","4,543,000","3,590,000","5,362,000","6,278,000","6,027,000","3,078,000","2,995,000","2,039,000","4,071,000","3,625,000","3,326,000","4,170,000","4,247,000","3,825,000","3,606,000","3,468,000","4,792,000","3,571,000","4,325,000","4,057,000","4,265,000","4,018,000","4,339,000","4,416,000","4,051,000","3,043,000","3,508,000","3,154,000",,,,,,,,,,,,
		SellingAndMarketingExpense,"12,821,000","3,364,000","3,924,000","2,996,000","2,537,000","2,703,000","2,351,000","2,141,000","1,497,000","2,138,000","2,724,000","2,367,000","2,181,000","2,162,000","1,903,000","1,873,000","1,858,000","1,912,000","2,703,000","2,061,000","2,174,000","2,453,000","2,599,000","2,512,000","1,935,000","2,070,000","2,704,000","2,195,000","1,994,000","2,433,000","2,977,000","2,351,000","2,702,000","2,495,000","2,345,000","1,737,000","1,859,000","2,011,000","2,176,000","1,860,000","1,772,000","1,482,000","1,627,000","2,291,000","2,009,000","2,070,000","2,243,000","1,860,000","2,142,000","1,960,000","1,677,000","1,634,000","1,651,000","1,510,000",,,,,,,,,,,,
	ResearchAndDevelopment,"20,478,000","4,911,000","6,727,000","4,416,000","4,424,000","4,502,000","5,290,000","5,098,000","6,352,000","6,709,000","7,048,000","6,620,000","5,480,000","4,254,000","5,220,000","4,270,000","3,605,000","3,917,000","4,819,000","3,038,000","3,077,000","2,509,000","2,730,000","2,319,000","2,422,000","2,665,000","2,242,000","1,474,000","1,410,000","2,533,000","4,601,000","2,131,000","1,724,000","1,234,000","1,115,000","1,027,000","1,137,000","1,082,000","1,719,000","1,495,000","866,000","694,000","900,000","726,000","871,000","1,029,000","1,000,000","1,252,000","863,000","828,000","632,000","779,000","826,000","804,000","692,000","678,000","536,000","509,000",,,,,,,,
	DepreciationAmortizationDepletionIncomeStatement,,,"3,000","2,000","3,000","4,000","4,000","4,000","4,000","4,000","106,000","156,000","157,000","156,000","156,000","158,000","158,000","158,000","158,000","157,000","158,000","158,000","158,000","158,000","158,000","157,000","159,000","159,000","158,000","159,000","196,000","216,000","215,000","215,000","230,000","230,000","231,000","230,000","257,000","262,000","261,000","262,000","323,000","346,000","345,000","346,000",,,,,,,,,,,,,,,,,,,,
		DepreciationAndAmortizationInIncomeStatement,,,"3,000","2,000","3,000","4,000","4,000","4,000","4,000","4,000","106,000","156,000","157,000","156,000","156,000","158,000","158,000","158,000","158,000","157,000","158,000","158,000","158,000","158,000","158,000","157,000","159,000","159,000","158,000","159,000","196,000","216,000","215,000","215,000","230,000","230,000","231,000","230,000","257,000","262,000","261,000","262,000","323,000","346,000","345,000","346,000",,,,,,,,,,,,,,,,,,,,
			Amortization,,,"3,000","2,000","3,000","4,000","4,000","4,000","4,000","4,000","106,000","156,000","157,000","156,000","156,000","158,000","158,000","158,000","158,000","157,000","158,000","158,000","158,000","158,000","158,000","157,000","159,000","159,000","158,000","159,000","196,000","216,000","215,000","215,000","230,000","230,000","231,000","230,000","257,000","262,000","261,000","262,000","323,000","346,000","345,000","346,000",,,,,,,,,,,,,,,,,,,,
				AmortizationOfIntangiblesIncomeStatement,,,"3,000","2,000","3,000","4,000","4,000","4,000","4,000","4,000","106,000","156,000","157,000","156,000","156,000","158,000","158,000","158,000","158,000","157,000","158,000","158,000","158,000","158,000","158,000","157,000","159,000","159,000","158,000","159,000","196,000","216,000","215,000","215,000","230,000","230,000","231,000","230,000","257,000","262,000","261,000","262,000","323,000","346,000","345,000","346,000",,,,,,,,,,,,,,,,,,,,
	OtherOperatingExpenses,,,,,,,,,,,,,,"-3,723,000","-3,722,000","-3,661,000","-3,358,000","-2,749,000",,,,,,,,,,,,,,,,,,,,,,,,,,,,,,,,,,,,,,,,,,,,,,,,
OperatingIncome,"15,909,000","8,222,000","5,973,000","1,427,000","287,000","6,144,000","3,813,000","6,078,000","23,607,000","128,000","-911,000","4,571,000","3,995,000","2,709,000","1,419,000","5,650,000","4,240,000","-1,331,000","3,057,000","1,540,000","-694,000","-627,000","2,680,000","-654,000","480,000","-2,149,000","-191,000","-254,000","-3,276,000","-8,070,000","-4,743,000","-5,441,000","-4,561,000","-3,738,000","6,766,000","-3,717,000","-1,277,000","-4,476,000","-1,900,000","-1,640,000","155,000","-4,654,000","-7,725,000","-6,215,000","-5,222,000","-2,838,000","341,000","-4,746,000","-716,000","154,000","3,030,000","702,000","-187,000","2,605,000","8,095,000","706,000","3,167,000","933,000","-18,947,000","9,425,000","9,425,000","7,139,000","-11,404,000","5,015,000","5,015,000","5,015,000"
NetNonOperatingInterestIncomeExpense,"173,000","61,000","25,000","36,000","51,000","92,000","104,000","134,000","255,000","420,000","459,000","500,000","528,000","523,000","500,000","369,000","372,000","301,000","870,000","-1,000","0","-1,000","-1,000","-1,000","0","-1,000","-2,000","0","0","-40,000",,,,,"0","0","0","0","0","-1,000","-1,000","-4,000","-4,000","-5,000","-5,000","-20,000","-214,000","-15,000","-17,000","-21,000","-17,000","20,000","107,000","-102,000",,,,,,,,,,,,
	InterestIncomeNonOperating,"173,000","61,000","25,000","36,000","51,000","92,000","104,000","134,000","255,000","420,000","459,000","500,000","528,000","523,000","500,000","369,000","373,000","301,000",,,,,,,,,,,,,,,,,,,,,,,,,,,,,,,,,"-5,000","30,000","117,000","0",,,,,,,,,,,,
	InterestExpenseNonOperating,,,,,,,,,,,"0","0","0",,"0","0","1,000","0","0","1,000","0","1,000","1,000","1,000","0","1,000","2,000","0","0","40,000",,,,,"0","0","0","0","0","1,000","1,000","4,000","4,000","5,000","5,000","20,000","214,000","15,000","17,000","21,000","12,000","10,000","10,000","102,000",,,,,,,,,,,,
OtherIncomeExpense,"35,000","56,000","-10,000","1,000","-12,000","-10,000","-15,000","-29,000","-2,350,000","-12,000","-41,000","-5,000","-48,000","-24,000","-14,000","-22,000","9,000","-53,000","-650,000","233,000","111,000","118,000","153,000","79,000","79,000","-21,000","-9,000","-48,000","20,000","-102,000","-58,000","-2,000","8,000","121,000","30,000","-113,000","-19,000","27,000","-293,000","-131,000","-88,000","41,000","-2,768,000","-597,000","61,000","194,000","21,000","78,000","-81,000","-18,000","0","0","0","0","0","0","0","0",,,,,,,,
	SpecialIncomeCharges,,,"0","0","0",,"0","0","-2,332,000",,,,,,,,"9,000","-53,000","-650,000","233,000","111,000","118,000","153,000","79,000","79,000","-21,000","-9,000","-48,000","20,000","-102,000","0","0","0","121,000","0","-140,000","-44,000","0","-436,000","-131,000","-88,000","41,000","-2,768,000","-597,000","61,000","194,000",,"78,000","-81,000","-18,000",,,,,,,,,,,,,,,,
		RestructuringAndMergernAcquisition,,,,,,,,,,,,,,,,,,,,,,,,,,,,,,,"0","0","0",,"0","140,000","44,000","0","92,000","167,000","79,000","31,000","2,824,000","470,000",,,,,,,,,,,,,,,,,,,,,,
		ImpairmentOfCapitalAssets,,,"0","0","0",,"0","0","2,332,000",,,,,,,,,,,,,,,,,,,,,,,,,,"0",,,,"1,020,000",,,,,,,,,,,,,,,,,,,,,,,,,,,
		OtherSpecialCharges,,,,,,,,,,,,,,,,,,,"650,000","-233,000","-111,000",,,,,"21,000",,,,,"58,000",,"-8,000",,"-30,000","-27,000","-25,000","-27,000","-676,000","-36,000","9,000","-72,000","-56,000","127,000",,,,,,,,,,,,,,,,,,,,,,
	OtherNonOperatingIncomeExpenses,"35,000","56,000","-10,000","1,000","-12,000","-10,000","-15,000","-29,000","-18,000","-12,000","-41,000","-5,000","-48,000","-24,000","-14,000","-22,000","9,000","-53,000","-650,000","233,000","111,000","118,000","153,000","79,000","79,000","-21,000","-9,000","-48,000","20,000","-102,000","-58,000","-2,000","8,000","121,000","30,000","27,000","25,000","27,000","44,000",,,,,,,,,,,,,,,,,,,,,,,,,,,
PretaxIncome,"16,117,000","8,339,000","5,988,000","1,464,000","326,000","6,226,000","3,902,000","6,183,000","21,512,000","536,000","-493,000","5,066,000","4,475,000","3,208,000","1,905,000","5,997,000","4,621,000","-1,083,000","3,277,000","1,772,000","-583,000","-510,000","2,832,000","-576,000","559,000","-2,171,000","-202,000","-302,000","-3,256,000","-8,212,000","-4,801,000","-5,443,000","-4,553,000","-3,617,000","6,796,000","-3,830,000","-1,296,000","-4,449,000","-2,193,000","-1,772,000","66,000","-4,617,000","-10,497,000","-6,817,000","-5,166,000","-2,664,000","148,000","-4,683,000","-814,000","115,000","3,013,000","722,000","-80,000","2,503,000","8,110,000","906,000","3,120,000","1,559,000",,,,,,,,
TaxProvision,"820,000","445,000","725,000","393,000","-743,000","-640,000","449,000","796,000","4,586,000","-85,000","116,000","-83,000","756,000","554,000","-513,000","1,339,000","-11,122,000","-357,000","-8,348,000","66,000","-35,000","-77,000","-291,000","3,000","103,000","-205,000","-514,000","38,000","71,000","71,000","104,000","63,000","58,000","66,000","69,000","36,000","161,000","61,000","-9,000","54,000","-373,000","66,000","-476,000","4,509,000","-1,828,000","-906,000","-348,000","-833,000","-492,000","47,000","1,360,000","172,000","-9,000","949,000","2,846,000","283,000","1,291,000","612,000",,,,,,,,
NetIncomeCommonStockholders,"15,297,000","7,894,000","5,263,000","1,071,000","1,069,000","6,866,000","3,453,000","5,387,000","16,926,000","621,000","-609,000","5,149,000","3,719,000","2,654,000","2,418,000","4,658,000","15,743,000","-726,000","11,625,000","1,706,000","-548,000","-433,000","3,123,000","-579,000","456,000","-1,966,000","312,000","-340,000","-3,327,000","-8,283,000","-4,905,000","-5,506,000","-4,611,000","-3,683,000","6,727,000","-3,866,000","-1,457,000","-4,510,000","-2,184,000","-1,826,000","439,000","-4,683,000","-10,021,000","-11,326,000","-3,338,000","-1,758,000","496,000","-3,850,000","-322,000","68,000","1,653,000","550,000","-71,000","1,554,000","5,264,000","623,000","1,829,000","947,000","1,119,000","1,558,000","1,558,000","1,119,000","595,000","596,000","596,000","596,000"
	NetIncome,"15,297,000","7,894,000","5,263,000","1,071,000","1,069,000","6,866,000","3,453,000","5,387,000","16,926,000","621,000","-609,000","5,149,000","3,719,000","2,654,000","2,418,000","4,658,000","15,743,000","-726,000","11,625,000","1,706,000","-548,000","-433,000","3,123,000","-579,000","456,000","-1,966,000","312,000","-340,000","-3,327,000","-8,283,000","-4,905,000","-5,506,000","-4,611,000","-3,683,000","6,727,000","-3,866,000","-1,457,000","-4,510,000","-2,184,000","-1,826,000","439,000","-4,683,000","-10,021,000","-11,326,000","-3,338,000","-1,758,000","496,000","-3,850,000","-322,000","68,000","1,653,000","550,000","-71,000","1,554,000","5,264,000","623,000","1,829,000","947,000","1,119,000","1,558,000","1,558,000","1,119,000","595,000","596,000","596,000","596,000"
		NetIncomeIncludingNoncontrollingInterests,"15,297,000","7,894,000","5,263,000","1,071,000","1,069,000","6,866,000","3,453,000","5,387,000","16,926,000","621,000","-609,000","5,149,000","3,719,000","2,654,000","2,418,000","4,658,000","15,743,000","-726,000","11,625,000","1,706,000","-548,000","-433,000","3,123,000","-579,000","456,000","-1,966,000","312,000","-340,000","-3,327,000","-8,283,000","-4,905,000","-5,506,000","-4,611,000","-3,683,000","6,727,000","-3,866,000","-1,457,000","-4,510,000","-2,184,000","-1,826,000","439,000","-4,683,000","-10,021,000","-11,326,000","-3,338,000","-1,758,000","496,000","-3,850,000","-322,000","68,000","1,653,000","550,000","-71,000","1,554,000","5,264,000","623,000","1,829,000","947,000","1,119,000","1,558,000","1,558,000","1,119,000","595,000","596,000","596,000","596,000"
			NetIncomeContinuousOperations,"15,297,000","7,894,000","5,263,000","1,071,000","1,069,000","6,866,000","3,453,000","5,387,000","16,926,000","621,000","-609,000","5,149,000","3,719,000","2,654,000","2,418,000","4,658,000","15,743,000","-726,000","11,625,000","1,706,000","-548,000","-433,000","3,123,000","-579,000","456,000","-1,966,000","312,000","-340,000","-3,327,000","-8,283,000","-4,905,000","-5,506,000","-4,611,000","-3,683,000","6,727,000","-3,866,000","-1,457,000","-4,510,000","-2,184,000","-1,826,000","439,000","-4,683,000","-10,021,000","-11,326,000","-3,338,000","-1,758,000","496,000","-3,850,000","-322,000","68,000","1,653,000","550,000","-71,000","1,554,000","5,264,000","623,000","1,829,000","947,000","1,119,000","1,558,000","1,558,000","1,119,000","595,000","596,000","596,000","596,000"
DilutedNIAvailtoComStockholders,"15,297,000","7,894,000","5,263,000","1,071,000","1,069,000","6,866,000","3,453,000","5,387,000","16,926,000","621,000","-609,000","5,149,000","3,719,000","2,654,000","2,418,000","4,658,000","15,743,000","-726,000","11,625,000","1,706,000","-548,000","-433,000","3,123,000","-579,000","456,000","-1,966,000","312,000","-340,000","-3,327,000","-8,283,000","-4,905,000","-5,506,000","-4,611,000","-3,683,000","6,727,000","-3,866,000","-1,457,000","-4,510,000","-2,184,000","-1,826,000","439,000","-4,683,000","-10,021,000","-11,326,000","-3,338,000","-1,758,000","496,000","-3,850,000","-322,000","68,000","1,653,000","550,000","-71,000","1,554,000","5,264,000","623,000","1,829,000","947,000","1,119,000","1,558,000","1,558,000","1,119,000","595,000","596,000","596,000","596,000"
BasicEPS,,"0.14","0.09","0.02","0.02","0.12","0.06","0.1","0.3","0.01","-0.01","0.09","0.07","0.05",,"0.09","0.29","-0.01",,"0.03","-0.01","-0.01",,"-0.01","0.01","-0.04",,"-0.01","-0.06","-0.16","-0.09","-0.11","-0.09","-0.07","0.13","-0.08","-0.03","-0.09","-0.04","-0.04","0.01","-0.09",,"-0.22","-0.06","-0.03",,"-0.07","-0.01","0",,"0.01","0","0.03",,"0.01","0.05","0.02",,"0.04","0.04","0.03",,"0.02","0.02","0.02"
DilutedEPS,,"0.14","0.09","0.02","0.02","0.12","0.06","0.1","0.3","0.01","-0.01","0.09","0.07","0.05",,"0.08","0.28","-0.01",,"0.03","-0.01","-0.01",,"-0.01","0.01","-0.04",,"-0.01","-0.06","-0.16","-0.09","-0.11","-0.09","-0.07","0.13","-0.08","-0.03","-0.09","-0.04","-0.04","0.01","-0.09",,"-0.22","-0.06","-0.03",,"-0.07","-0.01","0",,"0.01","0","0.03",,"0.01","0.04","0.02",,"0.04","0.04","0.03",,"0.02","0.02","0.02"
BasicAverageShares,,"56,783,000","56,818,000","57,026,000","57,253,000","56,877,000","56,113,000","55,692,000","55,614,000","55,412,000","55,201,000","54,975,000","54,681,000","54,116,000",,"53,665,000","53,747,000","53,987,000",,"53,580,000","53,748,000","53,825,000",,"52,106,000","52,369,000","52,207,000",,"52,237,000","52,026,000","51,948,000","51,822,000","51,861,000","51,566,000","51,446,000","51,200,000","51,052,000","51,026,000","50,982,000","50,900,000","50,872,000","51,432,000","52,618,000",,"52,636,000","52,605,000","52,586,000",,"52,447,000","52,078,000","51,243,000",,"50,160,000","50,146,000","50,052,000",,"49,646,000","39,827,000","39,804,000",,"39,060,000","39,060,000","38,271,000",,"38,018,000","38,018,000","38,018,000"
DilutedAverageShares,,"58,181,000","58,502,000","58,709,000","58,999,000","58,597,000","57,261,000","56,471,000","56,371,000","56,542,000","55,201,000","56,384,000","56,110,000","55,368,000",,"55,295,000","55,406,000","53,987,000",,"55,140,000","53,748,000","53,825,000",,"52,106,000","55,698,000","52,207,000",,"52,237,000","52,026,000","51,948,000","51,822,000","51,861,000","51,566,000","51,446,000","53,305,000","51,052,000","51,026,000","50,982,000","50,900,000","50,872,000","52,070,000","52,618,000",,"52,636,000","52,605,000","52,586,000",,"52,447,000","52,078,000","53,652,000",,"52,584,000","50,146,000","52,580,000",,"52,396,000","42,284,000","42,196,000",,"41,433,000","41,433,000","40,508,000",,"40,244,000","40,244,000","40,244,000"
TotalOperatingIncomeAsReported,"15,909,000","8,222,000","5,973,000","1,427,000","287,000","6,144,000","3,813,000","6,078,000","21,275,000","128,000","-911,000","4,571,000","3,995,000","2,709,000","1,419,000","5,650,000","4,240,000","-1,331,000","3,057,000","1,540,000","-694,000","-627,000","2,680,000","-654,000","480,000","-2,149,000","-191,000","-254,000","-3,276,000","-8,070,000","-4,743,000","-5,441,000","-4,561,000","-3,738,000","6,766,000","-3,857,000","-1,321,000","-4,476,000","-2,237,000","-1,807,000","76,000","-4,685,000","-10,549,000","-6,685,000","-5,222,000","-2,838,000","341,000","-4,746,000","-716,000","154,000","3,030,000","702,000","-187,000","2,605,000","8,095,000","706,000","3,167,000","933,000",,,,,,,,
TotalExpenses,"91,601,000","24,324,000","27,603,000","19,354,000","20,320,000","22,796,000","22,613,000","21,330,000","20,001,000","21,416,000","20,412,000","20,279,000","18,801,000","17,086,000","16,286,000","16,589,000","16,524,000","15,138,000","19,332,000","13,544,000","12,866,000","14,138,000","15,237,000","12,928,000","12,743,000","13,450,000","16,444,000","12,366,000","13,760,000","13,934,000","19,523,000","10,783,000","10,968,000","7,635,000","16,469,000","8,585,000","9,846,000","10,849,000","16,982,000","12,138,000","12,141,000","9,410,000","13,840,000","11,148,000","11,854,000","13,205,000","12,672,000","11,667,000","14,020,000","12,461,000","12,704,000","8,843,000","9,276,000","10,041,000","13,899,000","8,338,000","8,794,000","8,187,000",,,,,,,,
NetIncomeFromContinuingAndDiscontinuedOperation,"15,297,000","7,894,000","5,263,000","1,071,000","1,069,000","6,866,000","3,453,000","5,387,000","16,926,000","621,000","-609,000","5,149,000","3,719,000","2,654,000","2,418,000","4,658,000","15,743,000","-726,000","11,625,000","1,706,000","-548,000","-433,000","3,123,000","-579,000","456,000","-1,966,000","312,000","-340,000","-3,327,000","-8,283,000","-4,905,000","-5,506,000","-4,611,000","-3,683,000","6,727,000","-3,866,000","-1,457,000","-4,510,000","-2,184,000","-1,826,000","439,000","-4,683,000","-10,021,000","-11,326,000","-3,338,000","-1,758,000","496,000","-3,850,000","-322,000","68,000","1,653,000","550,000","-71,000","1,554,000","5,264,000","623,000","1,829,000","947,000","1,119,000","1,558,000","1,558,000","1,119,000","595,000","596,000","596,000","596,000"
NormalizedIncome,"15,297,000","7,894,000","5,263,000","1,071,000","1,069,000","6,866,000","3,453,000","5,387,000","18,761,284","621,000","-609,000","5,149,000","3,719,000","2,654,000","2,418,000","4,658,000","15,743,000","-726,000","11,625,000","1,706,000","-548,000","-433,000","3,123,000","-579,000","456,000","-1,966,000","312,000","-340,000","-3,327,000","-8,283,000","-4,905,000","-5,506,000","-4,611,000","-3,683,000","6,727,000","-3,775,000","-1,428,400","-4,510,000","-1,749,789.33","-1,740,850","496,200","-4,709,650","-7,378,518.529","-10,937,950","-3,377,415.021","-1,886,022.523","496,000","-3,914,125.561","-269,350","79,700","1,653,000","550,000","-71,000","1,554,000","5,264,000","623,000","1,829,000","947,000","1,119,000","1,558,000","1,558,000","1,119,000","595,000","596,000","596,000","596,000"
InterestIncome,"173,000","61,000","25,000","36,000","51,000","92,000","104,000","134,000","255,000","420,000","459,000","500,000","528,000","523,000","500,000","369,000","373,000","301,000",,,,,,,,,,,,,,,,,,,,,,,,,,,,,,,,,"-5,000","30,000","117,000","0","32,000","217,000",,"647,000",,,,,,,,
InterestExpense,,,,,,,,,,,"0","0","0",,"0","0","1,000","0","0","1,000","0","1,000","1,000","1,000","0","1,000","2,000","0","0","40,000",,,,,"0","0","0","0","0","1,000","1,000","4,000","4,000","5,000","5,000","20,000","214,000","15,000","17,000","21,000","12,000","10,000","10,000","102,000","17,000","17,000","47,000","21,000",,,,,,,,
NetInterestIncome,"173,000","61,000","25,000","36,000","51,000","92,000","104,000","134,000","255,000","420,000","459,000","500,000","528,000","523,000","500,000","369,000","372,000","301,000","870,000","-1,000","0","-1,000","-1,000","-1,000","0","-1,000","-2,000","0","0","-40,000",,,,,"0","0","0","0","0","-1,000","-1,000","-4,000","-4,000","-5,000","-5,000","-20,000","-214,000","-15,000","-17,000","-21,000","-17,000","20,000","107,000","-102,000","15,000","200,000","-47,000","626,000",,,,,,,,
EBIT,"15,909,000","8,222,000","5,973,000","1,427,000","287,000","6,144,000","2,320,000","6,078,000","23,607,000","128,000","-493,000","5,066,000","4,475,000","2,709,000","1,905,000","5,997,000","4,622,000","-1,331,000","3,277,000","1,773,000","-583,000","-509,000","2,833,000","-575,000","559,000","-2,170,000","-200,000","-302,000","-3,256,000","-8,172,000","-4,674,000","-5,441,000","-4,561,000","-3,738,000","6,796,000","-3,830,000","-1,296,000","-4,449,000","-2,193,000","-1,771,000","67,000","-4,613,000","-10,493,000","-6,812,000","-5,161,000","-2,644,000","362,000","-4,668,000","-797,000","136,000","3,025,000","732,000","-70,000","2,605,000","8,095,000","706,000","3,167,000","933,000","-18,947,000","9,425,000","9,425,000","7,139,000","-11,404,000","5,015,000","5,015,000","5,015,000"
EBITDA,"21,889,000"
ReconciledCostOfRevenue,"33,187,000","9,498,000","8,624,000","4,683,000","5,798,000","7,638,000","6,868,000","6,608,000","5,060,000","4,430,000","3,643,000","4,093,000","4,588,000","4,191,000","2,746,000","4,322,000","5,218,000","2,348,000","5,863,000","3,527,000","2,749,000","3,887,000","5,220,000","3,206,000","3,475,000","2,899,000","6,014,000","4,169,000","4,014,000","1,711,000","4,915,000","2,196,000","2,532,000","884,000","7,942,000","1,224,000","2,606,000","2,675,000","7,983,000","3,989,000","4,921,000","2,766,000","5,167,000","3,359,000","3,446,000","4,845,000","7,311,000","4,537,000","6,676,000","5,257,000","6,344,000","3,387,000","3,291,000","4,573,000","7,811,000","3,497,000","3,951,000","3,674,000",,,,,,,,
ReconciledDepreciation,"5,980,000","1,388,000","1,798,000","1,408,000","1,386,000","1,347,000","1,336,000","1,212,000","1,493,000","1,258,000","955,000","1,488,000","1,052,000","900,000","971,000","858,000","916,000","1,124,000","962,000","884,000","939,000","881,000","909,000","920,000","919,000","932,000","941,000","938,000","980,000","979,000","1,003,000","1,027,000","1,015,000","983,000","996,000","972,000","918,000","911,000","857,000","969,000","976,000","1,000,000","1,183,000","1,201,000","1,203,000","1,204,000","1,419,000","1,519,000","1,140,000","1,126,000","557,000","234,000","214,000","178,000","144,000","140,000","117,000","121,000",,,,,,,,
NetIncomeFromContinuingOperationNetMinorityInterest,"15,297,000","7,894,000","5,263,000","1,071,000","1,069,000","6,866,000","3,453,000","5,387,000","16,926,000","621,000","-609,000","5,149,000","3,719,000","2,654,000","2,418,000","4,658,000","15,743,000","-726,000","11,625,000","1,706,000","-548,000","-433,000","3,123,000","-579,000","456,000","-1,966,000","312,000","-340,000","-3,327,000","-8,283,000","-4,905,000","-5,506,000","-4,611,000","-3,683,000","6,727,000","-3,866,000","-1,457,000","-4,510,000","-2,184,000","-1,826,000","439,000","-4,683,000","-10,021,000","-11,326,000","-3,338,000","-1,758,000","496,000","-3,850,000","-322,000","68,000","1,653,000","550,000","-71,000","1,554,000","5,264,000","623,000","1,829,000","947,000","1,119,000","1,558,000","1,558,000","1,119,000","595,000","596,000","596,000","596,000"
TotalUnusualItemsExcludingGoodwill,"0",,"0","0","0",,"0","0","-2,332,000",,,,,,,,"9,000","-53,000","-650,000","233,000","111,000","118,000","153,000","79,000","79,000","-21,000","-9,000","-48,000","20,000","-102,000","0","0","0","121,000","0","-140,000","-44,000","0","-436,000","-131,000","-88,000","41,000","-2,768,000","-597,000","61,000","194,000",,"78,000","-81,000","-18,000",,,,,,,,,,,,,,,,
TotalUnusualItems,"0",,"0","0","0",,"0","0","-2,332,000",,,,,,,,"9,000","-53,000","-650,000","233,000","111,000","118,000","153,000","79,000","79,000","-21,000","-9,000","-48,000","20,000","-102,000","0","0","0","121,000","0","-140,000","-44,000","0","-436,000","-131,000","-88,000","41,000","-2,768,000","-597,000","61,000","194,000",,"78,000","-81,000","-18,000",,,,,,,,,,,,,,,,
NormalizedEBITDA,"21,889,000","9,610,000","7,771,000","2,835,000","1,673,000","7,491,000","3,656,000","7,290,000","27,432,000","1,386,000","462,000","6,554,000","5,527,000","3,609,000","2,876,000","6,855,000","5,538,000","-207,000","4,239,000","2,657,000","356,000","372,000","3,742,000","345,000","1,478,000","-1,238,000","741,000","636,000","-2,276,000","-7,193,000","-3,671,000","-4,414,000","-3,546,000","-2,755,000","7,792,000","-2,718,000","-334,000","-3,538,000","-900,000","-671,000","1,131,000","-3,654,000","-6,542,000","-5,014,000","-4,019,000","-1,634,000","1,781,000","-3,227,000","424,000","1,280,000","3,582,000","966,000","144,000","2,783,000","8,239,000","846,000","3,284,000","1,054,000","-18,947,000","9,425,000","9,425,000","7,139,000","-11,404,000","5,015,000","5,015,000","5,015,000"
TaxRateForCalcs,"0.051","0.053","0.121","0.268","0.27","0.27","0.115","0.129","0.213","0.27","0.27","0.27","0.169","0.173","0.27","0.223","0.27","0.33","0.4","0.037","0.06","0.146","0.4","0.4","0.184","0.094","0.4","0.4","0.4","0.4","0.35","0.35","0.35","0.35","0.01","0.35","0.35","0.35","0.004","0.35","0.35","0.35","0.045","0.35","0.354","0.34","0.35","0.178","0.35","0.35","0.35","0.238","0.113","0.379","0.351","0.312","0.35","0.393","0.35","0.35","0.35","0.35","0.4","0.4","0.4","0.4"
TaxEffectOfUnusualItems,"0","0","0","0","0","0","0","0","-496,716","0","0","0","0","0","0","0","0","0","0","0","0","0","0","0","0","0","0","0","0","0","0","0","0","0","0","-49,000","-15,400","0","-1,789.33","-45,850","-30,800","14,350","-125,518.529","-208,950","21,584.979","65,977.477","0","13,874.439","-28,350","-6,300","0","0","0","0","0","0","0","0","0","0","0","0","0","0","0","0"