name,ttm,03/31/2022,12/31/2021,09/30/2021,06/30/2021,03/31/2021,12/31/2020,09/30/2020,06/30/2020,03/31/2020,12/31/2019,09/30/2019,06/30/2019,03/31/2019,12/31/2018,09/30/2018,06/30/2018,03/31/2018,12/31/2017,09/30/2017,06/30/2017,03/31/2017,12/31/2016,09/30/2016,06/30/2016,03/31/2016,12/31/2015,09/30/2015,06/30/2015,03/31/2015,12/31/2014,09/30/2014,06/30/2014,03/31/2014,12/31/2013,09/30/2013,06/30/2013,03/31/2013,12/31/2012,09/30/2012,06/30/2012,03/31/2012,12/31/2011,09/30/2011,06/30/2011,03/31/2011,12/31/2010,09/30/2010,06/30/2010,03/31/2010,12/31/2009,09/30/2009,06/30/2009,03/31/2009,12/31/2008,09/30/2008,06/30/2008,03/31/2008,12/31/2007,09/30/2007,06/30/2007,03/31/2007,12/31/2006,09/30/2006,06/30/2006,03/31/2006,12/31/2005,09/30/2005,06/30/2005,03/31/2005,12/31/2004,09/30/2004,06/30/2004,03/31/2004,12/31/2003,09/30/2003,06/30/2003,03/31/2003,12/31/2002,09/30/2002,06/30/2002,03/31/2002,12/31/2001,09/30/2001,06/30/2001,03/31/2001,12/31/2000,09/30/2000,06/30/2000,03/31/2000,12/31/1999,09/30/1999,06/30/1999,03/31/1999,12/31/1998,09/30/1998,06/30/1998,03/31/1998,12/31/1997,09/30/1997,06/30/1997,03/31/1997,12/31/1996,09/30/1996,06/30/1996,03/31/1996,12/31/1995,09/30/1995,06/30/1995,03/31/1995,12/31/1994,09/30/1994,06/30/1994,03/31/1994,12/31/1993,09/30/1993,06/30/1993,03/31/1993,12/31/1992,09/30/1992,06/30/1992,03/31/1992,12/31/1991,09/30/1991,06/30/1991,03/31/1991,12/31/1990,09/30/1990,06/30/1990,03/31/1990,12/31/1989
TotalRevenue,"768,810,000","204,928,000","177,010,000","205,478,000","181,394,000","166,644,000","162,949,000","208,030,000","172,665,000","180,492,000","171,728,000","236,658,000","199,766,000","193,949,000","182,597,000","231,086,000","192,223,000","174,778,000","173,495,000","207,005,000","171,189,000","161,178,000","146,368,000","159,505,000","140,191,000","138,930,000","132,833,000","153,612,000","134,191,000","128,941,000","120,547,000","151,413,000","130,495,000","124,762,000","124,450,000","144,601,000","116,922,000","166,178,000","145,265,000","192,166,000","169,449,000","173,863,000","152,925,000","190,701,000","176,326,000","166,748,000","159,936,000","207,925,000","157,582,000","129,281,000","112,705,000","169,449,000","148,102,000","154,156,000","149,171,000","196,032,000","157,669,000","135,159,000","134,957,000","162,133,000","137,523,000","129,068,000","98,813,000","121,769,000","123,626,000","122,884,000","90,586,000","109,780,000","108,800,000","106,160,000","104,375,000","115,608,000","107,911,000","102,171,000","96,396,000","72,859,000","102,343,000","112,197,000","111,799,000","100,264,000","94,701,000","88,224,000","84,336,000","87,265,000","87,862,000","86,905,000","82,871,000","84,995,000","79,235,000","70,062,000","65,900,000","117,700,000","114,000,000","96,200,000","88,200,000","102,700,000","98,200,000","86,000,000","78,100,000","111,400,000","109,300,000","88,800,000","68,900,000","99,300,000","109,100,000","117,400,000","112,600,000","125,100,000","107,900,000","109,800,000","98,200,000","128,700,000","118,500,000","113,400,000","113,300,000","126,500,000","121,800,000","107,100,000","104,300,000","125,100,000","92,000,000","92,700,000","96,400,000","94,000,000","135,900,000","126,800,000","124,500,000","150,200,000","136,700,000","120,600,000","131,000,000"
	OperatingRevenue,"768,810,000","204,928,000","177,010,000","205,478,000","181,394,000","166,644,000","162,949,000","208,030,000","172,665,000","180,492,000","171,728,000","236,658,000","199,766,000","193,949,000","182,597,000","231,086,000","192,223,000","174,778,000","173,495,000","207,005,000","171,189,000","161,178,000","146,368,000","159,505,000","140,191,000","138,930,000","132,833,000","153,612,000","134,191,000","128,941,000","120,547,000","151,413,000","130,495,000","124,762,000","124,450,000","144,601,000","116,922,000","166,178,000","145,265,000","192,166,000","169,449,000","173,863,000","152,925,000","190,701,000","176,326,000","166,748,000","159,936,000","207,925,000","157,582,000","129,281,000","112,705,000","169,449,000","148,102,000","154,156,000","149,171,000","196,032,000","157,669,000","135,159,000","134,957,000","162,133,000","137,523,000","129,068,000","98,813,000","121,769,000","123,626,000","122,884,000","90,586,000","109,780,000","108,800,000","106,160,000","104,375,000","115,608,000","107,911,000","102,171,000","96,396,000","72,859,000","102,343,000","112,197,000","111,799,000","100,264,000","94,701,000","88,224,000","84,336,000","87,265,000","87,862,000","86,905,000","82,871,000","84,995,000","79,235,000","70,062,000","65,900,000","117,700,000","114,000,000","96,200,000","88,200,000","102,700,000","98,200,000","86,000,000","78,100,000","111,400,000","109,300,000","88,800,000","68,900,000","99,300,000","109,100,000","117,400,000","112,600,000","125,100,000","107,900,000","109,800,000","98,200,000","128,700,000","118,500,000","113,400,000","113,300,000","126,500,000","121,800,000","107,100,000","104,300,000","125,100,000","92,000,000","92,700,000","96,400,000","94,000,000","135,900,000","126,800,000","124,500,000","150,200,000","136,700,000","120,600,000","131,000,000"
CostOfRevenue,"478,550,000","128,375,000","108,305,000","128,260,000","113,610,000","103,113,000","98,777,000","129,763,000","107,686,000","113,242,000","106,727,000","145,495,000","122,172,000","121,946,000","118,908,000","143,486,000","122,805,000","112,370,000","111,736,000","129,769,000","108,856,000","105,379,000","92,914,000","96,038,000","86,602,000","88,118,000","80,049,000","101,334,000","82,956,000","80,140,000","70,420,000","92,614,000","79,608,000","77,436,000","74,281,000","86,659,000","69,556,000","110,681,000","94,038,000","117,102,000","103,088,000","105,967,000","92,721,000","123,247,000","105,522,000","98,594,000","97,483,000","123,113,000","91,994,000","79,399,000","67,436,000","99,471,000","88,040,000","92,226,000","93,561,000","118,260,000","93,563,000","78,263,000","84,012,000","106,926,000","88,582,000","83,021,000","71,344,000","78,655,000","77,152,000","80,514,000","64,027,000","72,704,000","71,911,000","68,989,000","68,509,000","75,591,000","70,125,000","70,781,000","66,270,000","47,731,000","70,970,000","77,336,000","76,877,000","68,347,000","63,609,000","59,099,000","57,457,000","59,377,000","59,847,000","59,675,000","57,626,000","55,656,000","50,745,000","45,040,000","42,600,000","95,600,000","81,500,000","66,700,000","60,800,000","76,000,000","68,100,000","57,000,000","51,300,000","80,800,000","79,400,000","62,900,000","49,300,000","74,900,000","103,900,000","88,700,000","85,700,000","98,000,000","80,300,000","80,600,000","71,800,000","101,200,000","90,600,000","83,400,000","84,700,000","99,200,000","90,300,000","77,700,000","76,200,000","101,400,000","66,400,000","65,900,000","70,000,000","124,200,000","106,600,000","92,400,000","92,400,000",,,,
GrossProfit,"290,260,000","76,553,000","68,705,000","77,218,000","67,784,000","63,531,000","64,172,000","78,267,000","64,979,000","67,250,000","65,001,000","91,163,000","77,594,000","72,003,000","63,689,000","87,600,000","69,418,000","62,408,000","61,759,000","77,236,000","62,333,000","55,799,000","53,454,000","63,467,000","53,589,000","50,812,000","52,784,000","52,278,000","51,235,000","48,801,000","50,127,000","58,799,000","50,887,000","47,326,000","50,169,000","57,942,000","47,366,000","55,497,000","51,227,000","75,064,000","66,361,000","67,896,000","60,204,000","67,454,000","70,804,000","68,154,000","62,453,000","84,812,000","65,588,000","49,882,000","45,269,000","69,978,000","60,062,000","61,930,000","55,610,000","77,772,000","64,106,000","56,896,000","50,945,000","55,207,000","48,941,000","46,047,000","27,469,000","43,114,000","46,474,000","42,370,000","26,559,000","37,076,000","36,889,000","37,171,000","35,866,000","40,017,000","37,786,000","31,390,000","30,126,000","25,128,000","31,373,000","34,861,000","34,922,000","31,917,000","31,092,000","29,125,000","26,879,000","27,888,000","28,015,000","27,230,000","25,245,000","29,339,000","28,490,000","25,022,000","23,300,000","22,100,000","32,500,000","29,500,000","27,400,000","26,700,000","30,100,000","29,000,000","26,800,000","30,600,000","29,900,000","25,900,000","19,600,000","24,400,000","5,200,000","28,700,000","26,900,000","27,100,000","27,600,000","29,200,000","26,400,000","27,500,000","27,900,000","30,000,000","28,600,000","27,300,000","31,500,000","29,400,000","28,100,000","23,700,000","25,600,000","26,800,000","26,400,000","-30,200,000","29,300,000","34,400,000","32,100,000",,,,
OperatingExpense,"206,323,000","54,469,000","53,102,000","51,006,000","47,746,000","43,663,000","45,948,000","45,714,000","42,471,000","45,202,000","47,915,000","51,566,000","48,093,000","46,293,000","45,645,000","44,331,000","44,515,000","45,313,000","46,600,000","46,119,000","42,538,000","38,703,000","37,411,000","37,394,000","34,320,000","35,424,000","35,985,000","33,417,000","35,071,000","35,151,000","35,377,000","37,414,000","35,174,000","33,497,000","35,558,000","34,648,000","33,052,000","49,954,000","50,439,000","46,856,000","49,505,000","51,198,000","51,371,000","46,912,000","50,053,000","46,444,000","46,498,000","46,158,000","41,035,000","39,696,000","42,092,000","47,554,000","41,428,000","43,222,000","44,788,000","44,088,000","43,404,000","44,144,000","37,107,000","33,959,000","33,402,000","34,341,000","31,521,000","30,577,000","30,939,000","28,239,000","23,619,000","22,010,000","21,722,000","21,269,000","19,813,000","20,474,000","19,670,000","19,111,000","18,769,000","900,000","26,934,000","22,786,000","23,175,000","22,251,000","21,173,000","20,152,000","18,753,000","18,849,000","18,329,000","17,594,000","16,765,000","19,979,000","20,541,000","18,132,000","17,400,000","23,200,000","23,400,000","23,100,000","21,700,000","22,300,000","21,500,000","21,700,000","20,300,000","22,200,000","21,500,000","19,200,000","15,600,000","20,300,000","21,100,000","22,200,000","20,400,000","21,800,000","22,300,000","23,500,000","20,600,000","22,100,000","21,700,000","23,000,000","22,800,000","21,700,000","25,900,000","25,700,000","23,300,000","19,800,000","22,100,000","23,200,000","22,300,000","23,000,000","26,300,000","27,400,000","25,100,000",,,,
	SellingGeneralAndAdministration,"182,382,000","47,959,000","46,635,000","44,906,000","42,882,000","38,746,000","41,000,000","40,467,000","36,936,000","39,982,000","42,105,000","46,043,000","43,400,000","41,673,000","40,993,000","39,618,000","39,910,000","40,749,000","42,154,000","41,329,000","38,453,000","34,889,000","33,762,000","34,304,000","31,369,000","32,529,000","33,291,000","30,945,000","32,786,000","32,931,000","33,504,000","35,717,000","33,492,000","31,818,000","33,872,000","33,010,000","31,546,000","45,751,000","46,939,000","43,333,000","46,113,000","47,944,000","48,690,000","47,956,000","47,520,000","43,409,000","43,645,000","43,187,000","38,144,000","36,809,000","39,208,000","38,239,000","36,636,000","38,237,000","40,054,000","39,288,000","38,829,000","39,546,000","33,510,000","31,154,000","30,549,000","31,432,000","29,384,000","28,308,000","28,385,000","26,703,000","23,619,000","22,010,000","21,722,000","21,269,000","19,813,000","20,474,000","19,670,000","19,111,000","18,769,000","900,000","26,934,000","22,786,000","23,175,000","22,251,000","21,173,000","20,152,000","18,753,000","18,849,000","18,329,000","17,594,000","16,765,000","16,631,000","16,750,000","14,686,000","13,800,000","19,700,000","18,900,000","18,600,000","17,200,000","18,500,000","17,000,000","17,300,000","15,500,000","18,300,000","17,100,000","15,700,000","13,000,000","17,600,000","17,400,000","18,600,000","16,900,000","18,300,000","18,700,000","20,000,000","17,200,000","19,000,000","18,300,000","19,400,000","19,200,000","17,000,000","20,800,000","20,700,000","18,200,000","15,600,000","17,000,000","18,100,000","17,200,000","18,700,000","20,700,000","21,800,000","19,400,000",,,,
	DepreciationAmortizationDepletionIncomeStatement,"23,941,000","6,510,000","6,467,000","6,100,000","4,864,000","4,917,000","4,948,000","5,247,000","5,535,000","5,220,000","5,810,000","5,523,000","4,693,000","4,620,000","4,652,000","4,713,000","4,605,000","4,564,000","4,446,000","4,790,000","4,085,000","3,814,000","3,649,000","3,090,000","2,951,000","2,895,000","2,694,000","2,472,000","2,285,000","2,220,000","1,873,000","1,697,000","1,682,000","1,679,000","1,686,000","1,638,000","1,506,000","4,203,000","3,500,000","3,523,000","3,392,000","3,254,000","3,153,000","3,039,000","3,055,000","3,035,000","2,853,000","2,971,000","2,891,000","2,887,000","2,884,000","4,835,000","4,792,000","4,985,000","4,734,000","4,800,000","4,575,000","4,598,000","3,597,000","2,805,000","2,853,000","2,909,000","2,137,000","2,269,000","2,554,000","1,536,000",,,,,,,,,,,,,,,,,,,,,,"3,348,000","3,791,000","3,446,000","3,600,000","3,500,000","4,500,000","4,500,000","4,500,000","3,800,000","4,500,000","4,400,000","4,800,000","3,900,000","4,400,000","3,500,000","2,600,000","2,700,000","3,700,000","3,600,000","3,500,000","3,500,000","3,600,000","3,500,000","3,400,000","3,100,000","3,400,000","3,600,000","3,600,000","4,700,000","5,100,000","5,000,000","5,100,000","4,200,000","5,100,000","5,100,000","5,100,000","4,300,000","5,600,000","5,600,000","5,700,000",,,,
		DepreciationAndAmortizationInIncomeStatement,"23,941,000","6,510,000","6,467,000","6,100,000","4,864,000","4,917,000","4,948,000","5,247,000","5,535,000","5,220,000","5,810,000","5,523,000","4,693,000","4,620,000","4,652,000","4,713,000","4,605,000","4,564,000","4,446,000","4,790,000","4,085,000","3,814,000","3,649,000","3,090,000","2,951,000","2,895,000","2,694,000","2,472,000","2,285,000","2,220,000","1,873,000","1,697,000","1,682,000","1,679,000","1,686,000","1,638,000","1,506,000","4,203,000","3,500,000","3,523,000","3,392,000","3,254,000","3,153,000","3,039,000","3,055,000","3,035,000","2,853,000","2,971,000","2,891,000","2,887,000","2,884,000","4,835,000","4,792,000","4,985,000","4,734,000","4,800,000","4,575,000","4,598,000","3,597,000","2,805,000","2,853,000","2,909,000","2,137,000","2,269,000","2,554,000","1,536,000",,,,,,,,,,,,,,,,,,,,,,"3,348,000","3,791,000","3,446,000","3,600,000","3,500,000","4,500,000","4,500,000","4,500,000","3,800,000","4,500,000","4,400,000","4,800,000","3,900,000","4,400,000","3,500,000","2,600,000","2,700,000","3,700,000","3,600,000","3,500,000","3,500,000","3,600,000","3,500,000","3,400,000","3,100,000","3,400,000","3,600,000","3,600,000","4,700,000","5,100,000","5,000,000","5,100,000","4,200,000","5,100,000","5,100,000","5,100,000","4,300,000","5,600,000","5,600,000","5,700,000",,,,
			Amortization,"23,941,000","6,510,000","6,467,000","6,100,000","4,864,000","4,917,000","4,948,000","5,247,000","5,535,000","5,220,000","5,810,000","5,523,000","4,693,000","4,620,000","4,652,000","4,713,000","4,605,000","4,564,000","4,446,000","4,790,000","4,085,000","3,814,000","3,649,000","3,090,000","2,951,000","2,895,000","2,694,000","2,472,000","2,285,000","2,220,000","1,873,000","1,697,000","1,682,000","1,679,000","1,686,000","1,638,000","1,506,000","4,203,000","3,500,000","3,523,000","3,392,000","3,254,000","3,153,000","3,039,000","3,055,000","3,035,000","2,853,000","2,971,000","2,891,000","2,887,000","2,884,000","4,835,000","4,792,000","4,985,000","4,734,000","4,800,000","4,575,000","4,598,000","3,597,000","2,805,000","2,853,000","2,909,000","2,137,000","2,269,000","2,554,000","1,536,000",,,,,,,,,,,,,,,,,,,,,,,,,,,,,,,,,,,,,,,,,,,,,,,,,,,,,,,,,,,,,,,,,
				AmortizationOfIntangiblesIncomeStatement,"23,941,000","6,510,000","6,467,000","6,100,000","4,864,000","4,917,000","4,948,000","5,247,000","5,535,000","5,220,000","5,810,000","5,523,000","4,693,000","4,620,000","4,652,000","4,713,000","4,605,000","4,564,000","4,446,000","4,790,000","4,085,000","3,814,000","3,649,000","3,090,000","2,951,000","2,895,000","2,694,000","2,472,000","2,285,000","2,220,000","1,873,000","1,697,000","1,682,000","1,679,000","1,686,000","1,638,000","1,506,000","4,203,000","3,500,000","3,523,000","3,392,000","3,254,000","3,153,000","3,039,000","3,055,000","3,035,000","2,853,000","2,971,000","2,891,000","2,887,000","2,884,000","4,835,000","4,792,000","4,985,000","4,734,000","4,800,000","4,575,000","4,598,000","3,597,000","2,805,000","2,853,000","2,909,000","2,137,000","2,269,000","2,554,000","1,536,000",,,,,,,,,,,,,,,,,,,,,,,,,,,,,,,,,,,,,,,,,,,,,,,,,,,,,,,,,,,,,,,,,
	OtherOperatingExpenses,,,,,,,,,,,,,,,,,,,,,,,,,,,,,,,,,,,,,,,,,,,"-472,000","-4,083,000","-522,000",,"-618,000",,"551,000",,"1,023,000",,,,,,,,,,,,,,,,,,,,,,,,,,,,,,,,,,,,,,,,,,,,,,,,,,,,,,,,,,,,,,,,,,,,,,,,,,,,,,,,
OperatingIncome,"83,937,000","22,084,000","15,603,000","26,212,000","20,038,000","19,868,000","18,224,000","32,553,000","22,508,000","22,048,000","17,086,000","39,597,000","29,501,000","25,710,000","18,044,000","43,269,000","24,903,000","17,095,000","15,159,000","31,117,000","19,795,000","17,096,000","16,043,000","26,073,000","19,269,000","15,388,000","16,799,000","18,861,000","16,164,000","13,650,000","14,750,000","21,385,000","15,713,000","13,829,000","14,611,000","23,294,000","14,314,000","5,543,000","788,000","28,208,000","16,856,000","16,698,000","8,833,000","20,542,000","20,751,000","21,710,000","15,955,000","38,654,000","24,553,000","10,186,000","3,177,000","22,424,000","18,634,000","18,708,000","10,822,000","33,684,000","20,702,000","12,752,000","13,838,000","21,248,000","15,539,000","11,706,000","-4,052,000","12,537,000","15,535,000","14,131,000","2,940,000","15,066,000","15,167,000","15,902,000","16,053,000","19,543,000","18,116,000","12,279,000","11,357,000","24,228,000","4,439,000","12,075,000","11,747,000","9,666,000","9,919,000","8,973,000","8,126,000","9,039,000","9,686,000","9,636,000","8,480,000","9,360,000","7,949,000","6,890,000","5,900,000","-1,100,000","9,100,000","6,400,000","5,700,000","4,400,000","8,600,000","7,300,000","6,500,000","8,400,000","8,400,000","6,700,000","4,000,000","4,100,000","-15,900,000","6,500,000","6,500,000","5,300,000","5,300,000","5,700,000","5,800,000","5,400,000","6,200,000","7,000,000","5,800,000","5,600,000","5,600,000","3,700,000","4,800,000","3,900,000","3,500,000","3,600,000","4,100,000","-53,200,000","3,000,000","7,000,000","7,000,000","-355,600,000","136,700,000","120,600,000","131,000,000"
NetNonOperatingInterestIncomeExpense,"-3,035,000","-1,020,000","-733,000","-802,000","-480,000","-432,000","-541,000","-1,466,000","-1,523,000","-1,320,000","-2,421,000","-2,608,000","-1,973,000","-1,925,000","-1,890,000","-2,284,000","-2,243,000","-2,036,000","-2,185,000","-1,826,000","-1,213,000","-855,000","-684,000","-391,000","-320,000","-368,000","-229,000","-130,000","-247,000","-213,000","-195,000","-74,000","-147,000","-654,000","-692,000","-696,000","-778,000","-668,000","-563,000","-463,000","-916,000","-470,000","-491,000","-647,000","-534,000","-538,000","-774,000","-949,000","-791,000","-755,000","-1,482,000","-1,489,000","-1,587,000","-1,756,000",,,,,,,,,,,,,,,,,,,,,,,,,,,,,,,,,,,,,,,,,,,,,,,,,,,,,,,,,,,,,,,,,,,,,,,,,,,,,
	InterestExpenseNonOperating,"3,035,000","1,020,000","733,000","802,000","480,000","432,000","541,000","1,466,000","1,523,000","1,320,000","2,421,000","2,608,000","1,973,000","1,925,000","1,890,000","2,284,000","2,243,000","2,036,000","2,185,000","1,826,000","1,213,000","855,000","684,000","391,000","320,000","368,000","229,000","130,000","247,000","213,000","195,000","74,000","147,000","654,000","692,000","696,000","778,000","668,000","563,000","463,000","916,000","470,000","491,000","647,000","534,000","538,000","774,000","949,000","791,000","755,000","1,482,000","1,489,000","1,587,000","1,756,000",,,,,,,,,,,,,,,,,,,,,,,,,,,,,,,,,,,,,,,,,,,,,,,,,,,,,,,,,,,,,,,,,,,,,,,,,,,,,
	TotalOtherFinanceCost,"8,962,000",,,,,,,,,,"2,421,000","2,608,000","1,973,000","1,925,000","1,890,000","2,284,000","2,243,000","2,036,000","2,185,000","1,826,000","1,213,000","855,000","684,000","391,000","320,000","368,000","229,000","130,000","247,000","213,000","195,000","74,000","147,000","654,000","692,000","696,000","778,000","668,000","563,000",,,,,,,,,,,,,,,,,,,,,,,,,,,,,,,,,,,,,,,,,,,,,,,,,,,,,,,,,,,,,,,,,,,,,,,,,,,,,,,,,,,,,,,,,,,,
OtherIncomeExpense,"-415,000","604,000","-33,000","-371,000","-615,000","1,903,000","-23,000","-47,548,000","824,000","-703,000","-295,000","-4,277,000","-2,636,000","-2,430,000","7,103,000","-2,663,000","656,000","-1,475,000","-173,000","496,000","-1,160,000","578,000","766,000","-1,365,000","-1,429,000","-1,405,000","-3,602,000","-1,357,000","-337,000","354,000","221,000","-1,341,000","-283,000","39,000","-179,000","-2,192,000","-2,903,000","-1,330,000","72,000","-154,000","3,207,000","376,000","472,000",,"522,000","-125,000","618,000","-1,066,000","-551,000","-288,000","-1,023,000",,"-2,617,000","-357,000","118,000","8,000","-508,000","137,000","214,000","-620,000","-2,443,000","93,000","513,000","374,000","513,000","1,548,000","38,000","117,000","-988,000","236,000","453,000","-377,000","-71,000","-513,000","-614,000","-6,729,000","1,264,000","-2,559,000","-1,176,000","-212,000","-622,000","-613,000","-315,000","-2,610,000","-2,273,000","-2,643,000","-1,911,000","-2,306,000","-1,873,000","-1,449,000","600,000","54,100,000","-1,000,000","-1,600,000","-1,600,000","-100,000","-1,100,000","-600,000","-1,100,000","-1,500,000","-1,100,000","-1,100,000","-700,000","48,200,000","-27,400,000","-900,000","-1,800,000","-8,500,000","-4,800,000","-19,600,000","-2,400,000","-2,100,000","-2,600,000","-1,100,000","-2,100,000","-2,700,000","-3,200,000","-1,800,000","-3,300,000","-3,300,000","-2,800,000","-2,800,000","-3,000,000","-14,700,000","-3,600,000","-4,800,000","-3,800,000",,,,
	SpecialIncomeCharges,,,,,,,,,,,,,,,,,,,,,,,,,,,,,,,,,,,,,,,,"-154,000","3,207,000","376,000","472,000",,"522,000","-125,000","618,000","-1,066,000","-551,000","-288,000","-1,023,000",,"-2,617,000","-357,000","118,000","8,000","-508,000","137,000","214,000","-620,000","-2,443,000","93,000","513,000","374,000","513,000","1,548,000","38,000","117,000","-988,000","236,000","453,000","-377,000","-71,000","-513,000","-614,000","-6,729,000","1,264,000","-2,559,000","-1,176,000","-212,000","-622,000","-613,000","-315,000","-2,610,000","-2,273,000","-2,643,000","-1,911,000","-2,306,000","-1,873,000","-1,449,000","600,000","54,100,000","-1,000,000","-1,600,000","-1,600,000","-100,000","-1,100,000","-600,000","-1,100,000","-1,500,000","-1,100,000","-1,100,000","-700,000","48,200,000","-27,400,000","-900,000","-1,800,000","-8,500,000","-4,800,000","-19,600,000","-2,400,000","-2,100,000","-2,600,000","-1,100,000","-2,100,000","-2,700,000","-3,200,000","-1,800,000","-3,300,000","-3,300,000","-2,800,000","-2,800,000","-3,000,000","-14,700,000","-3,600,000","-4,800,000","-3,800,000",,,,
	OtherNonOperatingIncomeExpenses,"-415,000","604,000","-33,000","-371,000","-615,000","1,903,000","-23,000","-6,948,000","824,000","-703,000","-295,000","-4,277,000","-2,636,000","-2,430,000","7,103,000","-2,663,000","656,000","-1,475,000","-173,000","496,000","-1,160,000","578,000","766,000","-1,365,000","-1,429,000","-1,405,000","-3,602,000","-1,357,000","-337,000","354,000","221,000","-1,341,000","-283,000","39,000","-179,000","-2,192,000","-2,903,000","-1,330,000","72,000",,,,,,,,,,,,,,,,,,,,,,,,,,,,,,,,,,,,,,,,,,,,,,,,,,,,,,,,,,,,,,,,,,,,,,,,,,,,,,,,,,,,,,,,,,,,
PretaxIncome,"80,487,000","21,668,000","14,837,000","25,039,000","18,943,000","21,339,000","17,660,000","-16,461,000","21,809,000","20,025,000","14,370,000","32,712,000","24,892,000","21,355,000","23,257,000","38,322,000","23,316,000","13,584,000","12,801,000","29,787,000","17,422,000","16,819,000","16,125,000","24,317,000","17,520,000","13,615,000","12,968,000","17,374,000","15,580,000","13,791,000","14,776,000","19,970,000","15,283,000","13,214,000","13,740,000","20,406,000","10,633,000","3,545,000","297,000","27,591,000","19,147,000","16,604,000","8,342,000","19,895,000","20,217,000","21,047,000","15,799,000","36,639,000","23,211,000","9,143,000","672,000","23,795,000","14,430,000","16,595,000","8,321,000","31,015,000","17,605,000","9,702,000","12,693,000","20,647,000","13,266,000","12,016,000","-3,201,000","13,185,000","16,243,000","15,779,000","3,695,000","14,766,000","14,713,000","16,441,000","16,987,000","19,362,000","18,174,000","12,249,000","10,779,000","18,015,000","5,326,000","9,539,000","10,623,000","9,382,000","9,186,000","8,301,000","7,760,000","6,435,000","7,362,000","6,988,000","6,488,000","6,596,000","5,867,000","5,598,000","6,700,000","51,700,000","6,300,000","3,100,000","2,300,000","2,400,000","5,600,000","4,700,000","3,700,000","5,100,000","5,400,000","4,400,000","3,000,000","51,900,000","-44,800,000","4,200,000","3,400,000","-4,700,000","-900,000","-15,300,000","2,200,000","2,100,000","2,500,000","5,000,000","3,000,000","2,200,000","1,700,000","1,400,000","1,000,000","500,000","400,000","400,000","600,000","-68,700,000","-1,400,000","1,300,000","2,000,000",,,,
TaxProvision,"17,106,000","5,085,000","3,313,000","4,674,000","4,034,000","5,025,000","3,974,000","5,347,000","3,122,000","2,203,000","3,606,000","7,854,000","4,825,000","2,558,000","5,940,000","9,870,000","4,297,000","3,590,000","-21,870,000","10,613,000","4,777,000","5,662,000","5,398,000","7,402,000","5,992,000","5,005,000","4,139,000","5,861,000","4,832,000","5,144,000","3,948,000","7,043,000","3,693,000","3,950,000","4,908,000","6,525,000","4,119,000","1,986,000","51,000","9,912,000","5,356,000","6,402,000","3,135,000","4,512,000","7,139,000","7,820,000","4,986,000","12,743,000","8,664,000","3,177,000","236,000","2,028,000","3,337,000","5,990,000","2,501,000","10,908,000","4,297,000","3,620,000","4,788,000","4,025,000","4,412,000","2,398,000","-1,820,000","2,616,000","5,080,000","8,436,000","1,491,000","5,573,000","2,312,000","6,014,000","6,464,000","6,915,000","6,958,000","4,684,000","4,191,000","6,646,000","2,056,000","3,879,000","4,071,000","3,304,000","3,448,000","3,108,000","2,988,000","-10,850,000","2,805,000","2,701,000","2,510,000","2,057,000","2,159,000","2,081,000","1,600,000","8,800,000","2,200,000","1,100,000","800,000","800,000","1,800,000","1,500,000","1,100,000","1,600,000","2,100,000","1,600,000","800,000","10,700,000","-25,400,000","1,800,000","1,500,000","300,000","300,000","-900,000","900,000","700,000","1,000,000","2,100,000","500,000","400,000","300,000","300,000","200,000","100,000","200,000","200,000","100,000","-2,100,000","100,000","1,100,000","1,500,000",,,,
NetIncomeCommonStockholders,"63,381,000","16,583,000","11,524,000","20,365,000","14,909,000","16,314,000","13,686,000","-21,306,000","18,687,000","17,822,000","86,777,000","24,858,000","20,067,000","18,797,000","17,317,000","28,452,000","19,019,000","9,994,000","34,671,000","19,174,000","12,645,000","11,157,000","10,727,000","16,915,000","11,528,000","8,610,000","8,829,000","11,513,000","11,896,000","8,275,000","10,828,000","11,308,000","11,590,000","-33,677,000","11,189,000","-32,305,000","4,897,000","1,559,000","246,000","17,679,000","13,791,000","10,202,000","5,207,000","15,383,000","13,078,000","13,227,000","10,813,000","23,896,000","14,547,000","5,966,000","436,000","21,767,000","11,425,000","10,396,000","5,820,000","24,505,000","13,308,000","6,082,000","2,816,000","16,622,000","8,854,000","9,618,000","-1,381,000","10,569,000","11,163,000","7,343,000","2,204,000","10,193,000","12,401,000","10,427,000","10,523,000","12,114,000","12,041,000","5,365,000","6,151,000","-57,475,000","4,154,000","5,631,000","6,552,000","6,078,000","5,738,000","5,193,000","4,772,000","17,285,000","4,557,000","4,287,000","3,978,000","4,539,000","3,708,000","3,517,000","5,100,000","42,900,000","4,100,000","2,000,000","-23,500,000","1,600,000","3,800,000","3,200,000","2,600,000","3,500,000","3,300,000","2,800,000","2,200,000","41,200,000","-19,400,000","2,400,000","1,900,000","-5,000,000","-1,200,000","-14,400,000","1,300,000","1,400,000","1,500,000","2,900,000","2,500,000","1,800,000","1,400,000","1,100,000","800,000","400,000","200,000","200,000","500,000","-66,600,000","-1,500,000","200,000","500,000",,,,
	NetIncome,"63,381,000","16,583,000","11,524,000","20,365,000","14,909,000","16,314,000","13,686,000","-21,306,000","18,687,000","17,822,000","86,777,000","24,858,000","20,067,000","18,797,000","17,317,000","28,452,000","19,019,000","9,994,000","34,671,000","19,174,000","12,645,000","11,157,000","10,727,000","16,915,000","11,528,000","8,610,000","8,829,000","11,513,000","11,896,000","8,275,000","10,828,000","11,308,000","11,590,000","-33,677,000","11,189,000","-32,305,000","4,897,000","1,559,000","246,000","17,679,000","13,791,000","10,202,000","5,207,000","15,383,000","13,078,000","13,227,000","10,813,000","23,896,000","14,547,000","5,966,000","436,000","21,767,000","11,425,000","10,396,000","5,820,000","24,505,000","13,308,000","6,082,000","2,816,000","16,622,000","8,854,000","9,618,000","-1,381,000","10,569,000","11,163,000","7,343,000","2,204,000","10,193,000","12,401,000","10,427,000","10,523,000","12,114,000","12,041,000","5,365,000","6,151,000","-57,475,000","4,154,000","5,631,000","6,552,000","6,078,000","5,738,000","5,193,000","4,772,000","17,285,000","4,557,000","4,287,000","3,978,000","4,539,000","3,708,000","3,517,000","5,100,000","42,900,000","4,100,000","2,000,000","-23,500,000","1,600,000","3,800,000","3,200,000","2,600,000","3,500,000","3,300,000","2,800,000","2,200,000","41,200,000","-19,400,000","2,400,000","1,900,000","-5,000,000","-1,200,000","-14,400,000","1,300,000","1,400,000","1,500,000","2,900,000","2,500,000","1,800,000","1,400,000","1,100,000","800,000","400,000","200,000","200,000","500,000","-66,600,000","-1,500,000","200,000","500,000",,,,
		NetIncomeIncludingNoncontrollingInterests,"63,381,000","16,583,000","11,524,000","20,365,000","14,909,000","16,314,000","13,686,000","-21,306,000","18,687,000","17,822,000","86,777,000","24,858,000","20,067,000","18,797,000","17,317,000","28,452,000","19,019,000","9,994,000","34,671,000","19,174,000","12,645,000","11,157,000","10,727,000","16,915,000","11,528,000","8,610,000","8,829,000","11,513,000","11,896,000","8,275,000","10,828,000","11,308,000","11,590,000","-33,677,000","11,189,000","-32,305,000","4,897,000","1,559,000","246,000","17,679,000","13,791,000","10,202,000","5,207,000","15,383,000","13,078,000","13,227,000","10,813,000","23,896,000","14,547,000","5,966,000","436,000","21,767,000","11,425,000","10,396,000","5,820,000","24,505,000","13,308,000","6,082,000","2,816,000","16,622,000","8,854,000","9,618,000","-1,381,000","10,569,000","11,163,000","7,343,000","2,204,000","10,193,000","12,401,000","10,427,000","10,523,000","12,114,000","12,041,000","5,365,000","6,151,000","-57,475,000","4,154,000","5,631,000","6,552,000","6,078,000","5,738,000","5,193,000","4,772,000","17,285,000","4,557,000","4,287,000","3,978,000","4,539,000","3,708,000","3,517,000","5,100,000","42,900,000","4,100,000","2,000,000","-23,500,000","1,600,000","3,800,000","3,200,000","2,600,000","3,500,000","3,300,000","2,800,000","2,200,000","41,200,000","-19,400,000","2,400,000","1,900,000","-5,000,000","-1,200,000","-14,400,000","1,300,000","1,400,000","1,500,000","2,900,000","2,500,000","1,800,000","1,400,000","1,100,000","800,000","400,000","200,000","200,000","500,000","-66,600,000","-1,500,000","200,000","500,000","-2,600,000","3,300,000","-3,700,000","800,000"
			NetIncomeContinuousOperations,"63,381,000","16,583,000","11,524,000","20,365,000","14,909,000","16,314,000","13,686,000","-21,808,000","18,687,000","17,822,000","10,764,000","24,858,000","20,067,000","18,797,000","17,317,000","28,452,000","19,019,000","9,994,000","34,671,000","19,174,000","12,645,000","11,157,000","10,727,000","16,915,000","11,528,000","8,610,000","8,829,000","11,513,000","10,748,000","8,647,000","10,828,000","12,927,000","11,590,000","9,264,000","8,832,000","13,881,000","6,514,000","1,559,000","246,000","17,679,000","13,791,000","10,202,000","5,207,000","15,383,000","13,078,000","13,227,000","10,813,000","23,896,000","14,547,000","5,966,000","436,000","21,767,000","11,093,000","10,605,000","5,820,000","20,107,000","13,308,000","6,082,000","7,905,000","16,622,000","8,854,000","9,618,000","-1,381,000","10,569,000","11,163,000","7,343,000","2,204,000","10,193,000","12,401,000","10,427,000","10,523,000","12,447,000","11,216,000","7,565,000","6,588,000","11,369,000","3,270,000","5,660,000","6,552,000","6,078,000","5,738,000","5,193,000","4,772,000","17,285,000","4,557,000","4,287,000","3,978,000","4,539,000","3,708,000","3,517,000","5,100,000","42,900,000","4,100,000","2,000,000","1,500,000","1,600,000","3,800,000","3,200,000","2,600,000","3,500,000","3,300,000","2,800,000","2,200,000","41,200,000","-19,400,000","2,400,000","1,900,000","-5,000,000","-1,200,000","-14,400,000","1,300,000","1,400,000","1,500,000","2,900,000","2,500,000","1,800,000","1,400,000","1,100,000","800,000","400,000","200,000","200,000","500,000","-66,600,000","-1,500,000","200,000","500,000","-2,600,000","3,300,000","-3,700,000","800,000"
			NetIncomeDiscontinuousOperations,,,,"0",,,"0","502,000","0",,"76,013,000",,,,,,,,,,,,,"0","0","0",,"0","1,148,000","-372,000","0","-1,619,000","0","-42,941,000","2,357,000","-46,186,000","-1,617,000",,,,,,,,,,,"0","0","0","0","0","332,000","-209,000",,"4,398,000",,,"-5,089,000",,,,,,,,,,,,,"-333,000","825,000","-2,200,000","-437,000","-67,425,000","884,000","-29,000",,,,,,,,,,,,,,,,,,,,,,,,,,,,,,,,,,,,,,,,,,,,,,,,,,,,,
			NetIncomeExtraordinary,,,,,,,,,,,,,,,,,,,,,,,,,,,,,,,,,,,,,,,,,,,,,,,,,,,,,,,,,,,,,,,,,,,,,,,,,,,,,,,,,,,,,,,,,,,,"0",,,"-25,000,000",,,,,,,,,,,,,,,,,,,,,,,,,,,,,,,,,,,,
DilutedNIAvailtoComStockholders,"63,381,000","16,583,000","11,524,000","20,365,000","14,909,000","16,314,000","13,686,000","-21,306,000","18,687,000","17,822,000","86,777,000","24,858,000","20,067,000","18,797,000","17,317,000","28,452,000","19,019,000","9,994,000","34,671,000","19,174,000","12,645,000","11,157,000","10,727,000","16,915,000","11,528,000","8,610,000","8,829,000","11,513,000","11,896,000","8,275,000","10,828,000","11,308,000","11,590,000","-33,677,000","11,189,000","-32,305,000","4,897,000","1,559,000","246,000","17,679,000","13,791,000","10,202,000","5,207,000","15,383,000","13,078,000","13,227,000","10,813,000","23,896,000","14,547,000","5,966,000","436,000","21,767,000","11,425,000","10,396,000","5,820,000","24,505,000","13,308,000","6,082,000","2,816,000","16,622,000","8,854,000","9,618,000","-1,381,000","10,569,000","11,163,000","7,343,000","2,204,000","10,193,000","12,401,000","10,427,000","10,523,000","12,114,000","12,041,000","5,365,000","6,151,000","-57,475,000","4,154,000","5,631,000","6,552,000","6,078,000","5,738,000","5,193,000","4,772,000","17,285,000","4,557,000","4,287,000","3,978,000","4,539,000","3,708,000","3,517,000","5,100,000","42,900,000","4,100,000","2,000,000","-23,500,000","1,600,000","3,800,000","3,200,000","2,600,000","3,500,000","3,300,000","2,800,000","2,200,000","41,200,000","-19,400,000","2,400,000","1,900,000","-5,000,000","-1,200,000","-14,400,000","1,300,000","1,400,000","1,500,000","2,900,000","2,500,000","1,800,000","1,400,000","1,100,000","800,000","400,000","200,000","200,000","500,000","-66,600,000","-1,500,000","200,000","500,000",,,,
BasicEPS,,"0.641","0.44",,"0.57","0.627","0.52",,"0.72","0.686","3.34",,"0.772","0.73","0.668",,"0.73","0.39","1.342","0.742","0.49","0.43","0.417",,"0.448","0.335","0.34",,"0.46","0.318","0.41","0.431","0.438","-1.271","0.422","0.525","0.185","0.06","0.01",,"0.52","0.38","0.2",,"0.49","0.5","0.41",,"0.55","0.23","0.02",,"0.44","0.4","0.22",,"0.51","0.24","0.11",,"0.34","0.37","-0.05",,"0.43","0.29","0.09",,"0.49","0.415","0.41",,"0.465","0.21","0.24",,"0.165","0.225","0.26",,"0.23","0.21","0.19",,"0.185","0.175","0.16",,"0.15","0.145","0.205",,"0.165","0.085","-0.955",,"0.16","0.135","0.11",,"0.14","0.115","0.09",,"-0.86","0.1","0.085",,"-0.055","-0.655","0.06",,"0.065","0.125","0.105",,"0.065","0.05","0.035",,"0.01","0.01","0.025",,"-0.065","0.01","0.02",,"0.15","-0.165","0.035"
DilutedEPS,,"0.64","0.44",,"0.57","0.62","0.52",,"0.72","0.68","3.32",,"0.77","0.72","0.66",,"0.73","0.38","1.33","0.74","0.49","0.43","0.41",,"0.44","0.33","0.34",,"0.45","0.318","0.41","0.43","0.43","-1.271","0.42","0.52","0.18","0.06","0.01",,"0.51","0.38","0.19",,"0.49","0.49","0.4",,"0.55","0.22","0.02",,"0.43","0.39","0.22",,"0.5","0.23","0.11",,"0.33","0.36","-0.05",,"0.42","0.28","0.08",,"0.475","0.4","0.4",,"0.45","0.2","0.23",,"0.16","0.215","0.25",,"0.22","0.2","0.185",,"0.175","0.17","0.155",,"0.145","0.14","0.2",,"0.16","0.08","-0.955",,"0.155","0.13","0.105",,"0.135","0.115","0.09",,"-0.86","0.1","0.085",,"-0.055","-0.655","0.06",,"0.065","0.125","0.105",,"0.065","0.05","0.035",,"0.01","0.01","0.025",,"-0.065","0.01","0.02",,"0.15","-0.165","0.035"
BasicAverageShares,,"25,879,368","26,060,000",,"26,045,000","26,037,714","26,319,231",,"26,031,000","25,989,029","25,981,313",,"25,981,313","26,018,115","25,910,828",,"25,900,000","25,844,000","25,835,902","25,833,202","25,815,000","25,723,000","25,720,461",,"25,707,942","25,736,367","25,820,000",,"26,080,000","26,017,805","26,191,000","26,206,980","26,447,123","26,493,939","26,490,339","26,440,097","26,436,497","26,417,000","26,495,000",,"26,730,000","26,706,000","26,671,000",,"26,605,000","26,562,000","26,540,000",,"26,448,000","26,440,000","26,423,000",,"26,241,000","26,177,000","26,454,545",,"25,977,000","25,341,667","25,600,000",,"26,041,176","25,994,595","27,620,000",,"25,960,465","25,320,690","24,488,889",,"25,308,163","25,125,301","25,665,854",,"25,894,624","25,547,619","25,629,167",,"25,175,758","25,026,667","25,200,000",,"24,947,826","24,728,571","25,115,789",,"24,632,432","24,497,143","24,862,500",,"24,720,000","24,255,172","24,878,049",,"24,848,485","23,529,412","24,607,330",,"23,750,000","23,703,704","23,636,364",,"23,571,429","24,347,826","24,444,444",,"22,558,140","24,000,000","22,352,941",,"21,818,182","21,984,733","21,666,667",,"23,076,923","23,200,000","23,809,524",,"21,538,462","22,000,000","22,857,143",,"20,000,000","20,000,000","20,000,000",,"23,076,923","20,000,000","25,000,000",,"22,334,000","22,334,000","22,334,000"
DilutedAverageShares,,"26,045,000","26,142,000",,"26,214,000","26,201,000","26,319,231",,"26,134,000","26,088,000","26,168,000",,"26,109,000","26,018,115","26,120,000",,"26,050,000","25,988,000","26,080,000","26,057,000","26,025,000","25,911,000","25,979,000",,"25,910,000","25,931,000","26,044,000",,"26,180,000","26,179,000","26,386,000","26,509,000","26,702,000","26,713,000","26,738,000","26,777,000","26,749,000","26,745,000","26,680,000",,"27,027,000","26,985,000","26,857,000",,"26,899,000","26,847,000","26,816,000",,"26,679,000","26,702,000","26,709,000",,"26,586,000","26,470,000","26,454,545",,"26,402,000","26,443,478","25,600,000",,"26,830,303","26,716,667","27,620,000",,"26,578,571","26,225,000","27,550,000",,"26,107,368","26,067,500","26,307,500",,"26,757,778","26,825,000","26,743,478",,"25,962,500","26,190,698","26,208,000",,"26,081,818","25,965,000","25,794,595",,"26,040,000","25,217,647","25,664,516",,"25,572,414","25,121,429","25,500,000",,"25,625,000","25,000,000","24,607,330",,"24,516,129","24,615,385","24,761,905",,"24,444,444","24,347,826","24,444,444",,"22,558,140","24,000,000","22,352,941",,"21,818,182","21,984,733","21,666,667",,"23,076,923","23,200,000","23,809,524",,"21,538,462","22,000,000","22,857,143",,"20,000,000","20,000,000","20,000,000",,"23,076,923","20,000,000","25,000,000",,"22,334,000","22,334,000","22,334,000"
TotalExpenses,"684,873,000","182,844,000","161,407,000","179,266,000","161,356,000","146,776,000","144,725,000","175,477,000","150,157,000","158,444,000","154,642,000","197,061,000","170,265,000","168,239,000","164,553,000","187,817,000","167,320,000","157,683,000","158,336,000","175,888,000","151,394,000","144,082,000","130,325,000","133,432,000","120,922,000","123,542,000","116,034,000","134,751,000","118,027,000","115,291,000","105,797,000","130,028,000","114,782,000","110,933,000","109,839,000","121,307,000","102,608,000","160,635,000","144,477,000","163,958,000","152,593,000","157,165,000","144,092,000","170,159,000","155,575,000","145,038,000","143,981,000","169,271,000","133,029,000","119,095,000","109,528,000","147,025,000","129,468,000","135,448,000","138,349,000","162,348,000","136,967,000","122,407,000","121,119,000","140,885,000","121,984,000","117,362,000","102,865,000","109,232,000","108,091,000","108,753,000","87,646,000","94,714,000","93,633,000","90,258,000","88,322,000","96,065,000","89,795,000","89,892,000","85,039,000","48,631,000","97,904,000","100,122,000","100,052,000","90,598,000","84,782,000","79,251,000","76,210,000","78,226,000","78,176,000","77,269,000","74,391,000","75,635,000","71,286,000","63,172,000","60,000,000","118,800,000","104,900,000","89,800,000","82,500,000","98,300,000","89,600,000","78,700,000","71,600,000","103,000,000","100,900,000","82,100,000","64,900,000","95,200,000","125,000,000","110,900,000","106,100,000","119,800,000","102,600,000","104,100,000","92,400,000","123,300,000","112,300,000","106,400,000","107,500,000","120,900,000","116,200,000","103,400,000","99,500,000","121,200,000","88,500,000","89,100,000","92,300,000","147,200,000","132,900,000","119,800,000","117,500,000",,,,
NetIncomeFromContinuingAndDiscontinuedOperation,"63,381,000","16,583,000","11,524,000","20,365,000","14,909,000","16,314,000","13,686,000","-21,306,000","18,687,000","17,822,000","86,777,000","24,858,000","20,067,000","18,797,000","17,317,000","28,452,000","19,019,000","9,994,000","34,671,000","19,174,000","12,645,000","11,157,000","10,727,000","16,915,000","11,528,000","8,610,000","8,829,000","11,513,000","11,896,000","8,275,000","10,828,000","11,308,000","11,590,000","-33,677,000","11,189,000","-32,305,000","4,897,000","1,559,000","246,000","17,679,000","13,791,000","10,202,000","5,207,000","15,383,000","13,078,000","13,227,000","10,813,000","23,896,000","14,547,000","5,966,000","436,000","21,767,000","11,425,000","10,396,000","5,820,000","24,505,000","13,308,000","6,082,000","2,816,000","16,622,000","8,854,000","9,618,000","-1,381,000","10,569,000","11,163,000","7,343,000","2,204,000","10,193,000","12,401,000","10,427,000","10,523,000","12,114,000","12,041,000","5,365,000","6,151,000","-56,056,000","4,154,000","5,631,000","6,552,000","6,078,000","5,738,000","5,193,000","4,772,000","17,285,000","4,557,000","4,287,000","3,978,000","4,539,000","3,708,000","3,517,000","5,100,000","42,900,000","4,100,000","2,000,000","1,500,000","1,600,000","3,800,000","3,200,000","2,600,000","3,500,000","3,300,000","2,800,000","2,200,000","41,200,000","-19,400,000","2,400,000","1,900,000","-5,000,000","-1,200,000","-14,400,000","1,300,000","1,400,000","1,500,000","2,900,000","2,500,000","1,800,000","1,400,000","1,100,000","800,000","400,000","200,000","200,000","500,000","-66,600,000","-1,500,000","200,000","500,000",,,,
NormalizedIncome,"63,381,000","16,583,000","11,524,000","20,365,000","14,909,000","16,314,000","13,686,000","-21,808,000","18,687,000","17,822,000","10,764,000","24,858,000","20,067,000","18,797,000","17,317,000","28,452,000","19,019,000","9,994,000","34,671,000","19,174,000","12,645,000","11,157,000","10,727,000","16,915,000","11,528,000","8,610,000","8,829,000","11,513,000","10,748,000","8,647,000","10,828,000","12,927,000","11,590,000","9,264,000","8,832,000","13,881,000","6,514,000","1,559,000","246,000","17,777,675.873","11,481,095.733","9,970,974.223","5,207,000","15,383,000","13,078,000","13,305,556.326","10,390,034.369","24,591,246.486","14,892,327.517","6,153,926.064","1,099,732.143","21,767,000","13,104,807.415","10,833,140.102","5,737,466.651","20,101,813.606","13,692,008.179","5,996,117.295","7,771,724.179","17,121,134.983","10,484,508.216","9,543,559.754","-1,688,800","10,269,204.323","10,810,440.805","6,414,200","2,181,200","10,120,158.269","13,233,745.735","10,277,327.109","10,242,378.407","12,689,357.143","11,259,817.321","7,881,829.537","6,963,269.691","15,615,572.356","2,493,942.922","7,195,400","7,277,327.309","6,215,341.292","6,126,529.937","5,576,485.002","4,965,708.763","18,851,000","5,963,962.918","5,908,428.306","5,149,695.129","6,125,860.825","4,891,753.878","4,427,348.875","4,643,283.582","-1,991,489.362","4,750,793.651","3,032,258.065","2,543,478.261","1,666,666.667","4,546,428.571","3,608,510.638","3,372,972.973","4,529,411.765","3,972,222.222","3,500,000","2,713,333.333","2,937,186.898","-2,960,000","2,940,000","2,980,000","100,000","1,680,000","4,047,058.824","2,740,000","2,800,000","3,060,000","3,560,000","4,250,000","4,009,090.909","4,035,294.118","2,514,285.714","3,440,000","3,040,000","1,880,000","1,880,000","3,000,000","-52,349,344.978","660,000","3,080,000","2,780,000",,,,
InterestExpense,"3,035,000","1,020,000","733,000","802,000","480,000","432,000","541,000","1,466,000","1,523,000","1,320,000","2,421,000","2,608,000","1,973,000","1,925,000","1,890,000","2,284,000","2,243,000","2,036,000","2,185,000","1,826,000","1,213,000","855,000","684,000","391,000","320,000","368,000","229,000","130,000","247,000","213,000","195,000","74,000","147,000","654,000","692,000","696,000","778,000","668,000","563,000","463,000","916,000","470,000","491,000","647,000","534,000","538,000","774,000","949,000","791,000","755,000","1,482,000","1,489,000","1,587,000","1,756,000",,,,,,,,,,,,,,,,,,,,,,,,,,,,,,,,,,,,,,,,,,,,,,,,,,,,,,,,,,,,,,,,,,,,,,,,,,,,,
NetInterestIncome,"-3,035,000","-1,020,000","-733,000","-802,000","-480,000","-432,000","-541,000","-1,466,000","-1,523,000","-1,320,000","-2,421,000","-2,608,000","-1,973,000","-1,925,000","-1,890,000","-2,284,000","-2,243,000","-2,036,000","-2,185,000","-1,826,000","-1,213,000","-855,000","-684,000","-391,000","-320,000","-368,000","-229,000","-130,000","-247,000","-213,000","-195,000","-74,000","-147,000","-654,000","-692,000","-696,000","-778,000","-668,000","-563,000","-463,000","-916,000","-470,000","-491,000","-647,000","-534,000","-538,000","-774,000","-949,000","-791,000","-755,000","-1,482,000","-1,489,000","-1,587,000","-1,756,000",,,,,,,,,,,,,,,,,,,,,,,,,,,,,,,,,,,,,,,,,,,,,,,,,,,,,,,,,,,,,,,,,,,,,,,,,,,,,
EBIT,"83,522,000","22,688,000","15,570,000","25,841,000","19,423,000","21,771,000","18,201,000","-14,995,000","23,332,000","21,345,000","16,791,000","35,320,000","26,865,000","23,280,000","25,147,000","40,606,000","25,559,000","15,620,000","14,986,000","31,613,000","18,635,000","17,674,000","16,809,000","24,708,000","17,840,000","13,983,000","13,197,000","17,504,000","15,827,000","14,004,000","14,971,000","20,044,000","15,430,000","13,868,000","14,432,000","21,102,000","11,411,000","4,213,000","860,000","28,054,000","20,063,000","17,074,000","8,833,000","20,542,000","20,751,000","21,585,000","16,573,000","37,588,000","24,002,000","9,898,000","2,154,000","25,284,000","16,017,000","18,351,000","10,822,000","33,684,000","20,702,000","12,752,000","13,838,000","21,248,000","15,539,000","11,706,000","-4,052,000","12,537,000","15,535,000","14,131,000","2,940,000","15,066,000","15,167,000","15,902,000","16,053,000","19,543,000","18,116,000","12,279,000","11,357,000","24,228,000","4,439,000","12,075,000","11,747,000","9,666,000","9,919,000","8,973,000","8,126,000","9,039,000","9,686,000","9,636,000","8,480,000","9,360,000","7,949,000","6,890,000","5,900,000","-1,100,000","9,100,000","6,400,000","5,700,000","4,400,000","8,600,000","7,300,000","6,500,000","8,400,000","8,400,000","6,700,000","4,000,000","4,100,000","-15,900,000","6,500,000","6,500,000","5,300,000","5,300,000","5,700,000","5,800,000","5,400,000","6,200,000","7,000,000","5,800,000","5,600,000","5,600,000","3,700,000","4,800,000","3,900,000","3,500,000","3,600,000","4,100,000","-53,200,000","3,000,000","7,000,000","7,000,000","-355,600,000","136,700,000","120,600,000","131,000,000"
EBITDA,"129,748,000"
ReconciledCostOfRevenue,"456,265,000","122,765,000","102,600,000","122,570,000","108,330,000","97,927,000","93,713,000","124,738,000","102,738,000","108,419,000","101,997,000","139,731,000","116,881,000","117,291,000","114,056,000","138,794,000","117,858,000","107,362,000","106,956,000","125,353,000","104,606,000","101,593,000","89,475,000","92,769,000","83,582,000","85,135,000","77,383,000","98,836,000","80,525,000","77,744,000","68,011,000","90,183,000","77,169,000","75,042,000","71,927,000","85,020,000","73,330,000","107,560,000","91,066,000","114,248,000","100,402,000","102,908,000","89,860,000","120,152,000","102,523,000","95,833,000","94,799,000","120,506,000","89,483,000","76,693,000","64,756,000","96,731,000","85,248,000","89,637,000","90,761,000","115,324,000","90,985,000","75,818,000","81,907,000","103,916,000","85,645,000","80,268,000","68,572,000","76,028,000","74,518,000","77,909,000","64,027,000","72,704,000","71,911,000","68,989,000","68,509,000","75,591,000","70,125,000","70,781,000","66,270,000","47,731,000","70,970,000","77,336,000","76,877,000","68,347,000","63,609,000","59,099,000","57,457,000","59,377,000","59,847,000","59,675,000","57,626,000","55,656,000","50,745,000","45,040,000","42,600,000","95,600,000","81,500,000","66,700,000","60,800,000","76,000,000","68,100,000","57,000,000","51,300,000","80,800,000","79,400,000","62,900,000","49,300,000","74,900,000","103,900,000","88,700,000","85,700,000","98,000,000","80,400,000","80,500,000","71,800,000","101,200,000","90,500,000","83,500,000","84,700,000","99,200,000","90,300,000","77,700,000","76,200,000","101,400,000","66,400,000","65,800,000","70,000,000","124,200,000","106,500,000","92,500,000","92,400,000",,,,
ReconciledDepreciation,"46,226,000","12,120,000","12,172,000","11,790,000","10,144,000","10,103,000","10,012,000","10,272,000","10,483,000","10,043,000","10,540,000","11,287,000","9,984,000","9,275,000","9,504,000","9,405,000","9,552,000","9,572,000","9,226,000","9,206,000","8,335,000","7,600,000","7,088,000","6,359,000","5,971,000","5,878,000","5,360,000","4,970,000","4,716,000","4,616,000","4,282,000","4,128,000","4,121,000","4,073,000","4,040,000","3,277,000","-2,268,000","7,324,000","6,472,000","6,377,000","6,078,000","6,313,000","6,014,000","6,134,000","6,054,000","5,796,000","5,537,000","5,578,000","5,402,000","5,593,000","5,564,000","7,575,000","7,584,000","7,574,000","7,534,000","7,736,000","7,153,000","7,043,000","5,702,000","5,815,000","5,790,000","5,662,000","4,909,000","4,896,000","5,188,000","4,141,000","3,078,000","2,921,000","3,183,000","2,961,000","3,119,000","2,908,000","3,076,000","2,626,000","3,278,000","3,240,000","3,180,000","3,832,000","3,199,000","2,824,000","3,464,000","2,824,000","3,265,000","3,611,000","3,733,000","3,906,000","3,850,000","3,348,000","3,791,000","3,446,000","3,600,000","3,500,000","4,500,000","4,500,000","4,500,000","3,800,000","4,500,000","4,400,000","4,800,000","3,900,000","4,400,000","3,500,000","2,600,000","2,700,000","3,700,000","3,600,000","3,500,000","3,500,000","3,500,000","3,600,000","3,400,000","3,100,000","3,500,000","3,500,000","3,600,000","4,700,000","5,100,000","5,000,000","5,100,000","4,200,000","5,100,000","5,200,000","5,100,000","4,300,000","5,700,000","5,500,000","5,700,000",,,,
NetIncomeFromContinuingOperationNetMinorityInterest,"63,381,000","16,583,000","11,524,000","20,365,000","14,909,000","16,314,000","13,686,000","-21,808,000","18,687,000","17,822,000","10,764,000","24,858,000","20,067,000","18,797,000","17,317,000","28,452,000","19,019,000","9,994,000","34,671,000","19,174,000","12,645,000","11,157,000","10,727,000","16,915,000","11,528,000","8,610,000","8,829,000","11,513,000","10,748,000","8,647,000","10,828,000","12,927,000","11,590,000","9,264,000","8,832,000","13,881,000","6,514,000","1,559,000","246,000","17,679,000","13,791,000","10,202,000","5,207,000","15,383,000","13,078,000","13,227,000","10,813,000","23,896,000","14,547,000","5,966,000","436,000","21,767,000","11,093,000","10,605,000","5,820,000","20,107,000","13,308,000","6,082,000","7,905,000","16,622,000","8,854,000","9,618,000","-1,381,000","10,569,000","11,163,000","7,343,000","2,204,000","10,193,000","12,401,000","10,427,000","10,523,000","12,447,000","11,216,000","7,565,000","6,588,000","11,369,000","3,270,000","5,660,000","6,552,000","6,078,000","5,738,000","5,193,000","4,772,000","17,285,000","4,557,000","4,287,000","3,978,000","4,539,000","3,708,000","3,517,000","5,100,000","42,900,000","4,100,000","2,000,000","1,500,000","1,600,000","3,800,000","3,200,000","2,600,000","3,500,000","3,300,000","2,800,000","2,200,000","41,200,000","-19,400,000","2,400,000","1,900,000","-5,000,000","-1,200,000","-14,400,000","1,300,000","1,400,000","1,500,000","2,900,000","2,500,000","1,800,000","1,400,000","1,100,000","800,000","400,000","200,000","200,000","500,000","-66,600,000","-1,500,000","200,000","500,000",,,,
TotalUnusualItemsExcludingGoodwill,"0",,,,,,,,,,,,,,,,,,,,,,,,,,,,,,,,,,,,,,,"-154,000","3,207,000","376,000","472,000",,"522,000","-125,000","618,000","-1,066,000","-551,000","-288,000","-1,023,000",,"-2,617,000","-357,000","118,000","8,000","-508,000","137,000","214,000","-620,000","-2,443,000","93,000","513,000","374,000","513,000","1,548,000","38,000","117,000","-988,000","236,000","453,000","-377,000","-71,000","-513,000","-614,000","-6,729,000","1,264,000","-2,559,000","-1,176,000","-212,000","-622,000","-613,000","-315,000","-2,610,000","-2,273,000","-2,643,000","-1,911,000","-2,306,000","-1,873,000","-1,449,000","600,000","54,100,000","-1,000,000","-1,600,000","-1,600,000","-100,000","-1,100,000","-600,000","-1,100,000","-1,500,000","-1,100,000","-1,100,000","-700,000","48,200,000","-27,400,000","-900,000","-1,800,000","-8,500,000","-4,800,000","-19,600,000","-2,400,000","-2,100,000","-2,600,000","-1,100,000","-2,100,000","-2,700,000","-3,200,000","-1,800,000","-3,300,000","-3,300,000","-2,800,000","-2,800,000","-3,000,000","-14,700,000","-3,600,000","-4,800,000","-3,800,000",,,,
TotalUnusualItems,"0",,,,,,,,,,,,,,,,,,,,,,,,,,,,,,,,,,,,,,,"-154,000","3,207,000","376,000","472,000",,"522,000","-125,000","618,000","-1,066,000","-551,000","-288,000","-1,023,000",,"-2,617,000","-357,000","118,000","8,000","-508,000","137,000","214,000","-620,000","-2,443,000","93,000","513,000","374,000","513,000","1,548,000","38,000","117,000","-988,000","236,000","453,000","-377,000","-71,000","-513,000","-614,000","-6,729,000","1,264,000","-2,559,000","-1,176,000","-212,000","-622,000","-613,000","-315,000","-2,610,000","-2,273,000","-2,643,000","-1,911,000","-2,306,000","-1,873,000","-1,449,000","600,000","54,100,000","-1,000,000","-1,600,000","-1,600,000","-100,000","-1,100,000","-600,000","-1,100,000","-1,500,000","-1,100,000","-1,100,000","-700,000","48,200,000","-27,400,000","-900,000","-1,800,000","-8,500,000","-4,800,000","-19,600,000","-2,400,000","-2,100,000","-2,600,000","-1,100,000","-2,100,000","-2,700,000","-3,200,000","-1,800,000","-3,300,000","-3,300,000","-2,800,000","-2,800,000","-3,000,000","-14,700,000","-3,600,000","-4,800,000","-3,800,000",,,,
NormalizedEBITDA,"129,748,000","34,808,000","27,742,000","37,631,000","29,567,000","31,874,000","28,213,000","-4,723,000","33,815,000","31,388,000","27,331,000","46,607,000","36,849,000","32,555,000","34,651,000","50,011,000","35,111,000","25,192,000","24,212,000","40,819,000","26,970,000","25,274,000","23,897,000","31,067,000","23,811,000","19,861,000","18,557,000","22,474,000","20,543,000","18,620,000","19,253,000","24,172,000","19,551,000","17,941,000","18,472,000","24,379,000","12,917,000","11,537,000","7,332,000","34,585,000","22,934,000","23,011,000","14,847,000","26,676,000","26,805,000","27,506,000","21,492,000","44,232,000","29,955,000","15,779,000","8,741,000","32,859,000","26,218,000","26,282,000","18,238,000","41,412,000","28,363,000","19,658,000","19,326,000","27,683,000","23,772,000","17,275,000","344,000","17,059,000","20,210,000","16,724,000","5,980,000","17,870,000","19,338,000","18,627,000","18,719,000","22,828,000","21,263,000","15,418,000","15,249,000","34,197,000","6,355,000","18,466,000","16,122,000","12,702,000","14,005,000","12,410,000","11,706,000","15,260,000","15,692,000","16,185,000","14,241,000","15,014,000","13,613,000","11,785,000","8,900,000","-51,700,000","14,600,000","12,500,000","11,800,000","8,300,000","14,200,000","12,300,000","12,400,000","13,800,000","13,900,000","11,300,000","7,300,000","-41,400,000","15,200,000","11,000,000","11,800,000","17,300,000","13,700,000","28,900,000","11,600,000","10,600,000","12,300,000","11,700,000","11,500,000","13,000,000","13,900,000","10,500,000","13,200,000","11,400,000","11,400,000","11,600,000","12,200,000","-34,200,000","12,300,000","17,400,000","16,500,000","-355,600,000","136,700,000","120,600,000","131,000,000"
TaxRateForCalcs,"0.213","0.235","0.223","0.187","0.213","0.235","0.225","0.27","0.143","0.11","0.251","0.24","0.194","0.12","0.255","0.258","0.184","0.264","0.4","0.356","0.274","0.337","0.335","0.304","0.342","0.368","0.319","0.337","0.31","0.373","0.267","0.353","0.242","0.299","0.357","0.32","0.387","0.35","0.172","0.359","0.28","0.386","0.376","0.227","0.353","0.372","0.316","0.348","0.373","0.347","0.351","0.085","0.231","0.361","0.301","0.352","0.244","0.373","0.377","0.195","0.333","0.2","0.4","0.198","0.313","0.4","0.4","0.377","0.157","0.366","0.381","0.357","0.383","0.382","0.389","0.369","0.386","0.4","0.383","0.352","0.375","0.374","0.385","0.4","0.381","0.387","0.387","0.312","0.368","0.372","0.239","0.17","0.349","0.355","0.348","0.333","0.321","0.319","0.297","0.314","0.389","0.364","0.267","0.206","0.4","0.4","0.4","0.4","0.4","0.059","0.4","0.333","0.4","0.4","0.167","0.182","0.176","0.214","0.2","0.2","0.4","0.4","0.167","0.031","0.4","0.4","0.4",,,,
TaxEffectOfUnusualItems,"0","0","0","0","0","0","0","0","0","0","0","0","0","0","0","0","0","0","0","0","0","0","0","0","0","0","0","0","0","0","0","0","0","0","0","0","0","0","0","-55,324.127","897,095.733","144,974.223","0","0","0","-46,443.674","195,034.369","-370,753.514","-205,672.483","-100,073.936","-359,267.857","0","-605,192.585","-128,859.898","35,466.651","2,813.606","-123,991.821","51,117.295","80,724.179","-120,865.017","-812,491.784","18,559.754","205,200","74,204.323","160,440.805","619,200","15,200","44,158.269","-155,254.265","86,327.109","172,378.407","-134,642.857","-27,182.679","-196,170.463","-238,730.309","-2,482,427.644","487,942.922","-1,023,600","-450,672.691","-74,658.708","-233,470.063","-229,514.998","-121,291.237","-1,044,000","-866,037.082","-1,021,571.694","-739,304.871","-719,139.175","-689,246.122","-538,651.125","143,283.582","9,208,510.638","-349,206.349","-567,741.935","-556,521.739","-33,333.333","-353,571.429","-191,489.362","-327,027.027","-470,588.235","-427,777.778","-400,000","-186,666.667","9,937,186.898","-10,960,000","-360,000","-720,000","-3,400,000","-1,920,000","-1,152,941.176","-960,000","-700,000","-1,040,000","-440,000","-350,000","-490,909.091","-564,705.882","-385,714.286","-660,000","-660,000","-1,120,000","-1,120,000","-500,000","-449,344.978","-1,440,000","-1,920,000","-1,520,000",,,,