name,ttm,03/31/2022,12/31/2021,09/30/2021,06/30/2021,03/31/2021,12/31/2020,09/30/2020,06/30/2020,03/31/2020,12/31/2019,09/30/2019,06/30/2019,03/31/2019,12/31/2018,09/30/2018,06/30/2018,03/31/2018,12/31/2017,09/30/2017,06/30/2017,03/31/2017,12/31/2016,09/30/2016,06/30/2016,03/31/2016,12/31/2015,09/30/2015,06/30/2015,03/31/2015,12/31/2014,09/30/2014,06/30/2014,03/31/2014,12/31/2013,09/30/2013,06/30/2013,03/31/2013,12/31/2012,09/30/2012,06/30/2012,03/31/2012,12/31/2011,09/30/2011,06/30/2011,03/31/2011,12/31/2010,09/30/2010,06/30/2010,03/31/2010,12/31/2009,09/30/2009,06/30/2009,03/31/2009,12/31/2008,09/30/2008,06/30/2008,03/31/2008,11/30/2007,08/31/2007,05/31/2007,02/28/2007,11/30/2006,08/31/2006,05/31/2006,02/28/2006,11/30/2005,08/31/2005,05/31/2005,02/28/2005
TotalRevenue,"70,913,000,000","20,491,000,000","18,657,000,000","16,664,000,000","15,101,000,000","16,995,000,000","10,034,000,000","9,955,000,000","7,338,000,000","11,627,000,000","13,720,000,000","13,495,000,000","13,877,000,000","13,121,000,000","13,573,000,000","14,514,000,000","14,118,000,000","11,882,000,000","12,886,000,000","9,474,000,000","8,935,000,000","11,247,000,000","10,803,000,000","9,675,000,000","9,344,000,000","7,682,000,000","9,536,000,000","10,616,000,000","11,594,000,000","10,380,000,000","13,481,000,000","14,987,000,000","14,143,000,000","13,080,000,000","12,607,000,000","12,486,000,000","12,063,000,000","11,179,000,000","11,153,479,000","2,170,962,000","1,976,314,000","1,689,131,000","2,178,811,000","2,097,866,000","1,974,906,000","1,989,120,000","1,775,816,000","1,587,807,000","1,368,529,000","1,871,981,000","1,505,782,000","1,129,849,000","1,151,690,000","1,629,974,000","1,794,681,000","2,206,090,000","2,653,351,000","2,639,245,000","1,628,072,000","1,626,326,000","1,714,786,000","2,062,480,000","1,388,445,000","1,572,325,000","1,420,335,000","2,449,816,000","2,416,620,000","1,833,007,000","2,031,749,000","1,439,844,000"
	OperatingRevenue,"70,191,000,000","20,303,000,000","18,460,000,000","16,488,000,000","14,940,000,000","16,808,000,000","9,907,000,000","9,790,000,000","7,234,000,000","11,437,000,000","13,546,000,000","13,293,000,000","13,617,000,000","12,884,000,000","13,343,000,000","14,298,000,000","13,891,000,000","11,586,000,000","11,901,000,000","8,894,000,000","8,295,000,000","10,125,000,000","9,763,000,000","8,603,000,000","8,523,000,000","6,529,000,000","7,935,000,000","8,960,000,000","10,035,000,000","8,926,000,000","11,973,000,000","13,707,000,000","13,010,000,000","12,127,000,000","11,599,000,000","11,517,000,000","11,108,000,000","10,289,000,000","9,704,479,000","2,170,962,000","1,976,314,000","1,689,131,000","2,178,811,000","2,097,866,000","1,974,906,000","1,989,120,000","1,775,816,000","1,587,807,000","1,368,529,000","1,871,981,000","1,505,782,000","1,129,849,000","1,151,690,000","1,629,974,000","1,794,681,000","2,206,090,000","2,625,086,000","2,639,245,000","1,628,072,000","1,626,326,000","1,714,786,000","2,062,480,000","1,388,445,000","1,572,325,000","1,420,335,000","2,449,816,000","2,416,620,000","1,833,007,000","2,031,749,000","1,439,844,000"
CostOfRevenue,"59,476,000,000","17,166,000,000","15,734,000,000","14,131,000,000","12,445,000,000","11,902,000,000","7,666,000,000","7,288,000,000","5,053,000,000","9,158,000,000","10,924,000,000","10,674,000,000","11,087,000,000","10,189,000,000","10,727,000,000","11,843,000,000","12,037,000,000","9,910,000,000","10,652,000,000","7,710,000,000","7,491,000,000","9,652,000,000","9,146,000,000","8,043,000,000","7,642,000,000","6,184,000,000","8,151,000,000","9,105,000,000","9,852,000,000","8,980,000,000","12,057,000,000","13,440,000,000","12,801,000,000","11,815,000,000","11,469,000,000","11,396,000,000","10,883,000,000","10,119,000,000","10,063,386,000","1,461,091,000","1,252,873,000","1,197,105,000","1,605,607,000","1,587,319,000","1,486,869,000","1,422,122,000","1,835,460,000","995,105,000","844,360,000","1,224,865,000","858,776,000","678,148,000","625,993,000","959,139,000","1,982,667,000","1,633,454,000","2,321,215,000","1,979,718,000","1,147,839,000","1,217,660,000","1,287,387,000","1,485,816,000","1,087,343,000","1,744,480,000","1,147,367,000","2,108,527,000","2,193,298,000","1,944,991,000","1,816,998,000","1,211,175,000"
GrossProfit,"11,437,000,000","3,325,000,000","2,923,000,000","2,533,000,000","2,656,000,000","5,093,000,000","2,368,000,000","2,667,000,000","2,285,000,000","2,469,000,000","2,796,000,000","2,821,000,000","2,790,000,000","2,932,000,000","2,846,000,000","2,671,000,000","2,081,000,000","1,972,000,000","2,234,000,000","1,764,000,000","1,444,000,000","1,595,000,000","1,657,000,000","1,632,000,000","1,702,000,000","1,498,000,000","1,385,000,000","1,511,000,000","1,742,000,000","1,400,000,000","1,424,000,000","1,547,000,000","1,342,000,000","1,265,000,000","1,138,000,000","1,090,000,000","1,180,000,000","1,060,000,000","1,090,093,000","709,871,000","723,441,000","492,026,000","573,204,000","510,547,000","488,037,000","566,998,000","-59,644,000","592,702,000","524,169,000","647,116,000","647,006,000","451,701,000","525,697,000","670,835,000","-187,986,000","572,636,000","332,136,000","659,527,000","480,233,000","408,666,000","427,399,000","576,664,000","301,102,000","-172,155,000","272,968,000","341,289,000","223,322,000","-111,984,000","214,751,000","228,669,000"
OperatingExpense,"4,550,000,000","1,179,000,000","1,224,000,000","1,096,000,000","1,051,000,000","1,021,000,000","952,000,000","949,000,000","945,000,000","1,083,000,000","1,083,000,000","979,000,000","971,000,000","955,000,000","996,000,000","968,000,000","955,000,000","872,000,000","988,000,000","778,000,000","656,000,000","870,000,000","896,000,000","935,000,000","875,000,000","797,000,000","810,000,000","861,000,000","846,000,000","783,000,000","889,000,000","725,000,000","569,000,000","555,000,000","770,000,000","561,000,000","536,000,000","529,000,000","660,336,000","343,838,000","344,717,000","309,463,000","233,197,000","240,539,000","227,476,000","202,755,000","-376,136,000","390,650,000","344,808,000","308,188,000","281,238,000","278,200,000","310,666,000","314,737,000","-440,756,000","316,372,000","110,196,000","291,598,000","262,908,000","241,527,000","240,140,000","224,813,000","198,014,000","-240,739,000","157,591,000","118,116,000","55,456,000","-175,001,000","139,325,000","111,487,000"
	SellingGeneralAndAdministration,"847,000,000","230,000,000","235,000,000","198,000,000","184,000,000","201,000,000","156,000,000","176,000,000","175,000,000","204,000,000","195,000,000","173,000,000","179,000,000","147,000,000","187,000,000","184,000,000","183,000,000","148,000,000","123,000,000","142,000,000","178,000,000","197,000,000","218,000,000","246,000,000","187,000,000","156,000,000","146,000,000","155,000,000","183,000,000","155,000,000","121,000,000","185,000,000","157,000,000","148,000,000","87,000,000","158,000,000","161,000,000","180,000,000","184,416,000","124,380,000","122,950,000","148,262,000","67,126,000","82,587,000","78,946,000","63,499,000","-502,654,000","270,335,000","246,323,000","51,109,000","32,284,000","34,579,000","231,437,000","57,305,000","-514,206,000","242,809,000","44,720,000","229,715,000","207,125,000","185,881,000","189,682,000","176,398,000","161,150,000","-277,133,000","126,386,000","85,506,000","25,487,000","20,244,000","20,524,000","12,427,000"
	DepreciationAmortizationDepletionIncomeStatement,,,,,,,,,,"867,000,000","804,000,000","784,000,000","785,000,000","774,000,000","750,000,000","750,000,000","694,000,000","665,000,000","714,000,000","632,000,000","604,000,000","661,000,000","614,000,000","595,000,000","588,000,000","562,000,000","548,000,000","524,000,000","514,000,000","493,000,000","476,000,000","425,000,000","450,000,000","373,000,000","351,000,000","332,000,000","318,000,000","312,000,000","281,920,000","219,458,000","221,767,000","161,201,000","166,071,000","157,952,000","148,530,000","139,256,000","126,518,000","120,315,000","98,485,000","86,331,000","85,398,000","84,738,000","79,229,000","75,659,000","73,450,000","73,563,000","65,476,000","61,883,000","55,783,000","55,646,000","50,458,000","48,415,000","36,864,000","36,394,000","31,205,000","32,070,000","29,969,000","28,877,000","28,429,000","25,509,000"
		DepreciationAndAmortizationInIncomeStatement,,,,,,,,,,"867,000,000","804,000,000","784,000,000","785,000,000","774,000,000","750,000,000","750,000,000","694,000,000","665,000,000","714,000,000","632,000,000","604,000,000","661,000,000","614,000,000","595,000,000","588,000,000","562,000,000","548,000,000","524,000,000","514,000,000","493,000,000","476,000,000","425,000,000","450,000,000","373,000,000","351,000,000","332,000,000","318,000,000","312,000,000","281,920,000","219,458,000","221,767,000","161,201,000","166,071,000","157,952,000","148,530,000","139,256,000","126,518,000","120,315,000","98,485,000","86,331,000","85,398,000","84,738,000","79,229,000","75,659,000","73,450,000","73,563,000","65,476,000","61,883,000","55,783,000","55,646,000","50,458,000","48,415,000","36,864,000","36,394,000","31,205,000","32,070,000","29,969,000","28,877,000","28,429,000","25,509,000"
	OtherOperatingExpenses,"3,703,000,000","949,000,000","989,000,000","898,000,000","867,000,000","820,000,000","796,000,000","773,000,000","770,000,000","879,000,000","888,000,000","806,000,000","792,000,000","808,000,000","809,000,000","784,000,000","772,000,000","724,000,000","865,000,000","636,000,000","478,000,000","673,000,000","678,000,000","689,000,000","688,000,000","641,000,000","664,000,000","706,000,000","663,000,000","628,000,000","768,000,000","540,000,000","412,000,000","407,000,000","683,000,000","403,000,000","375,000,000","349,000,000","451,000,000",,,,,,,,,,,"170,748,000","163,556,000","158,883,000",,"181,773,000",,,,,,,,,,,,"540,000",,,"90,372,000","73,551,000"
OperatingIncome,"6,887,000,000","2,146,000,000","1,699,000,000","1,437,000,000","1,605,000,000","4,072,000,000","1,416,000,000","1,718,000,000","1,340,000,000","1,386,000,000","1,713,000,000","1,842,000,000","1,819,000,000","1,977,000,000","1,850,000,000","1,703,000,000","1,126,000,000","1,100,000,000","1,246,000,000","986,000,000","788,000,000","725,000,000","761,000,000","697,000,000","827,000,000","701,000,000","575,000,000","650,000,000","896,000,000","617,000,000","535,000,000","822,000,000","773,000,000","710,000,000","368,000,000","529,000,000","644,000,000","531,000,000","429,757,000","366,033,000","378,724,000","182,563,000","340,007,000","270,008,000","260,561,000","364,243,000","316,492,000","202,052,000","179,361,000","338,928,000","365,768,000","173,501,000","215,031,000","356,098,000","252,770,000","256,264,000","221,940,000","367,929,000","217,325,000","167,139,000","187,259,000","351,851,000","103,088,000","68,584,000","115,377,000","223,173,000","167,866,000","63,017,000","75,426,000","117,182,000"
NetNonOperatingInterestIncomeExpense,"-2,237,000,000","-559,000,000","-554,000,000","-558,000,000","-566,000,000","-589,000,000","-577,000,000","-569,000,000","-579,000,000","-602,000,000","-584,000,000","-579,000,000","-578,000,000","-590,000,000","-544,000,000","-535,000,000","-510,000,000","-466,000,000","-451,000,000","-505,000,000","-485,000,000","-486,000,000","-474,000,000","-481,000,000","-450,000,000","-427,000,000","-422,000,000","-442,000,000","-408,000,000","-371,000,000","-354,000,000","-356,000,000","-344,000,000","-315,000,000","-308,000,000","-298,000,000","-305,000,000","-310,000,000","-347,613,000","-237,802,000","-281,255,000","-213,330,000","-196,593,000","-193,772,000","-181,517,000","-167,929,000","-164,309,000","-209,871,000","-129,063,000","-121,671,000","-127,370,000","-120,100,000","-119,559,000","-101,391,000",,,,,,,,,,,,,,,,
	InterestExpenseNonOperating,"2,237,000,000","559,000,000","554,000,000","558,000,000","566,000,000","589,000,000","577,000,000","569,000,000","579,000,000","602,000,000","584,000,000","579,000,000","578,000,000","590,000,000","544,000,000","535,000,000","510,000,000","466,000,000","450,000,000",,,"486,000,000","474,000,000","481,000,000","450,000,000","427,000,000","422,000,000","442,000,000","408,000,000","371,000,000","354,000,000","356,000,000","344,000,000","315,000,000","308,000,000","298,000,000","305,000,000","310,000,000","285,613,000","237,802,000","281,255,000","213,330,000","196,593,000","193,772,000","181,517,000","167,929,000","164,309,000","209,871,000","129,063,000","121,671,000","127,370,000","120,100,000","119,559,000","101,391,000",,,,,,,,,,,,,,,,
	TotalOtherFinanceCost,,,,,,,,,,,,,,,,,,,"451,000,000","505,000,000","485,000,000","486,000,000","474,000,000","481,000,000","450,000,000","427,000,000",,,,,,,,,,,,,,,,,,,,,,,,,,,,,,,,,,,,,,,,,,,,
OtherIncomeExpense,"-17,000,000","-109,000,000","36,000,000","105,000,000","-49,000,000","233,000,000","63,000,000","-1,509,000,000","10,000,000","-1,720,000,000","202,000,000","-48,000,000","1,000,000","-81,000,000","-456,000,000","173,000,000","111,000,000","82,000,000","-1,463,000,000","160,000,000","91,000,000","86,000,000","-1,142,000,000","-233,000,000","38,000,000","7,000,000","-384,000,000","67,000,000","228,000,000","-13,000,000","-387,000,000","60,000,000","99,000,000","174,000,000","-793,000,000","161,000,000","79,000,000","77,000,000","162,425,000","13,722,000","-12,772,000","993,648,000","16,856,000","-12,247,000","32,832,000","12,681,000","9,656,000","4,762,000","-66,724,000","-7,964,000","7,154,000","-22,831,000","49,549,000","31,250,000","-98,656,000","11,932,000","73,016,000","-15,173,000","-24,136,000","-2,576,000","-1,661,000","-3,743,000","6,831,000","134,000","-128,000","-4,292,000","-402,000","12,311,000","1,001,000","-8,323,000"
	GainOnSaleOfSecurity,"-19,000,000","114,000,000","-11,000,000","1,000,000","-123,000,000","194,000,000","74,000,000","55,000,000","-3,000,000","-329,000,000","130,000,000","-175,000,000","-122,000,000","-74,000,000","-70,000,000","45,000,000","20,000,000","52,000,000","-9,000,000","-8,000,000","-25,000,000","5,000,000","167,000,000","-28,000,000","-81,000,000","-70,000,000","-4,000,000","-64,000,000","127,000,000","-77,000,000","-84,000,000","-25,000,000","-46,000,000","-2,000,000","-2,000,000","3,000,000","46,000,000","6,000,000","4,000,000",,,,,,,,,,,,,,,,,,,,,,,,,,,,,,,
	EarningsFromEquityInterest,"247,000,000","56,000,000","55,000,000","71,000,000","65,000,000","55,000,000","73,000,000","-32,000,000","85,000,000","-7,000,000","78,000,000","82,000,000","77,000,000","65,000,000","86,000,000","87,000,000","92,000,000","79,000,000","-84,000,000","92,000,000","49,000,000","87,000,000","65,000,000","49,000,000","95,000,000","61,000,000","-8,000,000","110,000,000","117,000,000","57,000,000","67,000,000","84,000,000","77,000,000","104,000,000","54,000,000","38,000,000","54,000,000","90,000,000","94,381,000","19,924,000","22,463,000","75,232,000","34,554,000","28,374,000","28,819,000","25,441,000","24,497,000","22,349,000","12,193,000","6,181,000","8,846,000","9,581,000","1,673,000","497,000","584,000","11,932,000","-169,000","74,000","-241,000","-51,000","839,000","-514,000","4,887,000","-161,000","-150,000","106,000","-274,000",,,
	SpecialIncomeCharges,"-349,000,000","-300,000,000","-40,000,000","0","-9,000,000","-10,000,000","-90,000,000","-1,603,000,000","-4,000,000","-1,387,000,000","-12,000,000","-12,000,000","0","-68,000,000","-451,000,000","18,000,000",,"-106,000,000","-1,416,000,000","0","0","-25,000,000","-1,404,000,000","-308,000,000","0","16,000,000","-339,000,000","-10,000,000","0","0","-397,000,000","16,000,000","93,000,000","70,000,000","-844,000,000","87,000,000","-7,000,000","0","57,044,000","-6,202,000","-35,235,000","918,416,000","-17,698,000","-40,621,000","4,013,000","-12,760,000","-14,841,000","-17,587,000","-78,917,000","-14,145,000","-1,692,000","-32,412,000","47,876,000","30,753,000","-99,240,000",,"73,185,000","-15,247,000","-23,895,000","-2,525,000","-2,500,000","-3,229,000","1,944,000","295,000","22,000","-4,398,000","-128,000","12,687,000","1,001,000","-8,323,000"
		RestructuringAndMergernAcquisition,,,,,,,,,,,,,,,,,,,,,,,"-83,000,000",,,,,,,,,,,,,,,,,,,,,,,,,,,,,,,,,,,,,,,,,,,,,,,
		ImpairmentOfCapitalAssets,"318,000,000","300,000,000","10,000,000","0","8,000,000","3,000,000","77,000,000","1,474,000,000","4,000,000","1,325,000,000","12,000,000","12,000,000","0","50,000,000","431,000,000","0",,,"1,352,000,000","0",,,"1,487,000,000","308,000,000",,,"339,000,000",,,,"370,000,000",,,,"689,000,000",,,,,,,,"0","5,355,000","0",,"0","0","52,620,000",,,,,,,,,,,,,,,,,,,,,
		WriteOff,,,"0","0",,,"0","129,000,000",,,,,,,"0",,,,"313,000,000","0",,,"0","308,000,000",,,,,,,,,,,,,,,,,,,,,,,,,,,,,,,,,,,,,,,,,,,,,,
		OtherSpecialCharges,,,"30,000,000",,"1,000,000","7,000,000","13,000,000",,,"62,000,000","0",,,"18,000,000","6,000,000",,,"106,000,000","64,000,000","-76,000,000","-67,000,000","25,000,000","-30,000,000","-54,000,000","-24,000,000",,"0","10,000,000",,,"27,000,000","-2,000,000",,,"155,000,000",,"7,000,000",,,,,,"17,698,000","35,266,000","-4,013,000",,"14,841,000","17,587,000","26,297,000","12,281,000",,,,"-31,179,000",,,,,,,,,,,,,,,,
		GainOnSaleOfBusiness,,,,,,,,,,,,,,,,,,,,,,,"83,000,000",,,,,"0","0","0","0","14,000,000","93,000,000","70,000,000","0","87,000,000","0","0","0",,,,,,,,,,,,,,,,,,,,,,,,,,,,,,,
		GainOnSaleOfPPE,,,,,,,,,,,,,,,,"18,000,000",,,,,,,,,,,,,,,,,,,,,,,,,,,,,,,,,,"-1,864,000",,,,"-426,000",,,,,,,,,,,,,,,,
	OtherNonOperatingIncomeExpenses,"104,000,000","21,000,000","32,000,000","33,000,000","18,000,000","-6,000,000","6,000,000","71,000,000","-68,000,000","3,000,000","6,000,000","57,000,000","46,000,000","-4,000,000","-21,000,000","23,000,000","-1,000,000","57,000,000","46,000,000","76,000,000","67,000,000","19,000,000","30,000,000","54,000,000","24,000,000","16,000,000","-33,000,000","31,000,000","-16,000,000","7,000,000","27,000,000","-15,000,000","-25,000,000","2,000,000","-56,000,000","33,000,000","-14,000,000","-19,000,000","2,000,000",,,,,,,,,,,,,,,,,,,,,,,,,,,,,,,
PretaxIncome,"4,633,000,000","1,478,000,000","1,181,000,000","984,000,000","990,000,000","3,716,000,000","902,000,000","-360,000,000","771,000,000","-936,000,000","1,331,000,000","1,215,000,000","1,242,000,000","1,306,000,000","850,000,000","1,341,000,000","727,000,000","716,000,000","-668,000,000","641,000,000","394,000,000","325,000,000","-855,000,000","-17,000,000","415,000,000","281,000,000","-231,000,000","275,000,000","716,000,000","233,000,000","-206,000,000","526,000,000","528,000,000","569,000,000","-733,000,000","392,000,000","418,000,000","298,000,000","244,569,000","141,953,000","84,697,000","962,881,000","160,270,000","63,989,000","111,876,000","208,995,000","161,839,000","-3,057,000","-16,426,000","209,293,000","245,552,000","30,570,000","145,021,000","285,957,000","57,870,000","177,242,000","176,148,000","272,302,000","115,332,000","92,576,000","143,212,000","284,683,000","42,889,000","9,391,000","112,374,000","182,757,000","61,288,000","-67,803,000","61,288,000","86,327,000"
TaxProvision,"100,000,000","-9,000,000","-50,000,000","77,000,000","82,000,000","75,000,000","69,000,000","41,000,000","99,000,000","28,000,000","-19,000,000","54,000,000","34,000,000","126,000,000","-2,000,000","-52,000,000","68,000,000","-10,000,000","-1,736,000,000","-157,000,000","21,000,000","35,000,000","-95,000,000","-58,000,000","-9,000,000","-55,000,000","-93,000,000","37,000,000","-56,000,000","12,000,000","86,000,000","56,000,000","70,000,000","145,000,000","-43,000,000","49,000,000","89,000,000","-2,000,000","13,621,000","28,625,000","10,175,000","1,579,000","-1,534,000","3,290,000","5,224,000","9,903,000","2,381,000","2,093,000","4,053,000","5,211,000","3,456,000","-3,697,000","3,263,000","6,207,000","-2,792,000","-7,874,000","9,330,000","5,144,000","4,925,000","2,729,000","3,213,000","2,576,000","2,873,000","-3,225,000","1,264,000","3,289,000","21,687,000","-771,000","2,458,000","2,402,000"
NetIncomeCommonStockholders,"3,056,000,000","1,162,000,000","820,000,000","535,000,000","539,000,000","3,285,000,000","636,000,000","-782,000,000","353,000,000","-854,000,000","1,011,000,000","831,000,000","877,000,000","869,000,000","617,000,000","370,000,000","342,000,000","341,000,000","239,000,000","240,000,000","204,000,000","232,000,000","226,000,000","207,000,000","239,000,000","311,000,000","312,000,000","291,000,000","298,000,000","282,000,000","111,000,000","188,000,000","163,000,000","167,000,000","-171,000,000","150,000,000","127,000,000","90,000,000","47,635,000","35,083,000","53,366,000","165,916,000","85,537,000","68,869,000","66,080,000","88,366,000","75,815,000","-15,289,000","19,208,000","112,428,000","139,159,000","46,824,000","104,053,000","151,067,000","22,566,000","105,379,000","120,394,000","126,705,000","51,464,000","51,871,000","89,093,000","147,356,000","31,041,000","-167,000","43,271,000","24,435,000","39,601,000","14,822,000","79,037,000","38,610,000"
	NetIncome,"3,451,000,000","1,269,000,000","921,000,000","635,000,000","626,000,000","3,288,000,000","636,000,000","-782,000,000","353,000,000","-855,000,000","1,012,000,000","832,000,000","878,000,000","870,000,000","617,000,000","371,000,000","355,000,000","363,000,000","251,000,000","252,000,000","212,000,000","239,000,000","233,000,000","209,000,000","241,000,000","312,000,000","314,000,000","293,000,000","298,000,000","284,000,000","113,000,000","188,000,000","164,000,000","168,000,000","-172,000,000","151,000,000","127,000,000","90,000,000","48,910,000","35,170,000","53,498,000","166,422,000","85,803,000","69,083,000","66,285,000","88,640,000","76,051,000","-15,337,000","19,268,000","112,777,000","139,591,000","46,971,000","104,375,000","279,750,000","22,566,000","105,379,000","120,394,000","126,705,000","51,464,000","51,871,000","89,093,000","147,356,000","31,041,000","-167,000","43,271,000","24,435,000","39,601,000","13,701,000","79,818,000","38,858,000"
		NetIncomeIncludingNoncontrollingInterests,"4,533,000,000","1,487,000,000","1,231,000,000","907,000,000","908,000,000","3,641,000,000","833,000,000","-401,000,000","672,000,000","-964,000,000","1,350,000,000","1,161,000,000","1,208,000,000","1,180,000,000","852,000,000","1,391,000,000","633,000,000","489,000,000","1,155,000,000","804,000,000","117,000,000","290,000,000","-760,000,000","41,000,000","424,000,000","336,000,000","-138,000,000","238,000,000","772,000,000","221,000,000","-294,000,000","470,000,000","500,000,000","448,000,000","-701,000,000","356,000,000","338,000,000","322,000,000","272,010,000","-33,834,000","74,522,000","961,302,000","161,804,000","60,699,000","106,652,000","199,092,000","157,804,000","-4,826,000","-20,479,000","204,082,000","242,096,000","34,267,000","141,758,000","407,964,000","60,662,000","185,116,000","166,818,000","267,158,000","110,407,000","89,847,000","139,999,000","282,107,000","40,016,000","12,616,000","111,110,000","179,468,000","107,698,000","19,208,000","114,204,000","84,360,000"
			NetIncomeContinuousOperations,"4,533,000,000","1,487,000,000","1,231,000,000","907,000,000","908,000,000","3,641,000,000","833,000,000","-401,000,000","672,000,000","-964,000,000","1,350,000,000","1,161,000,000","1,208,000,000","1,180,000,000","852,000,000","1,393,000,000","659,000,000","726,000,000","1,068,000,000","798,000,000","373,000,000","290,000,000","-760,000,000","41,000,000","424,000,000","336,000,000","-138,000,000","238,000,000","772,000,000","221,000,000","-292,000,000","470,000,000","458,000,000","424,000,000","-690,000,000","343,000,000","329,000,000","300,000,000","230,948,000","113,328,000","74,522,000","961,302,000","161,804,000","60,699,000","106,652,000","199,092,000","159,458,000","-5,150,000","-20,479,000","204,082,000","242,096,000","34,267,000","141,758,000","407,964,000","327,276,000","105,379,000","120,394,000","126,705,000","51,464,000","51,871,000","89,093,000","147,356,000","31,041,000","-167,000","43,271,000","24,435,000","39,601,000","24,407,000","24,444,000","38,423,000"
			NetIncomeDiscontinuousOperations,,,,,,,,,,,"0","0","0","0","0","-2,000,000","-26,000,000","-237,000,000","87,000,000","6,000,000","-256,000,000",,,,,,"0","0","0","0","-2,000,000","0","42,000,000","24,000,000","-11,000,000","13,000,000","9,000,000","22,000,000","41,062,000","-147,162,000",,,"0","0","0",,"-1,654,000","324,000",,,,,,,,,,,,,,,,,,,,"-10,706,000","55,374,000","435,000"
		MinorityInterests,"-1,082,000,000","-218,000,000","-310,000,000","-272,000,000","-282,000,000","-353,000,000","-197,000,000","-381,000,000","-319,000,000","109,000,000","-338,000,000","-329,000,000","-330,000,000","-310,000,000","-235,000,000","-1,020,000,000","-278,000,000","-126,000,000","-904,000,000","-552,000,000","95,000,000","-51,000,000","993,000,000","168,000,000","-183,000,000","-24,000,000","452,000,000","55,000,000","-474,000,000","63,000,000","407,000,000","-282,000,000","-336,000,000","-280,000,000","529,000,000","-205,000,000","-211,000,000","-232,000,000","-223,100,000","69,004,000","-21,024,000","-794,880,000","-76,001,000","8,384,000","-40,367,000","-110,452,000","-81,753,000","-10,511,000","39,747,000","-91,305,000","-102,505,000","12,704,000","-37,383,000","-128,214,000","-38,096,000","-79,737,000","-46,424,000","-140,453,000","-58,943,000","-37,976,000","-50,906,000","-134,751,000","-8,975,000","-12,783,000","-67,839,000","-155,033,000","-68,097,000","-5,507,000","-34,386,000","-45,502,000"
	PreferredStockDividends,"4,000,000","1,000,000","1,000,000","1,000,000","1,000,000","3,000,000","0",,,"-1,000,000","1,000,000","1,000,000","1,000,000","1,000,000","0","1,000,000","1,000,000","1,000,000","0","1,000,000",,"1,000,000","1,000,000",,"1,000,000","1,000,000","1,000,000","1,000,000",,"1,000,000","1,000,000",,"1,000,000",,"-1,000,000","1,000,000",,,"1,275,000","87,000","132,000","506,000","266,000","214,000","205,000","274,000","236,000","-48,000","60,000","349,000","432,000","147,000","322,000","469,000",,,,,,,,,,,,,,,,
	OtherunderPreferredStockDividend,"391,000,000","106,000,000","100,000,000","99,000,000","86,000,000",,,,,,"0","0","0","0","0","0","12,000,000","21,000,000","12,000,000","11,000,000","8,000,000","6,000,000","6,000,000","2,000,000","1,000,000","0","1,000,000","1,000,000","0","1,000,000","1,000,000","0","0","1,000,000",,,,,,,,,,,,,,,,,,,,"128,214,000",,,,,,,,,,,,,,,"781,000","248,000"
AverageDilutionEarnings,,,,,,,,"0",,,,,,,,"0",,,,,,"6,000,000",,"2,000,000","1,000,000","0",,,,,,,,,,,,,,,,,,,,,,,,,,,,,,,,,,,,,,,,,,,,
DilutedNIAvailtoComStockholders,"3,054,000,000","1,162,000,000","818,000,000","535,000,000","539,000,000","3,285,000,000","636,000,000","-782,000,000","353,000,000","-854,000,000","1,011,000,000","831,000,000","877,000,000","869,000,000","617,000,000","370,000,000","342,000,000","341,000,000","239,000,000","240,000,000","204,000,000","238,000,000","223,000,000","209,000,000","240,000,000","311,000,000","312,000,000","291,000,000","298,000,000","282,000,000","111,000,000","188,000,000","163,000,000","167,000,000","-171,000,000","150,000,000","127,000,000","90,000,000","48,000,000",,,,,,,,,"-15,289,000","19,208,000","112,428,000","139,159,000","46,824,000","104,053,000","151,067,000","22,566,000","105,379,000","120,394,000","126,705,000","51,464,000","51,871,000","89,093,000","147,356,000","31,041,000","-167,000","43,271,000","24,435,000","39,601,000","14,822,000","79,037,000","38,610,000"
BasicEPS,,"0.38","0.29","0.2","0.2","1.22","0.19","-0.29","0.13","-0.32","0.38","0.32","0.33","0.33","0.26","0.32","0.31","0.31","0.22","0.22","0.18","0.22","0.22","0.2","0.23","0.3","0.3","0.28","0.28","0.26","0.105","0.175","0.15","0.15","-0.078","0.135","0.113","0.08","0.043","0.033","0.048","0.183",,"0.078","0.075","0.1",,"-0.018","0.023","0.125",,"0.053","0.118","0.17",,"0.118","0.135","0.143","0.058",,"0.1","0.168","0.05",,"0.08","0.045","0.04",,"0.188","0.093"
DilutedEPS,,"0.37","0.29","0.2","0.2","1.21","0.19","-0.29","0.13","-0.32","0.38","0.32","0.33","0.33","0.26","0.32","0.31","0.31","0.22","0.22","0.18","0.21","0.21","0.19","0.23","0.3","0.3","0.28","0.28","0.26","0.105","0.175","0.15","0.15","-0.078","0.135","0.113","0.08","0.043","0.033","0.048","0.183",,"0.078","0.075","0.1",,"-0.018","0.023","0.125",,"0.053","0.118","0.17",,"0.118","0.135","0.143","0.058",,"0.1","0.168","0.05",,"0.078","0.045","0.04",,"0.15","0.073"
BasicAverageShares,,"3,083,500,000","2,824,500,000","2,705,200,000","2,704,000,000","2,702,800,000","2,699,100,000","2,696,600,000","2,694,900,000","2,691,700,000","2,646,200,000","2,624,900,000","2,621,200,000","2,619,500,000","2,332,100,000","1,158,200,000","1,114,800,000","1,079,100,000","1,079,200,000","1,079,100,000","1,075,200,000","1,075,200,000","1,046,900,000","1,045,500,000","1,048,900,000","1,044,800,000","1,052,500,000","1,052,500,000","1,076,000,000","1,077,600,000","1,083,400,000","1,077,600,000","1,087,200,000","1,115,400,000","1,119,846,600","1,122,800,000","1,122,000,000","1,119,836,364","1,129,411,765","1,079,476,923","1,119,822,312","906,921,908",,"891,890,832","891,890,832","891,818,696",,"891,764,688","891,764,688","891,764,432",,"891,592,992","891,592,992","891,592,260",,"891,319,824","891,319,824","891,319,824","891,319,608",,"891,095,664","871,286,120","618,544,780",,"546,099,388","525,874,168","1,002,523,260",,"422,561,804","422,832,900"
DilutedAverageShares,,"3,100,500,000","2,830,600,000","2,720,600,000","2,717,800,000","2,708,600,000","2,699,100,000","2,696,600,000","2,695,800,000","2,691,700,000","2,653,300,000","2,635,500,000","2,631,000,000","2,627,900,000","2,339,400,000","1,158,200,000","1,158,200,000","1,154,700,000","1,151,500,000","1,148,300,000","1,141,300,000","1,139,000,000","1,105,300,000","1,100,700,000","1,063,800,000","1,044,800,000","1,053,800,000","1,054,100,000","1,077,600,000","1,079,000,000","1,083,400,000","1,079,800,000","1,089,000,000","1,116,800,000","1,119,846,600","1,122,800,000","1,122,000,000","1,119,836,364","1,129,411,765","1,079,476,923","1,119,822,312","906,921,908",,"891,890,832","891,890,832","891,818,696",,"891,764,688","891,764,688","891,764,432",,"891,592,992","891,592,992","891,592,260",,"891,319,824","891,319,824","891,319,824","891,319,608",,"891,095,664","871,286,120","618,544,780",,"546,099,388","525,874,168","1,002,523,260",,"528,289,808","528,560,904"
TotalOperatingIncomeAsReported,"6,569,000,000","1,846,000,000","1,689,000,000","1,437,000,000","1,597,000,000","4,069,000,000","1,339,000,000","244,000,000","1,336,000,000","61,000,000","1,701,000,000","1,830,000,000","1,819,000,000","1,927,000,000","1,419,000,000","1,703,000,000","1,126,000,000","1,100,000,000","207,000,000","986,000,000","788,000,000","725,000,000","-726,000,000","697,000,000","827,000,000","701,000,000","236,000,000","650,000,000","896,000,000","617,000,000","165,000,000","822,000,000","773,000,000","710,000,000","-153,000,000","529,000,000","644,000,000","531,000,000","429,757,000","366,033,000","378,724,000","182,563,000","340,007,000","270,008,000","260,561,000","364,243,000","316,492,000","202,052,000","179,361,000","338,928,000","365,768,000","173,501,000","215,031,000","356,098,000","252,770,000","256,264,000","221,940,000","367,929,000","217,325,000","167,139,000","187,259,000","351,851,000","103,088,000","68,584,000","115,377,000","223,173,000","167,866,000","63,017,000","75,426,000","117,182,000"
TotalExpenses,"64,026,000,000","18,345,000,000","16,958,000,000","15,227,000,000","13,496,000,000","12,923,000,000","8,618,000,000","8,237,000,000","5,998,000,000","10,241,000,000","12,007,000,000","11,653,000,000","12,058,000,000","11,144,000,000","11,723,000,000","12,811,000,000","12,992,000,000","10,782,000,000","11,640,000,000","8,488,000,000","8,147,000,000","10,522,000,000","10,042,000,000","8,978,000,000","8,517,000,000","6,981,000,000","8,961,000,000","9,966,000,000","10,698,000,000","9,763,000,000","12,946,000,000","14,165,000,000","13,370,000,000","12,370,000,000","12,239,000,000","11,957,000,000","11,419,000,000","10,648,000,000","10,723,722,000","1,804,929,000","1,597,590,000","1,506,568,000","1,838,804,000","1,827,858,000","1,714,345,000","1,624,877,000","1,459,324,000","1,385,755,000","1,189,168,000","1,533,053,000","1,140,014,000","956,348,000","936,659,000","1,273,876,000","1,541,911,000","1,949,826,000","2,431,411,000","2,271,316,000","1,410,747,000","1,459,187,000","1,527,527,000","1,710,629,000","1,285,357,000","1,503,741,000","1,304,958,000","2,226,643,000","2,248,754,000","1,769,990,000","1,956,323,000","1,322,662,000"
NetIncomeFromContinuingAndDiscontinuedOperation,"3,451,000,000","1,269,000,000","921,000,000","635,000,000","626,000,000","3,288,000,000","636,000,000","-782,000,000","353,000,000","-855,000,000","1,012,000,000","832,000,000","878,000,000","870,000,000","617,000,000","371,000,000","355,000,000","363,000,000","251,000,000","252,000,000","212,000,000","239,000,000","233,000,000","209,000,000","241,000,000","312,000,000","314,000,000","293,000,000","298,000,000","284,000,000","113,000,000","188,000,000","164,000,000","168,000,000","-172,000,000","151,000,000","127,000,000","90,000,000","48,910,000","35,170,000","53,498,000","166,422,000","85,803,000","69,083,000","66,285,000","88,640,000","76,051,000","-15,337,000","19,268,000","112,777,000","139,591,000","46,971,000","104,375,000","279,750,000","22,566,000","105,379,000","120,394,000","126,705,000","51,464,000","51,871,000","89,093,000","147,356,000","31,041,000","-167,000","43,271,000","24,435,000","39,601,000","13,701,000","79,818,000","38,858,000"
NormalizedIncome,"3,811,056,982.517","1,380,600,000","958,230,000","634,078,252.033","747,066,666.667","3,107,713,670.614","650,776,053.215","348,040,000","359,101,167.315","397,680,000","925,860,000","1,010,688,888.889","996,660,225.443","998,300,153.139","997,330,000","327,010,000","362,870,701.513","639,420,000","1,019,000,000","250,800,000","491,667,512.69","256,846,153.846","1,332,555,555.556","410,600,000","289,600,000","354,000,000","519,800,000","357,043,636.364","221,800,000","357,034,334.764","427,650,000","196,041,825.095","81,231,060.606","93,328,646.749","635,371,077.763","59,700,000","87,190,000","64,100,000","-28,077,181.491","187,283,358.943","84,500,074.099","-750,487,916.835","97,306,700","107,615,467.752","62,459,385.248","100,795,381.325","92,327,656.949","-4,229,450","70,564,050","126,569,816.243","141,259,186.095","68,038,800","57,576,219.079","249,664,526.485","87,072,000","105,379,000","51,085,376.967","141,663,972.119","74,338,616.455","54,321,566.832","91,536,911.823","150,555,781.873","29,227,222.481","-344,000","43,249,247.459","28,753,851.065","39,683,706.696","11,864,266.139","23,483,145.836","46,514,417.228"
InterestExpense,"2,237,000,000","559,000,000","554,000,000","558,000,000","566,000,000","589,000,000","577,000,000","569,000,000","579,000,000","602,000,000","584,000,000","579,000,000","578,000,000","590,000,000","544,000,000","535,000,000","510,000,000","466,000,000","450,000,000",,,"486,000,000","474,000,000","481,000,000","450,000,000","427,000,000","422,000,000","442,000,000","408,000,000","371,000,000","354,000,000","356,000,000","344,000,000","315,000,000","308,000,000","298,000,000","305,000,000","310,000,000","285,613,000","237,802,000","281,255,000","213,330,000","196,593,000","193,772,000","181,517,000","167,929,000","164,309,000","209,871,000","129,063,000","121,671,000","127,370,000","120,100,000","119,559,000","101,391,000",,,,,,,,,,,,,,,,
NetInterestIncome,"-2,237,000,000","-559,000,000","-554,000,000","-558,000,000","-566,000,000","-589,000,000","-577,000,000","-569,000,000","-579,000,000","-602,000,000","-584,000,000","-579,000,000","-578,000,000","-590,000,000","-544,000,000","-535,000,000","-510,000,000","-466,000,000","-451,000,000","-505,000,000","-485,000,000","-486,000,000","-474,000,000","-481,000,000","-450,000,000","-427,000,000","-422,000,000","-442,000,000","-408,000,000","-371,000,000","-354,000,000","-356,000,000","-344,000,000","-315,000,000","-308,000,000","-298,000,000","-305,000,000","-310,000,000","-347,613,000","-237,802,000","-281,255,000","-213,330,000","-196,593,000","-193,772,000","-181,517,000","-167,929,000","-164,309,000","-209,871,000","-129,063,000","-121,671,000","-127,370,000","-120,100,000","-119,559,000","-101,391,000",,,,,,,,,,,,,,,,
EBIT,"6,870,000,000","2,037,000,000","1,735,000,000","1,542,000,000","1,556,000,000","4,305,000,000","1,479,000,000","209,000,000","1,350,000,000","-334,000,000","1,915,000,000","1,794,000,000","1,820,000,000","1,896,000,000","1,484,000,000","1,876,000,000","1,237,000,000","1,182,000,000","126,000,000","986,000,000","788,000,000","725,000,000","-569,000,000","697,000,000","827,000,000","701,000,000","191,000,000","717,000,000","1,124,000,000","604,000,000","148,000,000","882,000,000","872,000,000","884,000,000","-425,000,000","690,000,000","723,000,000","608,000,000","530,182,000","379,755,000","365,952,000","1,176,211,000","356,863,000","257,761,000","293,393,000","376,924,000","326,148,000","206,814,000","112,637,000","330,964,000","372,922,000","150,670,000","264,580,000","387,348,000","194,970,000","256,264,000","221,940,000","367,929,000","217,325,000","167,139,000","187,259,000","351,851,000","103,088,000","68,584,000","115,377,000","223,173,000","167,866,000","63,017,000","75,426,000","117,182,000"
EBITDA,"10,761,000,000"
ReconciledCostOfRevenue,"59,476,000,000","17,166,000,000","15,734,000,000","14,131,000,000","12,445,000,000","11,902,000,000","7,666,000,000","7,288,000,000","5,053,000,000","9,158,000,000","10,924,000,000","10,674,000,000","11,087,000,000","10,189,000,000","10,727,000,000","11,843,000,000","12,037,000,000","9,910,000,000","10,652,000,000","7,710,000,000","7,491,000,000","9,652,000,000","9,146,000,000","8,043,000,000","7,642,000,000","6,184,000,000","8,151,000,000","9,105,000,000","9,852,000,000","8,980,000,000","12,057,000,000","13,440,000,000","12,801,000,000","11,815,000,000","11,469,000,000","11,396,000,000","10,883,000,000","10,119,000,000","10,063,386,000","1,474,437,000","1,252,873,000","1,197,105,000","1,605,607,000","1,587,319,000","1,486,869,000","1,422,122,000","1,835,460,000","995,555,000","844,360,000","1,224,865,000","858,776,000","678,148,000","625,993,000","959,139,000","1,982,667,000","1,633,454,000","2,318,961,000","1,977,893,000","1,146,007,000","1,215,634,000","1,286,007,000","1,483,748,000","1,086,126,000","1,743,605,000","1,147,367,000","2,108,527,000","2,193,298,000","1,944,991,000","1,816,998,000","1,211,175,000"
ReconciledDepreciation,"3,891,000,000","1,028,000,000","980,000,000","943,000,000","940,000,000","954,000,000","963,000,000","912,000,000","936,000,000","867,000,000","804,000,000","784,000,000","785,000,000","774,000,000","750,000,000","750,000,000","694,000,000","665,000,000","714,000,000","632,000,000","547,000,000","661,000,000","614,000,000","595,000,000","588,000,000","562,000,000","548,000,000","524,000,000","514,000,000","493,000,000","476,000,000","425,000,000","450,000,000","373,000,000","351,000,000","332,000,000","318,000,000","312,000,000","281,920,000","206,112,000","221,767,000","161,201,000","166,071,000","157,952,000","148,530,000","139,256,000","126,518,000","119,865,000","98,485,000","86,331,000","85,398,000","84,738,000","79,229,000","75,659,000","73,450,000","73,563,000","67,730,000","63,708,000","57,615,000","57,672,000","51,838,000","50,483,000","38,081,000","37,269,000","31,205,000","32,070,000","29,969,000","28,877,000","28,429,000","25,509,000"
NetIncomeFromContinuingOperationNetMinorityInterest,"3,451,000,000","1,269,000,000","921,000,000","635,000,000","626,000,000","3,288,000,000","636,000,000","-782,000,000","353,000,000","-855,000,000","1,012,000,000","832,000,000","878,000,000","870,000,000","617,000,000","373,000,000","381,000,000","600,000,000","164,000,000","246,000,000","468,000,000","239,000,000","233,000,000","209,000,000","241,000,000","312,000,000","314,000,000","293,000,000","298,000,000","284,000,000","115,000,000","188,000,000","122,000,000","144,000,000","-161,000,000","138,000,000","118,000,000","68,000,000","7,848,000","182,332,000","53,498,000","166,422,000","85,803,000","69,083,000","66,285,000","88,640,000","77,705,000","-15,661,000","19,268,000","112,777,000","139,591,000","46,971,000","104,375,000","279,750,000","22,566,000","105,379,000","120,394,000","126,705,000","51,464,000","51,871,000","89,093,000","147,356,000","31,041,000","-167,000","43,271,000","24,435,000","39,601,000","24,407,000","24,444,000","38,423,000"
TotalUnusualItemsExcludingGoodwill,"-368,000,000","-186,000,000","-51,000,000","1,000,000","-132,000,000","184,000,000","-16,000,000","-1,548,000,000","-7,000,000","-1,716,000,000","118,000,000","-187,000,000","-122,000,000","-142,000,000","-521,000,000","63,000,000","20,000,000","-54,000,000","-1,425,000,000","-8,000,000","-25,000,000","-20,000,000","-1,237,000,000","-336,000,000","-81,000,000","-70,000,000","-343,000,000","-74,000,000","127,000,000","-77,000,000","-481,000,000","-9,000,000","47,000,000","68,000,000","-846,000,000","90,000,000","39,000,000","6,000,000","38,044,000","-6,202,000","-35,235,000","918,416,000","-17,698,000","-40,621,000","4,013,000","-12,760,000","-14,841,000","-17,587,000","-78,917,000","-14,145,000","-1,692,000","-32,412,000","47,876,000","30,753,000","-99,240,000",,"73,185,000","-15,247,000","-23,895,000","-2,525,000","-2,500,000","-3,229,000","1,944,000","295,000","22,000","-4,398,000","-128,000","12,687,000","1,001,000","-8,323,000"
TotalUnusualItems,"-368,000,000","-186,000,000","-51,000,000","1,000,000","-132,000,000","184,000,000","-16,000,000","-1,548,000,000","-7,000,000","-1,716,000,000","118,000,000","-187,000,000","-122,000,000","-142,000,000","-521,000,000","63,000,000","20,000,000","-54,000,000","-1,425,000,000","-8,000,000","-25,000,000","-20,000,000","-1,237,000,000","-336,000,000","-81,000,000","-70,000,000","-343,000,000","-74,000,000","127,000,000","-77,000,000","-481,000,000","-9,000,000","47,000,000","68,000,000","-846,000,000","90,000,000","39,000,000","6,000,000","38,044,000","-6,202,000","-35,235,000","918,416,000","-17,698,000","-40,621,000","4,013,000","-12,760,000","-14,841,000","-17,587,000","-78,917,000","-14,145,000","-1,692,000","-32,412,000","47,876,000","30,753,000","-99,240,000",,"73,185,000","-15,247,000","-23,895,000","-2,525,000","-2,500,000","-3,229,000","1,944,000","295,000","22,000","-4,398,000","-128,000","12,687,000","1,001,000","-8,323,000"
NormalizedEBITDA,"11,129,000,000","3,251,000,000","2,766,000,000","2,484,000,000","2,628,000,000","5,075,000,000","2,458,000,000","2,669,000,000","2,293,000,000","2,249,000,000","2,601,000,000","2,765,000,000","2,727,000,000","2,812,000,000","2,755,000,000","2,563,000,000","1,911,000,000","1,901,000,000","2,265,000,000","1,626,000,000","1,360,000,000","1,406,000,000","1,282,000,000","1,628,000,000","1,496,000,000","1,333,000,000","1,082,000,000","1,315,000,000","1,511,000,000","1,174,000,000","1,105,000,000","1,316,000,000","1,275,000,000","1,189,000,000","772,000,000","932,000,000","1,002,000,000","914,000,000","774,058,000","605,415,000","622,954,000","418,996,000","540,632,000","456,334,000","437,910,000","528,940,000","467,507,000","344,716,000","290,039,000","431,440,000","460,012,000","267,820,000","295,933,000","432,254,000","367,660,000","329,827,000","216,485,000","446,884,000","298,835,000","227,336,000","241,597,000","405,563,000","139,225,000","105,558,000","146,560,000","259,641,000","197,963,000","79,207,000","102,854,000","151,014,000"
TaxRateForCalcs,"0.022","0.4","0.27","0.078","0.083","0.02","0.076","0.27","0.128","0.27","0.27","0.044","0.027","0.096","0.27","0.27","0.094","0.27","0.4","0.4","0.053","0.108","0.111","0.4","0.4","0.4","0.4","0.135","0.4","0.052","0.35","0.106","0.133","0.255","0.059","0.13","0.21","0.35","0.056","0.202","0.12","0.002","0.35","0.051","0.047","0.047","0.015","0.35","0.35","0.025","0.014","0.35","0.023","0.022","0.35","0.35","0.053","0.019","0.043","0.029","0.022","0.009","0.067","0.4","0.011","0.018","0.354","0.011","0.04","0.028"
TaxEffectOfUnusualItems,"-7,943,017.483","-74,400,000","-13,770,000","78,252.033","-10,933,333.333","3,713,670.614","-1,223,946.785","-417,960,000","-898,832.685","-463,320,000","31,860,000","-8,311,111.111","-3,339,774.557","-13,699,846.861","-140,670,000","17,010,000","1,870,701.513","-14,580,000","-570,000,000","-3,200,000","-1,332,487.31","-2,153,846.154","-137,444,444.444","-134,400,000","-32,400,000","-28,000,000","-137,200,000","-9,956,363.636","50,800,000","-3,965,665.236","-168,350,000","-958,174.905","6,231,060.606","17,328,646.749","-49,628,922.237","11,700,000","8,190,000","2,100,000","2,118,818.509","-1,250,641.057","-4,232,925.901","1,506,083.165","-6,194,300","-2,088,532.248","187,385.248","-604,618.675","-218,343.051","-6,155,450","-27,620,950","-352,183.757","-23,813.905","-11,344,200","1,077,219.079","667,526.485","-34,734,000","0","3,876,376.967","-288,027.881","-1,020,383.545","-74,433.168","-56,088.177","-29,218.127","130,222.481","118,000","247.459","-79,148.935","-45,293.304","144,266.139","40,145.836","-231,582.772"