name,ttm,03/31/2022,12/31/2021,09/30/2021,06/30/2021,03/31/2021,12/31/2020,09/30/2020,06/30/2020,03/31/2020,12/31/2019,09/30/2019,06/30/2019,03/31/2019,12/31/2018,09/30/2018,06/30/2018,03/31/2018,12/31/2017,09/30/2017,06/30/2017,03/31/2017,12/31/2016,09/30/2016,06/30/2016,03/31/2016,12/31/2015,09/30/2015,06/30/2015,03/31/2015,12/31/2014,09/30/2014,06/30/2014,03/31/2014,12/31/2013,09/30/2013,06/30/2013,03/31/2013,12/31/2012,09/30/2012,06/30/2012,03/31/2012,12/31/2011,09/30/2011,06/30/2011,03/31/2011,12/31/2010,09/30/2010,06/30/2010,03/31/2010,12/31/2009,09/30/2009,06/30/2009,03/31/2009,12/31/2008,09/30/2008,06/30/2008,03/31/2008,12/31/2007,09/30/2007,06/30/2007,03/31/2007,12/31/2006,09/30/2006,06/30/2006,03/31/2006,12/31/2005,09/30/2005,06/30/2005,03/31/2005,12/31/2004,09/30/2004,06/30/2004,03/31/2004,12/31/2003,09/30/2003,06/30/2003,03/31/2003,12/31/2002,09/30/2002,06/30/2002,03/31/2002,12/31/2001,09/30/2001,06/30/2001,03/31/2001,12/31/2000,09/30/2000,06/30/2000,03/31/2000,12/31/1999,09/30/1999,06/30/1999,03/31/1999,12/31/1998,09/30/1998,06/30/1998,03/31/1998
TotalRevenue,"1,869,308,000","490,663,000","472,879,000","464,679,000","441,087,000","422,669,000","416,361,000","370,597,000","399,059,000","413,193,000","427,417,000","417,649,000","416,747,000","401,088,000","406,987,000","389,220,000","385,911,000","365,902,000","359,109,000","345,516,000","333,944,000","313,773,000","318,783,000","300,407,000","295,575,000","290,510,000","281,842,000","294,470,000","266,335,000","277,503,000","266,459,000","266,189,000","250,467,000","238,771,000","223,816,000","207,449,000","209,973,000","202,034,000","201,122,000","224,659,000","221,502,000","240,757,000","230,180,000","224,237,000","239,827,000","220,339,000","265,069,000","210,217,000","218,627,000","241,961,000","693,489,000","106,072,000","97,828,000","93,675,000","85,644,000","96,532,000","105,559,000","115,544,000","120,586,000","117,847,000","109,731,000","111,098,000","106,655,000","103,520,000","99,763,000","91,938,000","88,709,000","79,409,000","72,924,000","68,722,000","68,076,000","60,011,000","52,372,000","50,540,000","47,934,000","46,654,000","43,663,000","37,839,000","36,795,000","37,764,000","35,321,000","32,816,000","31,954,000","29,471,000","29,589,000","29,927,000","26,020,000","26,238,000","25,820,000","26,377,000","23,300,000","22,100,000","21,500,000","19,500,000",,,,
	OperatingRevenue,"1,869,308,000","490,663,000","472,879,000","464,679,000","441,087,000","422,669,000","416,361,000","370,597,000","399,059,000","413,193,000","427,417,000","417,649,000","416,747,000","401,088,000","406,987,000","389,220,000","385,911,000","365,902,000","359,109,000","345,516,000","333,944,000","313,773,000","318,783,000","300,407,000","295,575,000","290,510,000","281,842,000","294,470,000","266,335,000","277,503,000","266,459,000","266,189,000","250,467,000","238,771,000","223,816,000","207,449,000","209,973,000","202,034,000","201,122,000","224,659,000","221,502,000","240,757,000","230,180,000","224,237,000","239,827,000","220,339,000","265,069,000","210,217,000","218,627,000","241,961,000","693,489,000","106,072,000","97,828,000","93,675,000","85,644,000","96,532,000","105,559,000","115,544,000","120,586,000","117,847,000","109,731,000","111,098,000","106,655,000","103,520,000","99,763,000","91,938,000","88,709,000","79,409,000","72,924,000","68,722,000","68,076,000","60,011,000","52,372,000","50,540,000","47,934,000","46,654,000","43,663,000","37,839,000","36,795,000","37,764,000","35,321,000","32,816,000","31,954,000","29,471,000","29,589,000","29,927,000","26,020,000","26,238,000","25,820,000","26,377,000","23,300,000","22,100,000","21,500,000","19,500,000",,,,
PretaxIncome,"1,118,799,000","297,906,000","277,081,000","273,431,000","270,381,000","235,484,000","213,422,000","196,060,000","112,273,000","164,010,000","219,282,000","206,367,000","223,177,000","195,091,000","205,055,000","204,865,000","196,992,000","211,784,000","174,127,000","175,284,000","157,685,000","228,004,000","161,137,000","123,464,000","142,916,000","144,671,000","148,485,000","138,989,000","144,421,000","146,826,000","113,047,000","75,112,000","115,606,000","111,690,000","98,564,000","108,906,000","111,870,000","106,510,000","108,200,000","105,203,000","104,394,000","107,795,000","103,339,000","97,685,000","95,730,000","86,580,000","85,706,000","73,527,000","58,734,000","37,942,000","409,234,000","-121,308,000","-147,273,000","-35,931,000","-11,208,000","-48,561,000","-45,041,000","7,642,000","59,307,000","67,704,000","66,468,000","68,780,000","64,031,000","58,074,000","59,894,000","51,782,000","49,101,000","44,603,000","40,023,000","36,634,000","35,772,000","31,801,000","27,726,000","26,034,000","24,550,000","24,811,000","22,343,000","17,956,000","17,928,000","18,937,000","16,803,000","15,148,000","12,895,000","12,702,000","13,186,000","13,817,000","11,921,000","12,688,000","12,243,000","13,243,000","11,400,000","10,200,000","10,500,000","9,500,000",,,,
TaxProvision,"213,160,000","60,254,000","59,285,000","47,982,000","45,639,000","30,490,000","49,338,000","36,523,000","12,921,000","19,186,000","31,067,000","34,951,000","72,797,000","31,067,000","32,037,000","33,563,000","24,643,000","24,752,000","89,229,000","42,624,000","39,355,000","58,268,000","50,403,000","13,321,000","39,632,000","37,155,000","56,680,000","44,892,000","45,673,000","46,799,000","20,049,000","-13,644,000","31,618,000","34,949,000","22,782,000","35,749,000","37,855,000","34,419,000","36,300,000","34,093,000","33,837,000","39,712,000","37,133,000","35,253,000","35,205,000","30,509,000","29,357,000","26,576,000","22,386,000","13,026,000","149,504,000","-52,777,000","-60,548,000","-13,465,000","-13,574,000","-17,355,000","-19,154,000","2,598,000","22,062,000","26,368,000","25,978,000","26,684,000","24,920,000","22,512,000","23,249,000","19,731,000","18,286,000","16,020,000","14,560,000","13,115,000","13,123,000","11,402,000","9,697,000","9,089,000","8,143,000","8,669,000","7,658,000","6,198,000","5,293,000","6,051,000","4,554,000","4,217,000","3,393,000","2,921,000","3,497,000","3,919,000","2,309,000","3,910,000","3,879,000","4,530,000","3,500,000","3,200,000","3,400,000","3,500,000",,,,
NetIncomeCommonStockholders,"905,639,000","237,652,000","217,796,000","225,449,000","224,742,000","204,994,000","164,084,000","159,537,000","99,352,000","144,824,000","188,215,000","171,416,000","150,380,000","164,024,000","173,018,000","171,302,000","172,349,000","187,032,000","84,898,000","132,660,000","118,330,000","169,736,000","110,734,000","110,143,000","103,284,000","107,516,000","91,805,000","94,097,000","98,748,000","100,024,000","92,998,000","88,756,000","83,988,000","76,741,000","75,782,000","73,157,000","72,301,000","70,377,000","70,185,000","69,396,000","68,843,000","66,369,000","64,492,000","60,718,000","58,811,000","54,356,000","32,240,000","40,219,000","30,201,000","18,778,000","253,601,000","-79,151,000","-115,714,000","-31,209,000","-3,019,000","-35,295,000","-25,887,000","5,044,000","37,245,000","41,336,000","40,490,000","42,096,000","39,111,000","35,562,000","36,645,000","32,051,000","30,815,000","28,583,000","25,463,000","23,519,000","22,649,000","20,399,000","18,029,000","16,945,000","16,407,000","16,142,000","14,685,000","11,758,000","12,635,000","12,886,000","12,249,000","11,719,000","9,502,000","9,781,000","9,689,000","9,811,000","9,612,000","8,778,000","8,364,000","8,713,000","7,900,000","7,000,000","7,100,000","6,000,000","6,500,000","4,700,000","3,800,000","3,000,000"
	NetIncome,"905,639,000","237,652,000","217,796,000","225,449,000","224,742,000","204,994,000","164,084,000","159,537,000","99,352,000","144,824,000","188,215,000","171,416,000","150,380,000","164,024,000","173,018,000","171,302,000","172,349,000","187,032,000","84,898,000","132,660,000","118,330,000","169,736,000","110,734,000","110,143,000","103,284,000","107,516,000","91,805,000","94,097,000","98,748,000","100,027,000","92,998,000","88,756,000","83,988,000","76,741,000","75,782,000","73,157,000","74,015,000","72,091,000","71,900,000","71,110,000","70,557,000","68,083,000","66,206,000","62,432,000","60,525,000","56,071,000","56,349,000","46,951,000","36,348,000","24,916,000","259,730,000","-68,531,000","-92,091,000","-22,466,000","2,366,000","-31,206,000","-25,887,000","5,044,000","37,245,000","41,336,000","40,490,000","42,096,000","39,111,000","35,562,000","36,645,000","32,051,000","30,815,000","28,583,000","25,463,000","23,519,000","22,649,000","20,399,000","18,029,000","16,945,000","16,407,000","16,142,000","14,685,000","11,758,000","12,635,000","12,886,000","12,249,000","11,719,000","9,502,000","9,781,000","9,689,000","9,811,000","9,612,000","8,778,000","8,364,000","8,713,000","7,900,000","7,000,000","7,100,000","6,000,000","6,500,000","4,700,000","3,800,000","3,000,000"
		NetIncomeIncludingNoncontrollingInterests,"905,639,000","237,652,000","217,796,000","225,449,000","224,742,000","204,994,000","164,084,000","159,537,000","99,352,000","144,824,000","188,215,000","171,416,000","150,380,000","164,024,000","173,018,000","171,302,000","172,349,000","187,032,000","84,898,000","132,660,000","118,330,000","169,736,000","110,734,000","110,143,000","103,284,000","107,516,000","91,805,000","94,097,000","98,748,000","100,027,000","92,998,000","88,756,000","83,988,000","76,741,000","75,782,000","73,157,000","74,015,000","72,091,000","71,900,000","71,110,000","70,557,000","68,083,000","66,206,000","62,432,000","60,525,000","56,071,000","56,349,000","46,951,000","36,348,000","24,916,000","259,730,000","-68,531,000","-92,091,000","-22,466,000","2,366,000","-31,206,000","-25,887,000","5,044,000","37,245,000","41,336,000","40,490,000","42,096,000","39,111,000","35,562,000","36,645,000","32,051,000","30,815,000","28,583,000","25,463,000","23,519,000","22,649,000","20,399,000","18,029,000","16,945,000","16,407,000","16,142,000","14,685,000","11,758,000","12,635,000","12,886,000","12,249,000","11,719,000","9,502,000","9,781,000","9,689,000","9,811,000","9,612,000","8,778,000","8,364,000","8,713,000","7,900,000","7,000,000","7,100,000","6,000,000","6,500,000","4,700,000","3,800,000","3,000,000"
			NetIncomeContinuousOperations,"905,639,000","237,652,000","217,796,000","225,449,000","224,742,000","204,994,000","164,084,000","159,537,000","99,352,000","144,824,000","188,215,000","171,416,000","150,380,000","164,024,000","173,018,000","171,302,000","172,349,000","187,032,000","84,898,000","132,660,000","118,330,000","169,736,000","110,734,000","110,143,000","103,284,000","107,516,000","91,805,000","94,097,000","98,748,000","100,027,000","92,998,000","88,756,000","83,988,000","76,741,000","75,782,000","73,157,000","74,015,000","72,091,000","71,900,000","71,110,000","70,557,000","68,083,000","66,206,000","62,432,000","60,525,000","56,071,000","56,349,000","46,951,000","36,348,000","24,916,000","259,730,000","-68,531,000","-86,725,000","-22,466,000","2,366,000","-31,206,000","-25,887,000","5,044,000","37,245,000","41,336,000","40,490,000","42,096,000","39,111,000","35,562,000","36,645,000","32,051,000","30,815,000","28,583,000","25,463,000","23,519,000","22,649,000","20,399,000","18,029,000","16,945,000","16,407,000","16,142,000","14,685,000","11,758,000","12,635,000","12,886,000","12,249,000","10,931,000","9,502,000","9,781,000","9,689,000","9,898,000","9,612,000","8,778,000","8,364,000","8,713,000","7,900,000","7,000,000","7,100,000","6,000,000","6,500,000","4,700,000","3,800,000","3,000,000"
			NetIncomeExtraordinary,,,,,,,,,,,,,,,,,,,,,,,,,,,,,,,,,,,,,,,,,,,,,,,"0","0","0",,"0","0","-5,366,000",,,,,,,,,,,,,,,,,,,,,,,,,,"0",,,"788,000","0",,,"-87,000",,,,,,,,,,,,
	PreferredStockDividends,,,,,,,,,,,,,,,,,,,,,,,,,,,,,,,,,,,"0",,"1,714,000","1,714,000","1,715,000","1,714,000","1,714,000","1,714,000","1,714,000","1,714,000","1,714,000","1,715,000","24,109,000","6,732,000","6,147,000","6,138,000","6,129,000","10,620,000","23,623,000","8,743,000","5,385,000","4,089,000",,,,,,,,,,,,,,,,,,,,,,,,,,,,,,,,,,,,,,,,,,
	OtherunderPreferredStockDividend,,,,,,,,,,,,,,,,,,,,,,,,,,,"0",,,"3,000",,,,,,,,,,,,,,,,,,,,,,,,,,,,,,,,,,,,,,,,,,,,,,,,,,,,,,,,,,,,,,,,,,,,
AverageDilutionEarnings,,,,,,,,,,,,,,,,,,,,,,,,,,,,,"93,000","106,000",,,,,,,,,,,,,,,,,,,,,,,,,,,,,,,,,,,,,,,,,,,,,,,,,,,,,,,,,,,,,,,,,,,,
DilutedNIAvailtoComStockholders,"905,639,000","237,652,000","217,796,000","225,449,000","224,742,000","204,994,000","164,084,000","159,537,000","99,352,000","144,824,000","188,215,000","171,416,000","150,380,000","164,024,000","173,018,000","171,302,000","172,349,000","187,032,000","84,898,000","132,660,000","118,330,000","169,736,000","110,734,000","110,143,000","103,284,000","107,516,000","91,805,000","94,097,000","98,841,000","100,130,000","92,998,000","88,756,000","83,988,000","76,741,000","75,782,000","73,157,000","72,301,000","70,377,000","70,185,000","69,396,000","68,843,000","66,369,000","64,492,000","60,718,000","58,811,000","54,356,000","32,240,000","40,219,000","30,201,000","18,778,000","253,601,000","-79,151,000","-115,714,000","-31,209,000","-3,019,000","-35,295,000","-25,887,000","5,044,000","37,245,000","41,336,000","40,490,000","42,096,000","39,111,000","35,562,000","36,645,000","32,051,000","30,815,000","28,583,000","25,463,000","23,519,000","22,649,000","20,399,000","18,029,000","16,945,000","16,407,000","16,142,000","14,685,000","11,758,000","12,635,000","12,886,000","12,249,000","11,719,000","9,502,000","9,781,000","9,689,000","9,811,000","9,612,000","8,778,000","8,364,000","8,713,000","7,900,000","7,000,000","7,100,000","6,000,000","6,500,000","4,700,000","3,800,000","3,000,000"
BasicEPS,,"1.67","1.53","1.59","1.58","1.45","1.16","1.13","0.7","1","1.29","1.18","1.03","1.13","1.19","1.18","1.19","1.29","0.59","0.92","0.82","1.18","0.77","0.76","0.72","0.75","0.64","0.65","0.69","0.7","0.65","0.62","0.59","0.54","0.55","0.53","0.52","0.51","0.5","0.49","0.48","0.46",,"0.41","0.4","0.37",,"0.27","0.21","0.17",,"-0.91","-1.83","-0.5",,"-0.56","-0.41","0.08",,"0.68","0.67","0.69",,"0.59","0.61","0.56",,"0.54","0.49","0.45",,"0.4","0.36","0.345",,"0.335","0.305","0.245",,"0.27","0.26","0.25",,"0.215","0.21","0.215",,"0.195","0.185","0.195",,"0.078","0.078","0.065",,"0.05","0.04","0.033"
DilutedEPS,,"1.66","1.52","1.57","1.57","1.44","1.15","1.12","0.7","1","1.29","1.17","1.03","1.12","1.18","1.17","1.18","1.28","0.58","0.91","0.81","1.16","0.76","0.76","0.71","0.74","0.63","0.65","0.68","0.69","0.65","0.62","0.58","0.54","0.55","0.53","0.52","0.5","0.49","0.48","0.47","0.45",,"0.41","0.39","0.37",,"0.27","0.21","0.13",,"-0.91","-1.83","-0.5",,"-0.56","-0.41","0.08",,"0.67","0.66","0.68",,"0.58","0.59","0.55",,"0.52","0.47","0.44",,"0.39","0.35","0.335",,"0.325","0.3","0.24",,"0.26","0.245","0.24",,"0.205","0.205","0.205",,"0.19","0.185","0.19",,"0.078","0.078","0.065",,"0.05","0.04","0.033"
BasicAverageShares,,"142,025,000","141,907,000","141,880,000","141,868,000","141,646,000","141,564,000","141,498,000","141,486,000","144,814,000","145,624,000","145,559,000","145,546,000","145,256,000","144,960,000","144,921,000","144,899,000","144,664,000","144,542,000","144,498,000","144,485,000","144,249,000","144,166,000","144,122,000","144,101,000","143,958,000","143,900,000","143,861,000","143,846,000","143,655,000","143,432,000","143,210,000","143,187,000","141,962,000","137,157,000","137,036,000","137,536,000","137,648,000","138,802,000","139,621,000","142,107,000","145,347,000",,"147,162,000","147,011,000","146,837,000",,"146,454,000","146,372,000","109,961,000",,"86,538,000","63,105,000","62,998,000",,"62,675,000","62,599,000","62,485,000",,"61,232,000","60,381,000","60,649,000",,"60,536,000","60,270,000","56,807,000",,"53,261,000","52,338,000","52,245,000",,"51,210,000","50,063,000","49,138,000",,"48,138,000","47,936,000","47,782,000",,"47,354,000","47,048,000","46,764,000",,"45,928,000","45,656,000","46,082,000",,"44,812,000","44,726,000","44,662,000",,"44,798,000","44,936,000","46,100,000",,"47,550,000","47,550,000","47,550,000"
DilutedAverageShares,,"143,223,000","143,323,000","143,143,000","141,868,000","142,844,000","142,529,000","142,043,000","141,827,000","145,285,000","146,318,000","146,120,000","146,052,000","145,921,000","146,133,000","146,173,000","146,091,000","145,939,000","146,030,000","145,882,000","145,740,000","145,732,000","145,702,632","145,238,000","145,078,000","144,803,000","144,686,000","144,590,000","144,480,000","144,347,000","144,116,000","143,810,000","143,689,000","142,632,000","137,688,000","137,467,000","137,816,000","143,519,000","144,564,000","145,358,000","147,786,000","151,996,000",,"153,453,000","153,347,000","153,334,000",,"147,113,000","147,131,000","146,865,000",,"86,538,000","63,105,000","62,998,000",,"62,675,000","62,599,000","62,949,000",,"62,088,000","61,346,000","61,700,000",,"61,797,000","61,619,000","58,293,000",,"54,822,000","53,878,000","53,963,000",,"52,884,000","51,675,000","50,694,000",,"49,600,000","49,204,000","49,082,000",,"49,638,000","49,598,000","48,938,000",,"48,076,000","47,646,000","48,210,000",,"46,712,000","45,644,000","45,354,000",,"44,798,000","44,936,000","46,100,000",,"47,550,000","47,550,000","47,550,000"
NetIncomeFromContinuingAndDiscontinuedOperation,"905,639,000","237,652,000","217,796,000","225,449,000","224,742,000","204,994,000","164,084,000","159,537,000","99,352,000","144,824,000","188,215,000","171,416,000","150,380,000","164,024,000","173,018,000","171,302,000","172,349,000","187,032,000","84,898,000","132,660,000","118,330,000","169,736,000","110,734,000","110,143,000","103,284,000","107,516,000","91,805,000","94,097,000","98,748,000","100,027,000","92,998,000","88,756,000","83,988,000","76,741,000","75,782,000","73,157,000","74,015,000","72,091,000","71,900,000","71,110,000","70,557,000","68,083,000","66,206,000","62,432,000","60,525,000","56,071,000","56,349,000","46,951,000","36,348,000","24,916,000","259,730,000","-68,531,000","-86,725,000","-22,466,000","2,366,000","-31,206,000","-25,887,000","5,044,000","37,245,000","41,336,000","40,490,000","42,096,000","39,111,000","35,562,000","36,645,000","32,051,000","30,815,000","28,583,000","25,463,000","23,519,000","22,649,000","20,399,000","18,029,000","16,945,000","16,407,000","16,142,000","14,685,000","11,758,000","12,635,000","12,886,000","12,249,000","10,931,000","9,502,000","9,781,000","9,689,000","9,898,000","9,612,000","8,778,000","8,364,000","8,713,000","7,900,000","7,000,000","7,100,000","6,000,000","6,500,000","4,700,000","3,800,000","3,000,000"
NormalizedIncome,"905,639,000","237,652,000","217,796,000","225,449,000","224,742,000","204,994,000","164,084,000","159,537,000","107,086,026","144,824,000","188,158,350.617","171,376,112","150,380,000","164,024,000","172,105,891.258","168,457,928","171,374,250","158,285,052","82,920,400","128,988,550","117,548,500","116,162,792","110,734,000","110,143,000","103,284,000","107,516,000","91,805,000","104,428,240","103,253,000","100,027,000","92,998,000","88,756,000","83,857,140","76,741,000","75,646,680.492","72,489,704","73,864,064","72,091,000","69,068,522.181","71,082,962.748","70,531,992.729","68,145,528.104","67,746,806.762","62,412,826.534","59,153,656.377","56,371,496.004","63,605,480.445","47,518,036.436","27,167,861.886","22,751,561.225","-10,154,776.974","-52,769,150","-62,384,450","-22,340,949.208","8,224,450","3,270,907.518","-25,887,000","3,819,632.033","36,199,374.273","40,566,109.063","40,299,940.422","41,273,420.413","39,111,000","35,562,000","36,645,000","31,996,531.497","30,807,468.992","28,575,310.024","25,463,000","23,519,000","21,132,608.549","19,804,368.605","17,878,140.59","16,928,728.01","16,407,000","16,030,097.054","14,631,762.521","11,391,953.999","12,635,000","12,549,849.395","12,219,111.944","10,931,000","9,502,000","9,667,034.64","9,378,181.935","9,898,000","9,612,000","8,519,253.783","8,364,000","8,117,571.094","8,177,192.982","7,000,000","6,626,666.667","5,747,368.421","6,500,000","4,700,000","3,800,000","3,000,000"
InterestIncome,"1,669,377,000","432,029,000","422,708,000","415,307,000","399,333,000","381,386,000","381,348,000","365,728,000","398,776,000","449,190,000","467,233,000","476,912,000","474,844,000","463,311,000","457,334,000","422,185,000","400,311,000","371,873,000","359,765,000","339,910,000","322,775,000","302,669,000","302,127,000","280,317,000","278,865,000","276,172,000","270,477,000","264,632,000","255,445,000","263,261,000","287,135,000","285,948,000","294,442,000","286,173,000","293,203,000","281,706,000","255,353,000","238,423,000","279,181,000","253,316,000","265,481,000","253,117,000","268,074,000","281,956,000","273,635,000","253,393,000","291,320,000","230,583,000","252,656,000","317,924,000","283,270,000","147,006,000","145,788,000","144,417,000","149,907,000","159,862,000","167,905,000","187,184,000","201,448,000","198,768,000","187,214,000","186,177,000","186,188,000","177,312,000","159,248,000","137,302,000","126,587,000","106,287,000","93,769,000","84,756,000","76,763,000","66,815,000","56,347,000","52,145,000","48,191,000","45,427,000","43,873,000","41,052,000","40,450,000","43,605,000","42,056,000","40,102,000","42,391,000","44,391,000","46,546,000","49,370,000","48,430,000","47,289,000","46,120,000","44,241,000","39,500,000","37,800,000","36,000,000","34,700,000",,,,
InterestExpense,"75,888,000","16,416,000","17,011,000","19,601,000","22,860,000","27,691,000","34,767,000","41,598,000","55,001,000","86,483,000","99,014,000","107,105,000","107,518,000","100,850,000","87,918,000","73,465,000","58,632,000","45,180,000","40,064,000","36,755,000","32,684,000","30,547,000","29,425,000","26,169,000","25,281,000","23,968,000","23,536,000","24,343,000","27,953,000","27,544,000","27,647,000","28,974,000","27,992,000","28,207,000","28,195,000","27,456,000","27,709,000","29,132,000","31,577,000","32,254,000","33,205,000","35,132,000","39,830,000","44,959,000","47,132,000","45,501,000","45,633,000","48,595,000","49,910,000","56,979,000","64,140,000","52,044,000","58,073,000","65,242,000","73,053,000","73,347,000","75,729,000","87,565,000","94,840,000","94,914,000","88,285,000","87,574,000","88,815,000","81,895,000","67,604,000","54,254,000","45,236,000","34,705,000","28,809,000","22,534,000","17,512,000","13,980,000","11,343,000","10,062,000","8,381,000","7,966,000","8,892,000","9,993,000","11,585,000","12,387,000","12,463,000","12,544,000","15,840,000","19,571,000","22,086,000","25,851,000","25,856,000","24,711,000","23,769,000","22,257,000","19,800,000","19,200,000","18,700,000","18,500,000",,,,
NetInterestIncome,"1,593,489,000","415,613,000","405,697,000","395,706,000","376,473,000","353,695,000","346,581,000","324,130,000","343,775,000","362,707,000","368,219,000","369,807,000","367,326,000","362,461,000","369,416,000","348,720,000","341,679,000","326,693,000","319,701,000","303,155,000","290,091,000","272,122,000","272,702,000","254,148,000","253,584,000","252,204,000","246,941,000","240,289,000","227,492,000","235,717,000","259,488,000","256,974,000","266,450,000","257,966,000","265,008,000","254,250,000","227,644,000","209,291,000","247,604,000","221,062,000","232,276,000","217,985,000","228,244,000","236,997,000","226,503,000","207,892,000","245,687,000","181,988,000","202,746,000","260,945,000","219,130,000","94,962,000","87,715,000","79,175,000","76,854,000","86,515,000","92,176,000","99,619,000","106,608,000","103,854,000","98,929,000","98,603,000","97,373,000","95,417,000","91,644,000","83,048,000","81,351,000","71,582,000","64,960,000","62,222,000","59,251,000","52,835,000","45,004,000","42,083,000","39,810,000","37,461,000","34,981,000","31,059,000","28,865,000","31,218,000","29,593,000","27,558,000","26,551,000","24,820,000","24,460,000","23,519,000","22,574,000","22,578,000","22,351,000","21,984,000","19,700,000","18,600,000","17,300,000","16,200,000",,,,
ReconciledDepreciation,"145,857,000","26,555,000","40,421,000","45,969,000","32,912,000","37,490,000","23,819,000","27,163,000","37,740,000","31,186,000","40,958,000","31,107,000","32,615,000","39,498,000","43,722,000","33,448,000","32,471,000","29,858,000","26,814,000","43,842,000","46,105,000","33,061,000","64,035,000","43,369,000","26,579,000","28,613,000","27,773,000","22,009,000","13,379,000","17,422,000","26,495,000","50,995,000","28,243,000","21,892,000","31,262,000","23,122,000","22,877,000","23,908,000","23,558,000","19,267,000","20,252,000","19,459,000","18,637,000","18,115,000","15,279,000","15,429,000","9,440,000","14,590,000","17,486,000","16,077,000","65,054,000","5,275,000","5,765,000","5,807,000","5,342,000","2,651,000","3,967,000","6,136,000","3,954,000","1,485,000","5,635,000","2,795,000","-51,000","2,218,000","2,916,000","2,804,000","3,200,000","2,324,000","2,399,000","2,405,000","2,491,000","3,027,000","3,059,000","2,880,000","3,335,000","3,240,000","2,837,000","2,727,000","3,463,000","2,340,000","2,648,000","1,999,000","2,140,000","2,331,000","2,375,000","2,607,000","2,324,000","2,164,000","2,287,000","1,976,000","2,100,000","900,000","400,000","700,000",,,,
NetIncomeFromContinuingOperationNetMinorityInterest,"905,639,000","237,652,000","217,796,000","225,449,000","224,742,000","204,994,000","164,084,000","159,537,000","99,352,000","144,824,000","188,215,000","171,416,000","150,380,000","164,024,000","173,018,000","171,302,000","172,349,000","187,032,000","84,898,000","132,660,000","118,330,000","169,736,000","110,734,000","110,143,000","103,284,000","107,516,000","91,805,000","94,097,000","98,748,000","100,027,000","92,998,000","88,756,000","83,988,000","76,741,000","75,782,000","73,157,000","74,015,000","72,091,000","71,900,000","71,110,000","70,557,000","68,083,000","66,206,000","62,432,000","60,525,000","56,071,000","56,349,000","46,951,000","36,348,000","24,916,000","259,730,000","-68,531,000","-86,725,000","-22,466,000","2,366,000","-31,206,000","-25,887,000","5,044,000","37,245,000","41,336,000","40,490,000","42,096,000","39,111,000","35,562,000","36,645,000","32,051,000","30,815,000","28,583,000","25,463,000","23,519,000","22,649,000","20,399,000","18,029,000","16,945,000","16,407,000","16,142,000","14,685,000","11,758,000","12,635,000","12,886,000","12,249,000","10,931,000","9,502,000","9,781,000","9,689,000","9,898,000","9,612,000","8,778,000","8,364,000","8,713,000","7,900,000","7,000,000","7,100,000","6,000,000","6,500,000","4,700,000","3,800,000","3,000,000"
TotalUnusualItemsExcludingGoodwill,"0",,"0","0","0",,"0","0","-8,740,000",,"66,000","48,000","0","0","1,081,000","3,402,000","1,114,000","32,556,000","3,296,000","4,850,000","1,042,000","72,007,000","0","0","0",,"0","-15,193,000","-6,625,000",,,,"180,000","180,000","176,000","993,000","228,000","124,000","4,261,000","40,000","37,000","-99,000","-2,405,000","30,000","2,169,000","-464,000","-11,037,000","-888,000","14,834,000","3,296,000","425,234,000","-24,249,000","-37,447,000","-200,000","-9,013,000","-53,651,000",,"1,855,000","1,665,000","1,261,000","312,000","1,344,000",,,,"88,000","12,000","12,000",,,"2,395,000","927,000","232,000","25,000",,"172,000","81,000","559,000",,"494,000","41,000",,,"148,000","423,000",,,"374,000",,"905,000","-400,000",,"700,000","400,000",,,,
TotalUnusualItems,"0",,"0","0","0",,"0","0","-8,740,000",,"66,000","48,000","0","0","1,081,000","3,402,000","1,114,000","32,556,000","3,296,000","4,850,000","1,042,000","72,007,000","0","0","0",,"0","-15,193,000","-6,625,000",,,,"180,000","180,000","176,000","993,000","228,000","124,000","4,261,000","40,000","37,000","-99,000","-2,405,000","30,000","2,169,000","-464,000","-11,037,000","-888,000","14,834,000","3,296,000","425,234,000","-24,249,000","-37,447,000","-200,000","-9,013,000","-53,651,000",,"1,855,000","1,665,000","1,261,000","312,000","1,344,000",,,,"88,000","12,000","12,000",,,"2,395,000","927,000","232,000","25,000",,"172,000","81,000","559,000",,"494,000","41,000",,,"148,000","423,000",,,"374,000",,"905,000","-400,000",,"700,000","400,000",,,,
TaxRateForCalcs,"0.191","0.202","0.214","0.175","0.169","0.129","0.231","0.186","0.115","0.117","0.142","0.169","0.326","0.159","0.156","0.164","0.125","0.117","0.4","0.243","0.25","0.256","0.313","0.108","0.277","0.257","0.382","0.32","0.32","0.32","0.177","0.182","0.273","0.313","0.231","0.328","0.338","0.323","0.335","0.324","0.324","0.368","0.359","0.361","0.368","0.352","0.343","0.361","0.381","0.343","0.365","0.35","0.35","0.375","0.35","0.357","0.35","0.34","0.372","0.389","0.391","0.388","0.389","0.388","0.388","0.381","0.372","0.359","0.364","0.358","0.367","0.359","0.35","0.349","0.332","0.349","0.343","0.345","0.295","0.32","0.271","0.278","0.263","0.23","0.265","0.284","0.194","0.308","0.317","0.342","0.307","0.314","0.324","0.368","0.4","0.4","0.4","0.4"
TaxEffectOfUnusualItems,"0","0","0","0","0","0","0","0","-1,005,974","0","9,350.617","8,112","0","0","168,891.258","557,928","139,250","3,809,052","1,318,400","1,178,550","260,500","18,433,792","0","0","0","0","0","-4,861,760","-2,120,000","0","0","0","49,140","0","40,680.492","325,704","77,064","0","1,429,522.181","12,962.748","11,992.729","-36,471.896","-864,193.238","10,826.534","797,656.377","-163,503.996","-3,780,519.555","-320,963.564","5,653,861.886","1,131,561.225","155,349,223.026","-8,487,150","-13,106,450","-74,949.208","-3,154,550","-19,174,092.482","0","630,632.033","619,374.273","491,109.063","121,940.422","521,420.413","0","0","0","33,531.497","4,468.992","4,310.024","0","0","878,608.549","332,368.605","81,140.59","8,728.01","0","60,097.054","27,762.521","192,953.999","0","157,849.395","11,111.944","0","0","34,034.64","112,181.935","0","0","115,253.783","0","309,571.094","-122,807.018","0","226,666.667","147,368.421","0","0","0","0"