name,ttm,03/31/2022,12/31/2021,09/30/2021,06/30/2021,03/31/2021,12/31/2020,09/30/2020,06/30/2020,03/31/2020,12/31/2019,09/30/2019,06/30/2019,03/31/2019,12/31/2018,09/30/2018,06/30/2018,03/31/2018,12/31/2017,09/30/2017,06/30/2017,03/31/2017,12/31/2016,09/30/2016,06/30/2016,03/31/2016,12/31/2015,09/30/2015,06/30/2015,03/31/2015,12/31/2014,09/30/2014,06/30/2014,03/31/2014,12/31/2013,09/30/2013,06/30/2013,03/31/2013,12/31/2012,09/30/2012,06/30/2012,03/31/2012,12/31/2011,09/30/2011,06/30/2011,03/31/2011,12/31/2010,09/30/2010,06/30/2010,03/31/2010,12/31/2009,09/30/2009,06/30/2009,03/31/2009,12/31/2008,09/30/2008,06/30/2008,03/31/2008,12/31/2007,09/30/2007,06/30/2007,03/31/2007,12/31/2006,09/30/2006,06/30/2006,03/31/2006,12/31/2005,09/30/2005,06/30/2005,03/31/2005,12/31/2004,09/30/2004,06/30/2004,03/31/2004
TotalRevenue,"1,190,086,000","329,208,000","295,489,000","290,325,000","275,064,000","261,415,000","248,953,000","241,018,000","222,473,000","245,990,000","256,872,000","251,392,000","243,509,000","239,573,000","234,903,000","231,124,000","210,112,000","206,973,000","197,875,000","192,345,000","189,057,000","183,033,000","177,274,000","171,200,000","170,478,000","167,036,000","165,858,000","163,503,000","155,621,000","143,510,000","135,286,000","122,457,000","119,738,000","121,797,000","124,123,000","122,315,000","116,008,000","116,006,000","117,653,000","112,639,000","108,030,000","104,608,000","102,580,000","100,026,000","85,028,000","72,907,000","70,040,000","67,585,000","60,639,000","54,489,000","59,438,000","48,186,000","42,385,000","40,986,000","43,694,368","46,572,902","53,815,795","50,948,630","50,386,519","46,629,050","43,019,839","39,854,448","39,315,243","35,665,045","25,230,258","21,557,984","19,174,049","19,174,050","17,808,865","1,796,828","15,116,661","15,116,662","15,116,662","15,116,662"
	OperatingRevenue,"1,190,086,000","329,208,000","295,489,000","290,325,000","275,064,000","261,415,000","248,953,000","241,018,000","222,473,000","245,990,000","256,872,000","251,392,000","243,509,000","239,573,000","234,903,000","231,124,000","210,112,000","206,973,000","197,875,000","192,345,000","189,057,000","183,033,000","177,274,000","171,200,000","170,478,000","167,036,000","165,858,000","163,503,000","155,621,000","143,510,000","135,286,000","122,457,000","119,738,000","121,797,000","124,123,000","122,315,000","116,008,000","116,006,000","117,653,000","112,639,000","108,030,000","104,608,000","102,580,000","100,026,000","85,028,000","72,907,000","70,040,000","67,585,000","60,639,000","54,489,000","59,438,000","48,186,000","42,385,000","40,986,000","43,694,368","46,572,902","53,815,795","50,948,630","50,386,519","46,629,050","43,019,839","39,854,448","39,315,243","35,665,045","25,230,258","21,557,984","19,174,049","19,174,050","17,808,865","1,796,828","15,116,661","15,116,662","15,116,662","15,116,662"
CostOfRevenue,"739,629,000","207,516,000","183,669,000","177,743,000","170,701,000","158,821,000","150,792,000","152,087,000","158,401,000","162,656,000","168,262,000","167,542,000","162,446,000","157,240,000","154,948,000","152,157,000","139,649,000","138,101,000","125,128,000","124,890,000","125,449,000","120,119,000","115,784,000","111,767,000","112,026,000","108,379,000","106,116,000","103,198,000","100,478,000","93,125,000","91,371,000","84,983,000","81,259,000","74,922,000","72,050,000","72,049,000","73,930,000","72,913,000","70,509,000","68,650,000","66,045,000","66,672,000","62,016,000","61,755,000","51,998,000","44,219,000","41,769,000","40,584,000","37,447,000","31,485,000","30,403,000","28,803,000","25,827,000","24,356,000","25,533,753","28,046,252","33,911,941","32,364,827","30,586,915","29,852,667","28,798,645","24,481,968","22,459,219","21,490,479","15,941,695",,,,,,,,,
GrossProfit,"450,457,000","121,692,000","111,820,000","112,582,000","104,363,000","102,594,000","98,161,000","88,931,000","64,072,000","83,334,000","88,610,000","83,850,000","81,063,000","82,333,000","79,955,000","78,967,000","70,463,000","68,872,000","72,747,000","67,455,000","63,608,000","62,914,000","61,490,000","59,433,000","58,452,000","58,657,000","59,742,000","60,305,000","55,143,000","50,385,000","43,915,000","37,474,000","38,479,000","46,875,000","52,073,000","50,266,000","42,078,000","43,093,000","47,144,000","43,989,000","41,985,000","37,936,000","40,564,000","38,271,000","33,030,000","28,688,000","28,271,000","27,001,000","23,192,000","23,004,000","29,035,000","19,383,000","16,558,000","16,630,000","18,160,615","18,526,650","19,903,854","18,583,803","19,799,604","16,776,383","14,221,194","15,372,480","16,856,024","14,174,566","9,288,563",,,,,,,,,
OperatingExpense,"292,156,000","77,717,000","75,762,000","70,144,000","68,533,000","61,039,000","59,898,000","54,525,000","54,206,000","55,847,000","63,921,000","60,939,000","61,627,000","64,245,000","61,992,000","59,293,000","53,373,000","53,722,000","51,208,000","48,800,000","47,479,000","47,012,000","47,315,000","42,074,000","42,216,000","42,205,000","41,864,000","39,556,000","39,895,000","36,917,000","36,850,000","32,083,000","32,382,000","31,388,000","29,098,000","30,753,000","29,251,000","31,312,000","31,606,000","27,119,000","27,592,000","27,505,000","27,822,000","26,611,000","23,622,000","21,180,000","20,479,000","20,018,000","17,920,000","16,528,000","16,891,000","14,204,000","13,763,000","12,347,000","12,752,471","13,262,125","14,643,434","13,542,438","14,796,571","12,107,863","11,597,103","10,439,979","10,410,407","10,052,812","6,194,503",,,,,,,,,
	SellingGeneralAndAdministration,"241,523,000","64,115,000","63,346,000","57,839,000","56,223,000","48,938,000","46,716,000","42,100,000","41,801,000","43,397,000","51,406,000","47,892,000","48,875,000","50,578,000","48,611,000","45,194,000","42,791,000","43,218,000","41,430,000","39,092,000","37,842,000","37,586,000","37,735,000","33,477,000","33,946,000","34,072,000","33,570,000","31,499,000","31,834,000","29,864,000","28,871,000","25,069,000","25,703,000","25,032,000","23,024,000","24,784,000","22,889,000","24,800,000","24,715,000","20,786,000","21,552,000","21,146,000","21,233,000","20,168,000","18,512,000","16,328,000","15,792,000","15,800,000","14,063,000","13,455,000","13,623,000","11,286,000","10,974,000","9,917,000","9,897,792","10,430,043","11,510,276","10,839,399","12,070,221","9,547,387","8,833,068","7,999,077","7,725,621","7,437,883","4,319,260",,,,,,,,,
		GeneralAndAdministrativeExpense,"151,282,000","39,945,000","38,671,000","36,167,000","36,499,000","30,703,000","29,390,000","26,810,000","28,750,000","28,941,000","33,560,000","29,590,000","31,228,000","32,531,000","30,592,000","28,704,000","27,640,000","29,266,000","26,758,000","26,870,000","24,715,000","24,224,000","25,028,000","21,854,000","21,148,000","20,618,000","19,865,000","18,817,000","19,990,000","18,621,000","18,389,000","15,952,000","16,240,000","14,800,000","14,532,000","15,791,000","13,753,000","15,045,000","16,210,000","13,777,000","13,858,000","13,347,000","14,545,000","13,253,000","12,391,000","10,471,000","11,040,000","10,469,000","9,464,000","9,305,000","9,713,000","7,770,000","7,634,000","6,733,000",,,,,,,,,,,,,,,,,,,,
			OtherGandA,"151,282,000","39,945,000","38,671,000","36,167,000","36,499,000","30,703,000","29,390,000","26,810,000","28,750,000","28,941,000","33,560,000","29,590,000","31,228,000","32,531,000","30,592,000","28,704,000","27,640,000","29,266,000","26,758,000","26,870,000","24,715,000","24,224,000","25,028,000","21,854,000","21,148,000","20,618,000","19,865,000","18,817,000","19,990,000","18,621,000","18,389,000","15,952,000","16,240,000","14,800,000","14,532,000","15,791,000","13,753,000","15,045,000","16,210,000","13,777,000","13,858,000","13,347,000","14,545,000","13,253,000","12,391,000","10,471,000","11,040,000","10,469,000","9,464,000","9,305,000","9,713,000","7,770,000","7,634,000","6,733,000",,,,,,,,,,,,,,,,,,,,
		SellingAndMarketingExpense,"90,241,000","24,170,000","24,675,000","21,672,000","19,724,000","18,235,000","17,326,000","15,290,000","13,051,000","14,456,000","17,846,000","18,302,000","17,647,000","18,047,000","18,019,000","16,490,000","15,151,000","13,952,000","14,672,000","12,222,000","13,127,000","13,362,000","12,707,000","11,623,000","12,798,000","13,454,000","13,705,000","12,682,000","11,844,000","11,243,000","10,482,000","9,117,000","9,463,000","10,232,000","8,492,000","8,993,000","9,136,000","9,755,000","8,505,000","7,009,000","7,694,000","7,799,000","6,688,000","6,915,000","6,121,000","5,857,000","4,752,000","5,331,000","4,599,000","4,150,000","3,910,000","3,516,000","3,340,000","3,184,000",,,,,,,,,,,,,,,,,,,,
	DepreciationAmortizationDepletionIncomeStatement,"50,633,000","13,602,000","12,416,000","12,305,000","12,310,000","12,101,000","13,182,000","12,425,000","12,405,000","12,450,000","12,515,000","13,047,000","12,752,000","13,667,000","13,381,000","14,099,000","10,582,000","10,504,000","9,778,000","9,708,000","9,637,000","9,426,000","9,580,000","8,597,000","8,270,000","8,133,000","8,294,000","8,057,000","8,061,000","7,053,000","7,979,000","7,014,000","6,679,000","6,356,000","6,074,000","5,969,000","6,362,000","6,512,000","6,891,000","6,333,000","6,040,000","6,359,000","6,589,000","6,443,000","5,110,000","4,852,000","4,687,000","4,218,000","3,857,000","3,073,000","3,268,000","2,918,000","2,789,000","2,430,000","2,854,679","2,832,082","3,133,158","2,703,039","2,726,350","2,560,476","2,764,035","2,440,902","2,684,786","2,614,929","1,875,243",,,,,,,,,
		DepreciationAndAmortizationInIncomeStatement,"50,633,000","13,602,000","12,416,000","12,305,000","12,310,000","12,101,000","13,182,000","12,425,000","12,405,000","12,450,000","12,515,000","13,047,000","12,752,000","13,667,000","13,381,000","14,099,000","10,582,000","10,504,000","9,778,000","9,708,000","9,637,000","9,426,000","9,580,000","8,597,000","8,270,000","8,133,000","8,294,000","8,057,000","8,061,000","7,053,000","7,979,000","7,014,000","6,679,000","6,356,000","6,074,000","5,969,000","6,362,000","6,512,000","6,891,000","6,333,000","6,040,000","6,359,000","6,589,000","6,443,000","5,110,000","4,852,000","4,687,000","4,218,000","3,857,000","3,073,000","3,268,000","2,918,000","2,789,000","2,430,000","2,854,679","2,832,082","3,133,158","2,703,039","2,726,350","2,560,476","2,764,035","2,440,902","2,684,786","2,614,929","1,875,243",,,,,,,,,
			DepreciationIncomeStatement,,,,,"8,913,000","8,700,000",,"9,000,000",,,,,,,,,,,,,,,,,,,,,,,,,,,,,,,,,,,,,,,,,,,,,,,,,,,,,,,,,,,,,,,,,,
			Amortization,,,,,"3,397,000","3,400,000",,"3,400,000",,,,,,,,,,,,,,,,,,,,,,,,,,,,,,,,,,,,,,,,,,,,,,,,,,,,,,,,,,,,,,,,,,
				AmortizationOfIntangiblesIncomeStatement,,,,,"3,397,000","3,400,000",,"3,400,000",,,,,,,,,,,,,,,,,,,,,,,,,,,,,,,,,,,,,,,,,,,,,,,,,,,,,,,,,,,,,,,,,,
OperatingIncome,"158,301,000","43,975,000","36,058,000","42,438,000","35,830,000","41,555,000","38,263,000","34,406,000","9,866,000","27,487,000","24,689,000","22,911,000","19,436,000","18,088,000","17,963,000","19,674,000","17,090,000","15,150,000","21,539,000","18,655,000","16,129,000","15,902,000","14,175,000","17,359,000","16,236,000","16,452,000","17,878,000","20,749,000","15,248,000","13,468,000","7,065,000","5,391,000","6,097,000","15,487,000","22,975,000","19,513,000","12,827,000","11,781,000","15,538,000","16,870,000","14,393,000","10,431,000","12,742,000","11,660,000","9,408,000","7,508,000","7,792,000","6,983,000","5,272,000","6,476,000","12,144,000","5,179,000","2,795,000","4,283,000","5,408,144","5,264,525","5,260,420","5,041,365","5,003,033","4,668,520","2,624,091","4,932,501","6,445,617","4,121,754","3,094,060","21,557,984","-49,197,708","19,174,050","17,808,865","1,796,828","-40,049,880","15,116,662","15,116,662","15,116,662"
NetNonOperatingInterestIncomeExpense,"-2,469,000","494,000","-83,000","-1,049,000","-1,831,000","-1,872,000","-1,953,000","-1,851,000","-2,883,000","-2,540,000","-2,569,000","-2,691,000","-3,167,000","-2,786,000","-2,795,000","-1,952,000","-377,000","-230,000","-202,000","-160,000","-142,000","240,000","-6,046,000","2,621,000","1,918,000","1,837,000","1,454,000","1,745,000","1,150,000","1,119,000","742,000","1,044,000","858,000","958,000","786,000","465,000","593,000","1,027,000","676,000","507,000","367,000","447,000","613,000","374,000","645,000","325,000","373,000","262,000","314,000","418,000","167,000","269,000","276,000","311,000",,,,,,,,,,,,,,,,,,,,
	InterestIncomeNonOperating,"3,494,000","1,370,000","674,000","761,000","689,000","602,000","654,000","777,000",,"532,000","417,000","489,000","697,000","796,000","713,000","523,000","329,000","308,000","308,000","322,000","323,000","672,000","-5,726,000","2,916,000","2,261,000","2,222,000","1,809,000","2,085,000","1,510,000","1,402,000","742,000","1,044,000","858,000","958,000","786,000","465,000","593,000","1,027,000","676,000",,,,,,,,,,,"418,000",,,,"311,000",,,,,,,,,,,,,,,,,,,,
	InterestExpenseNonOperating,"5,963,000","876,000","757,000","1,810,000","2,520,000","2,474,000","2,607,000","2,628,000","2,883,000","3,072,000","2,986,000","3,180,000","3,864,000","3,582,000","3,508,000","2,475,000","706,000","538,000","510,000","482,000","465,000","432,000","320,000","295,000","343,000","385,000","355,000","340,000","360,000","283,000",,,,,,,,,,,,,,,,,,,,,,,,,,,,,,,,,,,,,,,,,,,,
	TotalOtherFinanceCost,,,,,,,,,,,,,,,,,,,,,,,,,,,,,,,"-743,000",,,"-958,000","-786,000","-465,000",,,,"-507,000","-367,000","-447,000","-613,000","-374,000","-645,000","-325,000","-373,000","-262,000","-314,000","-418,000",,"-269,000","-276,000",,,,,,,,,,,,,,,,,,,,,
OtherIncomeExpense,"-2,930,000","2,797,000","2,108,000","-10,714,000","2,879,000","1,242,000","3,152,000","2,424,000","5,584,000","3,374,000","1,908,000","4,594,000","-993,000","3,660,000","-14,639,000","3,328,000","3,317,000","3,841,000","-1,748,000","5,401,000","5,214,000","4,206,000","10,961,000","1,716,000","5,229,000","1,426,000","332,000","233,000","1,207,000","1,193,000","323,000","642,000","-137,000","-833,000","-1,864,000","-2,508,000","-569,000","-49,000","-142,000","-1,345,000","-2,080,000","1,058,000","-572,000","495,000","1,803,000","1,648,000","1,747,000","943,000","903,000","606,000","-915,000","-1,995,000","-1,710,000","-1,309,000","-3,428,797","-6,636,434","-143,581","1,816,808","2,541,292","2,267,805","2,294,904","570,107","400,094","11,681","-1,100,715",,,,,,,,,
	GainOnSaleOfSecurity,"10,659,000","2,992,000","2,255,000","2,404,000","3,008,000","1,537,000","3,370,000","2,681,000","1,359,000","3,433,000","3,186,000","4,225,000","4,520,000","4,786,000","4,336,000","3,565,000","3,108,000","3,748,000","-2,439,000","5,357,000","5,336,000","3,351,000","10,111,000","1,741,000","1,363,000","469,000","397,000","191,000","1,022,000","1,134,000","323,000","642,000","-137,000","-833,000","-1,864,000","-2,508,000","-569,000","-49,000","-142,000","-1,345,000","-2,080,000","1,058,000",,"495,000","1,803,000","1,648,000",,,,,,,,,,,,,,,,,,,,,,,,,,,,
	SpecialIncomeCharges,,,,,,,"0","0","0","0","-1,375,000","-489,000","-5,600,000","-1,227,000","-20,056,000",,,,"0","0","0","0","0","-25,000","3,810,000","250,000","1,389,000","42,000","185,000","59,000",,,,,,,,,,,,,,,,,"1,747,000","943,000","903,000","606,000","-915,000","-1,995,000","-1,710,000","-1,309,000","-3,428,797","-6,636,434","-143,581","1,816,808","2,541,292","2,267,805","2,294,904","570,107","400,094","11,681","-1,100,715",,,,,,,,,
		RestructuringAndMergernAcquisition,,,,,,,,,,,,,"3,700,000",,,,,,"0","0","0","0","0",,"-3,810,000","-250,000",,,,,,,,,,,,,,,,,,,,,,,,,,,,,,,,,,,,,,,,,,,,,,,,
		ImpairmentOfCapitalAssets,,,,,,,"0","0","0","0","1,375,000","489,000","1,900,000","1,227,000","20,056,000",,,,,,,,,,,,,,,,,,,,,,,,,,,,,,,,,,,,,,,,,,,,,,,,,,,,,,,,,,,
		OtherSpecialCharges,,,,,,,,,,,,,,,,,,,,,,,"0",,"-3,810,000","-250,000",,,,"-59,000",,,,,,,,,,,,,,,,,,,,,,,,,,,,,,,,,,,,,,,,,,,,
	OtherNonOperatingIncomeExpenses,"-13,589,000","-195,000","-147,000","-13,118,000","-129,000","-295,000","-218,000","-257,000","4,225,000","-59,000","97,000","858,000","87,000","101,000","1,081,000","-237,000","209,000","93,000","691,000","44,000","-122,000","855,000","850,000","-25,000","56,000","707,000","-65,000","42,000","185,000","59,000",,,,,,,,,,,,,,,,,,,,,,,,,,,,,,,,,,,,,,,,,,,,
PretaxIncome,"152,902,000","47,266,000","38,083,000","30,675,000","36,878,000","40,925,000","39,462,000","34,979,000","12,567,000","28,321,000","24,028,000","24,814,000","15,296,000","18,962,000","529,000","21,050,000","20,030,000","18,761,000","19,589,000","23,896,000","21,201,000","20,348,000","19,090,000","21,696,000","23,383,000","19,715,000","19,664,000","22,727,000","17,605,000","15,780,000","8,130,000","7,077,000","6,818,000","15,612,000","21,897,000","17,470,000","12,851,000","12,759,000","16,072,000","16,032,000","12,680,000","11,936,000","12,783,000","12,529,000","11,856,000","9,481,000","9,912,000","8,188,000","6,489,000","7,500,000","11,396,000","3,453,000","1,361,000","3,285,000","3,094,030","-214,977","5,720,654","7,404,351","8,779,964","7,951,680","5,928,218","6,492,889","7,741,930","4,169,070","2,255,356",,,,,,,,,
TaxProvision,"34,094,000","11,202,000","9,831,000","4,196,000","8,865,000","8,958,000","7,210,000","8,490,000","4,072,000","5,855,000","2,601,000","5,701,000","2,670,000","4,200,000","-3,399,000","5,739,000","5,510,000","-4,453,000","28,944,000","2,819,000","823,000","3,560,000","3,602,000","5,646,000","7,008,000","5,895,000","4,902,000","7,565,000","5,531,000","6,213,000","670,000","1,002,000","-944,000","4,465,000","6,038,000","4,230,000","3,615,000","2,997,000","3,909,000","4,329,000","3,626,000","3,020,000","3,229,000","4,138,000","3,381,000","1,120,000","1,616,000","384,000","1,620,000","1,877,000","3,872,000","-541,000","109,000","263,000","-356,243","-589,309","456,582","604,539","-995,508","1,712,240","308,170","1,084,263","1,703,730","-152,084","670,196",,,,,,,,,
EarningsFromEquityInterestNetOfTax,"197,000","114,000","47,000","28,000","8,000","-36,000","-34,000","-71,000","-66,000","-55,000","-71,000","-69,000","-62,000","-67,000","-71,000","-62,000","-58,000","-56,000",,,,,,,,,,,,,,,,,,,,,,,,,,,,,,,,,,,,,,,,,,,,,,,,,,,,,,,,
NetIncomeCommonStockholders,"119,005,000","36,178,000","28,299,000","26,507,000","28,021,000","31,931,000","32,218,000","26,418,000","8,429,000","22,411,000","21,356,000","19,044,000","12,564,000","14,695,000","3,857,000","15,249,000","14,462,000","23,158,000","-9,355,000","21,077,000","20,378,000","16,788,000","15,488,000","16,050,000","16,375,000","13,820,000","14,762,000","15,162,000","12,074,000","9,567,000","7,460,000","6,075,000","7,762,000","11,147,000","15,859,000","13,240,000","9,236,000","9,762,000","12,163,000","11,703,000","9,054,000","8,916,000","9,554,000","8,391,000","8,475,000","8,361,000","8,296,000","7,804,000","4,869,000","5,623,000","7,524,000","3,994,000","1,252,000","2,883,000","3,419,045","-1,075,260","5,264,072","6,799,812","9,775,472","6,239,440","5,620,048","5,408,626","5,944,044","4,140,360","1,411,509","1,944,554","2,064,668","2,064,668","1,557,360","1,123,414","1,345,074","1,345,074","1,345,074","1,345,074"
	NetIncome,"119,005,000","36,178,000","28,299,000","26,507,000","28,021,000","31,931,000","32,218,000","26,418,000","8,429,000","22,411,000","21,356,000","19,044,000","12,564,000","14,695,000","3,857,000","15,249,000","14,462,000","23,158,000","-9,355,000","21,077,000","20,378,000","16,788,000","15,488,000","16,050,000","16,375,000","13,820,000","14,762,000","15,162,000","12,074,000","9,567,000","7,460,000","6,075,000","7,762,000","11,147,000","15,859,000","13,240,000","9,236,000","9,762,000","12,163,000","11,703,000","9,054,000","8,916,000","9,554,000","8,391,000","8,475,000","8,361,000","8,296,000","7,804,000","4,869,000","5,623,000","7,524,000","3,994,000","1,252,000","2,883,000","3,419,045","-1,075,260","5,264,072","6,799,812","9,775,472","6,239,440","5,620,048","5,408,626","6,038,200","4,321,154","1,585,160","2,113,282","2,189,387","2,189,387","1,557,360","1,123,414","1,345,074","1,345,074","1,345,074","1,345,074"
		NetIncomeIncludingNoncontrollingInterests,"119,005,000","36,178,000","28,299,000","26,507,000","28,021,000","31,931,000","32,218,000","26,418,000","8,429,000","22,411,000","21,356,000","19,044,000","12,564,000","14,695,000","3,857,000","15,249,000","14,462,000","23,158,000","-9,355,000","21,077,000","20,378,000","16,788,000","15,488,000","16,050,000","16,375,000","13,820,000","14,762,000","15,162,000","12,074,000","9,567,000","7,460,000","6,075,000","7,762,000","11,147,000","15,859,000","13,240,000","9,236,000","9,762,000","12,163,000","11,703,000","9,054,000","8,916,000","9,554,000","8,391,000","8,475,000","8,361,000","8,296,000","7,804,000","4,869,000","5,623,000","7,524,000","3,994,000","1,252,000","2,883,000","3,419,045","-1,075,260","5,264,072","6,799,812","9,775,472","6,239,440","5,620,048","5,408,626","6,038,200","4,321,154","1,585,160","2,113,282","2,189,387","2,189,387","1,557,360","1,123,414","1,345,074","1,345,074","1,345,074","1,345,074"
			NetIncomeContinuousOperations,"119,005,000","36,178,000","28,299,000","26,507,000","28,021,000","31,931,000","32,218,000","26,418,000","8,429,000","22,411,000","21,356,000","19,044,000","12,564,000","14,695,000","3,857,000","15,249,000","14,462,000","23,158,000","-9,355,000","21,077,000","20,378,000","16,788,000","15,488,000","16,050,000","16,375,000","13,820,000","14,762,000","15,162,000","12,074,000","9,567,000","7,460,000","6,075,000","7,762,000","11,147,000","15,859,000","13,240,000","9,236,000","9,762,000","12,163,000","11,703,000","9,054,000","8,916,000","9,554,000","8,391,000","8,475,000","8,361,000","8,227,000","7,804,000","4,869,000","5,623,000","7,524,000","3,994,000","1,252,000","3,022,000","3,450,273","374,332","5,264,072","6,799,812","9,775,472","6,239,440","5,620,048","5,408,626","6,038,200","4,321,154","1,585,160","2,113,282","2,189,387","2,189,387","1,557,360","1,123,414","1,345,074","1,345,074","1,345,074","1,345,074"
			NetIncomeDiscontinuousOperations,,,,,,,,,,,,,,,,,,,,,,,,,,,,,,,,,,,,,,,,,,,,,,,"0","0","0","0","0","0","0","-139,000","-31,228","-1,449,592",,,,,,,,,,,,,,,,,,
	PreferredStockDividends,,,,,,,,,,,,,,,,,,,,,,,,,,,,,,,,,,,,,,,,,,,,,,,,,,,,,,,,,,,,,,,"94,156","180,794","173,651","168,728","124,719","124,719",,,,,,
DilutedNIAvailtoComStockholders,"119,005,000","36,178,000","28,299,000","26,507,000","28,021,000","31,931,000","32,218,000","26,418,000","8,429,000","22,411,000","21,356,000","19,044,000","12,564,000","14,695,000","3,857,000","15,249,000","14,462,000","23,158,000","-9,355,000","21,077,000","20,378,000","16,788,000","15,488,000","16,050,000","16,375,000","13,820,000","14,762,000","15,162,000","12,074,000","9,567,000","7,460,000","6,075,000","7,762,000","11,147,000","15,859,000","13,240,000","9,236,000","9,762,000","12,163,000","11,703,000","9,054,000","8,916,000","9,554,000","8,391,000","8,475,000","8,361,000","8,296,000","7,804,000","4,869,000","5,623,000","7,524,000","3,994,000","1,252,000","2,883,000","3,419,045","-1,075,260","5,264,072","6,799,812","9,775,472","6,239,440","5,620,048","5,408,626","5,944,044","4,140,360","1,411,509","1,944,554","2,064,668","2,064,668","1,557,360","1,123,414","1,345,074","1,345,074","1,345,074","1,345,074"
BasicEPS,,"1.08","0.85","0.79","0.83","0.95","0.95","0.77","0.24","0.65","0.62","0.55","0.36","0.43","0.11","0.44","0.42","0.67","-0.27","0.62","0.6","0.5","0.46","0.48","0.49","0.41","0.44","0.46","0.36","0.29","0.23","0.18","0.24","0.34","0.48","0.4","0.28","0.3","0.38","0.36","0.28","0.28",,"0.28","0.28","0.28",,"0.27","0.17","0.19",,"0.14","0.04","0.1",,"-0.04","0.18","0.24",,"0.22","0.2","0.19",,"0.19","0.13","0.19",,"0.195","0.15","0.1",,"0.13","0.13","0.13"
DilutedEPS,,"1.07","0.83","0.77","0.81","0.93","0.94","0.76","0.24","0.65","0.62","0.55","0.36","0.42","0.11","0.43","0.41","0.66","-0.27","0.6","0.58","0.48","0.45","0.46","0.47","0.4","0.43","0.44","0.35","0.28","0.22","0.18","0.23","0.33","0.47","0.39","0.27","0.29","0.36","0.35","0.27","0.27",,"0.27","0.27","0.27",,"0.26","0.16","0.19",,"0.14","0.04","0.1",,"-0.04","0.18","0.23",,"0.21","0.19","0.19",,"0.19","0.13","0.18",,"0.19","0.15","0.1",,"0.128","0.128","0.128"
BasicAverageShares,,"33,442,038","33,446,852","33,449,311","33,571,074","33,734,118","33,882,013","34,327,477","34,486,202","34,401,565","34,253,308","34,322,449","34,451,671","34,374,815","34,388,025","34,458,520","34,511,777","34,446,265","34,086,711","33,838,374","33,819,320","33,845,560","33,638,170","33,624,401","33,621,444","33,380,028","33,231,716","33,307,312","33,417,079","33,236,259","32,986,276","32,890,475","32,812,155","32,523,490","32,788,489","32,907,281","32,778,800","32,521,481","32,297,414","32,154,001","31,970,881","31,445,592",,"30,293,114","29,859,811","29,620,218",,"29,302,862","29,231,812","29,128,741",,"28,930,344","28,906,052","28,843,190",,"28,846,137","28,799,510","28,757,077",,"28,644,120","28,495,781","28,141,321",,"21,603,812","10,612,084","10,612,084",,"10,587,274","10,587,274","10,587,274",,"10,259,166","10,259,166","10,259,166"
DilutedAverageShares,,"33,894,868","33,968,189","34,305,893","34,389,768","34,318,318","34,370,023","34,536,049","34,597,688","34,720,603","34,696,896","34,699,497","34,702,547","34,833,435","34,921,388","35,207,991","35,142,388","35,302,926","34,086,711","35,043,987","34,993,226","35,108,882","34,714,308","34,675,485","34,510,400","34,351,657","34,272,731","34,180,635","34,207,973","34,051,971","33,761,462","33,676,665","33,673,669","33,428,544","33,792,757","33,955,445","33,899,097","33,719,794","33,514,446","33,283,854","33,096,607","32,783,855",,"31,586,936","31,043,426","30,911,066",,"30,385,308","30,201,092","30,157,956",,"29,368,390","29,159,547","29,079,675",,"29,127,304","29,351,038","29,292,838",,"29,115,603","29,210,372","29,084,264",,"21,997,319","10,703,917","10,703,917",,"10,795,514","10,795,514","10,795,514",,"10,508,626","10,508,626","10,259,166"
TotalOperatingIncomeAsReported,"158,301,000","43,975,000","36,058,000","42,438,000","35,830,000","41,555,000","38,263,000","34,406,000","9,866,000","27,487,000","23,314,000","22,422,000","13,856,000","16,861,000","-2,093,000","19,674,000","17,090,000","15,150,000","21,539,000","18,655,000","16,129,000","15,902,000","14,175,000","17,359,000","16,236,000","16,452,000","17,878,000","20,749,000","15,248,000","13,468,000","7,065,000","5,391,000","6,097,000","15,487,000","22,975,000","19,513,000","12,827,000","11,781,000","15,538,000","16,870,000","14,393,000","10,431,000","12,742,000","11,660,000","9,408,000","7,508,000",,"6,983,000","5,272,000","6,476,000","12,144,000","5,179,000","2,795,000","4,283,000","5,408,144","5,264,525","5,260,420","5,041,365","5,003,033","4,668,520","2,624,091","4,932,501","6,445,617","4,121,754","3,094,060",,,,,,,,,
TotalExpenses,"1,031,785,000","285,233,000","259,431,000","247,887,000","239,234,000","219,860,000","210,690,000","206,612,000","212,607,000","218,503,000","232,183,000","228,481,000","224,073,000","221,485,000","216,940,000","211,450,000","193,022,000","191,823,000","176,336,000","173,690,000","172,928,000","167,131,000","163,099,000","153,841,000","154,242,000","150,584,000","147,980,000","142,754,000","140,373,000","130,042,000","128,221,000","117,066,000","113,641,000","106,310,000","101,148,000","102,802,000","103,181,000","104,225,000","102,115,000","95,769,000","93,637,000","94,177,000","89,838,000","88,366,000","75,620,000","65,399,000","62,248,000","60,602,000","55,367,000","48,013,000","47,294,000","43,007,000","39,590,000","36,703,000","38,286,224","41,308,377","48,555,375","45,907,265","45,383,486","41,960,530","40,395,748","34,921,947","32,869,626","31,543,291","22,136,198",,,,,,,,,
NetIncomeFromContinuingAndDiscontinuedOperation,"119,005,000","36,178,000","28,299,000","26,507,000","28,021,000","31,931,000","32,218,000","26,418,000","8,429,000","22,411,000","21,356,000","19,044,000","12,564,000","14,695,000","3,857,000","15,249,000","14,462,000","23,158,000","-9,355,000","21,077,000","20,378,000","16,788,000","15,488,000","16,050,000","16,375,000","13,820,000","14,762,000","15,162,000","12,074,000","9,567,000","7,460,000","6,075,000","7,762,000","11,147,000","15,859,000","13,240,000","9,236,000","9,762,000","12,163,000","11,703,000","9,054,000","8,916,000","9,554,000","8,391,000","8,475,000","8,361,000","8,296,000","7,804,000","4,869,000","5,623,000","7,524,000","3,994,000","1,252,000","2,883,000","3,419,045","-1,075,260","5,264,072","6,799,812","9,775,472","6,239,440","5,620,048","5,408,626","6,038,200","4,321,154","1,585,160","2,113,282","2,189,387","2,189,387","1,557,360","1,123,414","1,345,074","1,345,074","1,345,074","1,345,074"
NormalizedIncome,"110,722,737.688","33,895,104","26,626,120.763","24,432,348","25,734,920","30,730,603","29,463,723.988","24,388,483","7,510,316","19,688,631","19,741,038.414","16,167,280","13,455,000","11,922,539","15,332,600","12,657,245","12,208,700","20,298,276","-7,891,600","16,352,126","15,250,104","14,023,425","7,284,795.809","14,761,660","12,753,900","13,315,981","14,463,967.352","15,034,603","11,372,908","8,879,796","7,163,618.696","5,524,164","7,880,094","11,741,762","17,209,010.321","15,141,064","9,645,111","9,799,485","12,270,463.041","12,684,819.798","10,539,198.738","8,125,691.019","9,981,512.165","8,059,485.514","7,186,165.233","6,907,679.886","6,833,821.63","6,905,224.719","4,191,436.893","5,168,661.6","8,128,111.969","5,290,750","2,825,049.229","4,226,200.304","5,678,991.05","4,688,014.1","5,396,193.384","5,131,339.93","8,123,632.2","4,459,962.804","3,444,441.328","4,933,722.526","5,726,152.798","4,314,145.4","2,358,789.258","2,113,282","2,189,387","2,189,387","1,557,360","1,123,414","1,345,074","1,345,074","1,345,074","1,345,074"
InterestIncome,"3,494,000","1,370,000","674,000","761,000","689,000","602,000","654,000","777,000",,"532,000","417,000","489,000","697,000","796,000","713,000","523,000","329,000","308,000","308,000","322,000","323,000","672,000","-5,726,000","2,916,000","2,261,000","2,222,000","1,809,000","2,085,000","1,510,000","1,402,000","742,000","1,044,000","858,000","958,000","786,000","465,000","593,000","1,027,000","676,000",,,,,,,,,,,"418,000",,,,"311,000","1,127,061","1,173,444","611,446","580,478","1,251,292","1,028,192","1,018,782",,"996,846","310,945","363,759",,,,,,,,,
InterestExpense,"5,963,000","876,000","757,000","1,810,000","2,520,000","2,474,000","2,607,000","2,628,000","2,883,000","3,072,000","2,986,000","3,180,000","3,864,000","3,582,000","3,508,000","2,475,000","706,000","538,000","510,000","482,000","465,000","432,000","320,000","295,000","343,000","385,000","355,000","340,000","360,000","283,000",,,,,,,,,,,,,,,,,,,,,,,,,,,,,,,,,,,,,,,,,,,,
NetInterestIncome,"-2,469,000","494,000","-83,000","-1,049,000","-1,831,000","-1,872,000","-1,953,000","-1,851,000","-2,883,000","-2,540,000","-2,569,000","-2,691,000","-3,167,000","-2,786,000","-2,795,000","-1,952,000","-377,000","-230,000","-202,000","-160,000","-142,000","240,000","-6,046,000","2,621,000","1,918,000","1,837,000","1,454,000","1,745,000","1,150,000","1,119,000","742,000","1,044,000","858,000","958,000","786,000","465,000","593,000","1,027,000","676,000","507,000","367,000","447,000","613,000","374,000","645,000","325,000","373,000","262,000","314,000","418,000","167,000","269,000","276,000","311,000","1,114,683","1,156,932","603,815","546,178","1,235,639","1,015,355","1,009,223",,"896,219","35,635","262,011",,,,,,,,,
EBIT,"158,865,000","48,142,000","38,840,000","32,485,000","39,398,000","43,399,000","42,069,000","37,607,000","15,450,000","31,393,000","27,014,000","27,994,000","19,160,000","22,544,000","4,037,000","23,525,000","20,736,000","19,299,000","20,099,000","24,378,000","21,666,000","20,780,000","19,410,000","21,991,000","23,726,000","20,100,000","20,019,000","23,067,000","17,965,000","16,063,000","7,065,000","5,391,000","6,097,000","15,487,000","22,975,000","19,513,000","12,827,000","11,781,000","15,538,000","16,870,000","14,393,000","10,431,000","12,742,000","11,660,000","9,408,000","7,508,000","7,792,000","6,983,000","5,272,000","6,476,000","12,144,000","5,179,000","2,795,000","4,283,000","5,408,144","5,264,525","5,260,420","5,041,365","5,003,033","4,668,520","2,624,091","4,932,501","6,445,617","4,121,754","3,094,060","21,557,984","-49,197,708","19,174,050","17,808,865","1,796,828","-40,049,880","15,116,662","15,116,662","15,116,662"
EBITDA,"235,532,000"
ReconciledCostOfRevenue,"713,595,000","201,406,000","177,274,000","171,243,000","163,672,000","151,895,000","144,048,000","145,288,000","151,622,000","155,781,000","161,426,000","160,645,000","148,689,000","157,183,000","154,955,000","152,190,000","139,607,000","137,950,000","124,693,000","124,890,000","125,449,000","120,119,000","115,784,000","111,767,000","112,026,000","108,379,000","106,116,000","103,198,000","100,478,000","93,125,000","91,371,000","84,983,000","81,259,000","74,922,000","72,050,000","72,049,000","73,930,000","72,913,000","70,509,000","68,650,000","66,045,000","66,672,000","62,016,000","61,755,000","51,998,000","44,219,000","41,769,000","40,584,000","37,447,000","31,485,000","30,403,000","28,803,000","25,827,000","24,356,000","24,681,646","26,862,022","32,025,353","31,376,499","29,642,245","28,409,661","27,707,858","23,653,759","21,697,566","20,596,117","15,941,695",,,,,,,,,
ReconciledDepreciation,"76,667,000","19,712,000","18,811,000","18,805,000","19,339,000","19,027,000","19,926,000","19,224,000","19,184,000","19,325,000","19,351,000","19,944,000","26,509,000","13,724,000","13,374,000","14,066,000","10,624,000","10,655,000","10,213,000","9,708,000","9,637,000","9,426,000","9,580,000","8,597,000","8,270,000","8,133,000","8,294,000","8,057,000","8,061,000","7,053,000","7,979,000","7,014,000","6,679,000","6,356,000","6,074,000","5,969,000","6,362,000","6,512,000","6,891,000","6,333,000","6,040,000","6,359,000","6,589,000","6,443,000","5,110,000","4,852,000","4,687,000","4,218,000","3,857,000","3,073,000","3,268,000","2,918,000","2,789,000","2,430,000","3,706,786","4,016,312","5,019,746","3,691,367","3,671,020","4,003,482","3,854,822","3,269,111","3,446,439","3,509,291","1,875,243",,,,,,,,,
NetIncomeFromContinuingOperationNetMinorityInterest,"119,005,000","36,178,000","28,299,000","26,507,000","28,021,000","31,931,000","32,218,000","26,418,000","8,429,000","22,411,000","21,356,000","19,044,000","12,564,000","14,695,000","3,857,000","15,249,000","14,462,000","23,158,000","-9,355,000","21,077,000","20,378,000","16,788,000","15,488,000","16,050,000","16,375,000","13,820,000","14,762,000","15,162,000","12,074,000","9,567,000","7,460,000","6,075,000","7,762,000","11,147,000","15,859,000","13,240,000","9,236,000","9,762,000","12,163,000","11,703,000","9,054,000","8,916,000","9,554,000","8,391,000","8,475,000","8,361,000","8,296,000","7,804,000","4,869,000","5,623,000","7,524,000","3,994,000","1,252,000","3,022,000","3,450,273","374,332","5,264,072","6,799,812","9,775,472","6,239,440","5,620,048","5,408,626","6,038,200","4,321,154","1,585,160","2,113,282","2,189,387","2,189,387","1,557,360","1,123,414","1,345,074","1,345,074","1,345,074","1,345,074"
TotalUnusualItemsExcludingGoodwill,"10,659,000","2,992,000","2,255,000","2,404,000","3,008,000","1,537,000","3,370,000","2,681,000","1,359,000","3,433,000","1,811,000","3,736,000","-1,080,000","3,559,000","-15,720,000","3,565,000","3,108,000","3,748,000","-2,439,000","5,357,000","5,336,000","3,351,000","10,111,000","1,741,000","5,173,000","719,000","397,000","191,000","1,022,000","1,134,000","323,000","642,000","-137,000","-833,000","-1,864,000","-2,508,000","-569,000","-49,000","-142,000","-1,345,000","-2,080,000","1,058,000","-572,000","495,000","1,803,000","1,648,000","1,747,000","943,000","903,000","606,000","-915,000","-1,995,000","-1,710,000","-1,309,000","-3,428,797","-6,636,434","-143,581","1,816,808","2,541,292","2,267,805","2,294,904","570,107","400,094","11,681","-1,100,715",,,,,,,,,
TotalUnusualItems,"10,659,000","2,992,000","2,255,000","2,404,000","3,008,000","1,537,000","3,370,000","2,681,000","1,359,000","3,433,000","1,811,000","3,736,000","-1,080,000","3,559,000","-15,720,000","3,565,000","3,108,000","3,748,000","-2,439,000","5,357,000","5,336,000","3,351,000","10,111,000","1,741,000","5,173,000","719,000","397,000","191,000","1,022,000","1,134,000","323,000","642,000","-137,000","-833,000","-1,864,000","-2,508,000","-569,000","-49,000","-142,000","-1,345,000","-2,080,000","1,058,000","-572,000","495,000","1,803,000","1,648,000","1,747,000","943,000","903,000","606,000","-915,000","-1,995,000","-1,710,000","-1,309,000","-3,428,797","-6,636,434","-143,581","1,816,808","2,541,292","2,267,805","2,294,904","570,107","400,094","11,681","-1,100,715",,,,,,,,,
NormalizedEBITDA,"224,873,000","64,862,000","55,396,000","48,886,000","55,729,000","60,889,000","58,625,000","54,150,000","33,275,000","47,285,000","44,554,000","44,202,000","46,749,000","32,709,000","33,138,000","34,059,000","28,252,000","26,206,000","32,751,000","28,729,000","25,967,000","26,855,000","18,879,000","28,847,000","26,823,000","27,514,000","27,916,000","30,933,000","25,004,000","21,982,000","14,721,000","11,763,000","12,913,000","22,676,000","30,913,000","27,990,000","19,758,000","18,342,000","22,571,000","24,548,000","22,513,000","15,732,000","19,903,000","17,608,000","12,715,000","10,712,000","10,732,000","10,258,000","8,226,000","8,943,000","16,327,000","10,092,000","7,294,000","8,022,000","12,543,727","15,917,271","10,423,747","6,915,924","6,132,761","6,404,197","4,184,009","7,631,505","9,491,962","7,619,364","6,070,018","21,557,984","-49,197,708","19,174,050","17,808,865","1,796,828","-40,049,880","15,116,662","15,116,662","15,116,662"
TaxRateForCalcs,"0.223","0.237","0.258","0.137","0.24","0.219","0.183","0.243","0.324","0.207","0.108","0.23","0.175","0.221","0.27","0.273","0.275","0.237","0.4","0.118","0.039","0.175","0.189","0.26","0.3","0.299","0.249","0.333","0.314","0.394","0.082","0.142","0.138","0.286","0.276","0.242","0.281","0.235","0.243","0.27","0.286","0.253","0.253","0.33","0.285","0.118","0.163","0.047","0.25","0.25","0.34","0.35","0.08","0.08","0.35","0.35","0.08","0.082","0.35","0.215","0.052","0.167","0.22","0.4","0.297","0.4","0.4","0.4","0.4","0.4","0.4","0.4","0.4","0.4"
TaxEffectOfUnusualItems,"2,376,737.688","709,104","582,120.763","329,348","721,920","336,603","615,723.988","651,483","440,316","710,631","196,038.414","859,280","-189,000","786,539","-4,244,400","973,245","854,700","888,276","-975,600","632,126","208,104","586,425","1,907,795.809","452,660","1,551,900","214,981","98,967.352","63,603","320,908","446,796","26,618.696","91,164","-18,906","-238,238","-513,989.679","-606,936","-159,889","-11,515","-34,536.959","-363,180.202","-594,801.262","267,691.019","-144,487.835","163,485.514","514,165.233","194,679.886","284,821.63","44,224.719","225,436.893","151,661.6","-310,888.031","-698,250","-136,950.771","-104,799.696","-1,200,078.95","-2,322,751.9","-11,459.616","148,335.93","889,452.2","488,327.804","119,297.328","95,203.526","88,046.798","4,672.4","-327,085.742","0","0","0","0","0","0","0","0","0"