name,ttm,03/31/2022,12/31/2021,09/30/2021,06/30/2021,03/31/2021,12/31/2020,09/30/2020,06/30/2020,03/31/2020,12/31/2019,09/30/2019,06/30/2019,03/31/2019,12/31/2018,09/30/2018,06/30/2018,03/31/2018,12/31/2017,09/30/2017,06/30/2017,03/31/2017,12/31/2016,09/30/2016,06/30/2016,03/31/2016,12/31/2015,09/30/2015,06/30/2015,03/31/2015,12/31/2014,09/30/2014,06/30/2014,03/31/2014,12/31/2013,09/30/2013,06/30/2013,03/31/2013,12/31/2012,09/30/2012,06/30/2012,03/31/2012,12/31/2011,09/30/2011,06/30/2011,03/31/2011,12/31/2010,09/30/2010,06/30/2010,03/31/2010,12/31/2009,09/30/2009,06/30/2009,03/31/2009,12/31/2008,09/30/2008,06/30/2008,03/31/2008,12/31/2007,09/30/2007,06/30/2007,03/31/2007,12/31/2006,09/30/2006,06/30/2006,03/31/2006,12/31/2005,09/30/2005,06/30/2005,03/31/2005,12/31/2004,09/30/2004,06/30/2004,03/31/2004,12/31/2003,09/30/2003,06/30/2003,03/31/2003,12/31/2002,09/30/2002,06/30/2002,03/31/2002,12/31/2001,09/30/2001,06/30/2001,03/31/2001,12/31/2000,09/30/2000,06/30/2000,03/31/2000,12/31/1999,09/30/1999,06/30/1999,03/31/1999,12/31/1998,09/30/1998,06/30/1998,03/31/1998,12/31/1997,09/30/1997,06/30/1997,03/31/1997,12/31/1996,09/30/1996,06/30/1996,03/31/1996,12/31/1995,09/30/1995,06/30/1995,03/31/1995,12/31/1994,09/30/1994,06/30/1994,03/31/1994,11/30/1993,08/31/1993,05/31/1993,02/28/1993,11/30/1992,08/31/1992,05/31/1992,02/29/1992,11/30/1991,08/31/1991,05/31/1991,02/28/1991,11/30/1990,08/31/1990,05/31/1990,02/28/1990,11/30/1989,08/31/1989
TotalRevenue,"478,266,000","128,478,000","113,506,000","116,405,000","119,877,000","116,481,000","103,239,000","98,663,000","92,045,000","105,953,000","110,114,000","101,548,000","106,506,000","99,031,000","92,143,000","95,302,000","95,621,000","96,457,000","88,282,000","87,555,000","87,840,000","84,122,000","77,013,000","77,612,000","77,295,000","83,156,000","73,681,000","78,994,000","79,864,000","80,293,000","73,611,000","78,557,000","76,574,000","75,962,000","72,772,000","75,231,000","75,505,000","72,660,000","72,946,000","73,298,000","74,484,000","71,925,000","67,916,000","65,951,000","65,106,000","73,473,000","62,602,000","66,306,000","60,439,000","59,406,000","51,979,000","55,245,000","60,862,000","59,796,000","58,892,000","58,730,000","54,956,000","56,260,000","56,734,000","48,904,000","50,637,000","48,873,000","41,482,000","43,333,000","41,654,000","42,027,000","38,958,000","37,192,000","39,850,000","39,196,000","35,059,000","38,041,000","39,643,000","38,766,000","34,282,000","35,657,000","34,922,000","34,815,000","40,463,000","28,467,000","28,894,000","28,231,000","24,864,000","26,446,000","25,326,000","27,861,000","24,379,000","25,474,000","25,619,000","26,126,000","21,971,000","24,100,000","23,400,000","24,700,000","21,600,000","20,900,000","20,600,000","22,400,000","19,300,000","20,200,000","18,700,000","17,900,000","13,700,000","14,100,000","15,800,000","14,900,000","12,800,000","14,500,000","16,000,000","15,200,000","14,300,000","14,400,000","14,200,000","15,000,000","15,300,000","16,300,000","16,900,000","16,000,000","15,900,000","16,500,000","16,600,000","17,000,000","19,500,000","17,200,000","17,600,000","16,900,000","18,300,000","16,800,000","17,200,000","14,200,000","14,400,000","14,000,000"
	OperatingRevenue,"443,141,000","117,870,000","104,336,000","108,467,000","112,468,000","109,579,000","97,330,000","93,499,000","87,863,000","99,720,000","102,220,000","95,506,000","100,263,000","93,401,000","85,269,000","88,714,000","89,972,000","90,684,000","82,718,000","82,359,000","84,120,000","80,467,000","72,753,000","74,160,000","73,334,000","78,950,000","69,789,000","74,503,000","75,272,000","76,141,000","69,647,000","74,264,000","72,331,000","72,967,000","69,036,000","70,096,000","71,919,000","68,992,000","46,855,000","73,298,000","74,484,000","71,925,000","67,916,000","65,951,000","65,106,000","73,473,000","62,602,000","66,306,000","60,439,000","59,406,000","51,979,000","55,245,000","60,862,000","59,796,000","58,892,000","58,730,000","54,956,000","56,260,000","56,734,000","48,904,000","50,637,000","48,873,000","41,482,000","43,333,000","41,654,000","42,027,000","38,958,000","37,192,000","39,850,000","39,196,000","35,059,000","38,041,000","39,643,000","38,766,000","34,282,000","35,657,000","34,922,000","34,815,000","40,463,000","28,467,000","28,894,000","28,231,000","24,864,000","26,446,000","25,326,000","27,861,000","24,379,000","25,474,000","25,619,000","26,126,000","21,971,000","24,100,000","23,400,000","24,700,000","21,600,000","20,900,000","20,600,000","22,400,000","19,300,000","20,200,000","18,700,000","17,900,000","13,700,000","14,100,000","15,800,000","14,900,000","12,800,000","14,500,000","16,000,000","15,200,000","14,300,000","14,400,000","14,200,000","15,000,000","15,300,000","16,300,000","16,900,000","16,000,000","15,900,000","16,500,000","16,600,000","17,000,000","19,500,000","17,200,000","17,600,000","16,900,000","18,300,000","16,800,000","17,200,000","14,200,000","14,400,000","14,000,000"
CostOfRevenue,,,,,,,,,"4,182,000","6,233,000","7,894,000","6,042,000","6,243,000","5,630,000","6,874,000","6,588,000","5,649,000","5,773,000","5,564,000","5,196,000","3,720,000","3,655,000","4,260,000","3,452,000","3,961,000","4,206,000","3,892,000","4,491,000","4,592,000","4,152,000","3,964,000","4,293,000","4,243,000","2,995,000","3,736,000","5,135,000","3,586,000","3,668,000","-122,724,000","49,162,000","48,023,000","51,630,000","46,986,000","40,615,000","43,041,000","51,990,000","44,019,000","46,360,000","39,371,000","41,985,000","37,027,000","39,150,000","43,387,000","42,711,000","40,937,000","40,076,000","42,940,000","37,748,000","-58,075,000","33,256,000","35,028,000","33,462,000","8,745,000","8,154,000","7,568,000","7,173,000","9,039,000","7,207,000","7,776,000","6,931,000","7,894,000","7,561,000","8,455,000","7,682,000","7,811,000","8,180,000","7,636,000","8,003,000","4,703,000","4,560,000","4,321,000","4,033,000","4,128,000","4,517,000","4,647,000","4,070,000","3,389,000","3,131,000","3,046,000","2,906,000","-42,337,000","18,000,000","18,100,000","18,900,000","17,400,000","16,800,000","16,900,000","16,800,000","15,200,000","15,300,000","14,100,000","14,200,000","11,700,000","10,400,000","11,100,000","10,700,000","10,300,000","10,100,000","11,400,000","11,000,000","11,000,000","10,500,000","10,600,000","11,000,000","11,900,000","11,700,000","10,700,000","10,400,000","10,500,000","2,900,000","11,100,000","11,200,000","12,500,000","12,000,000","10,900,000","11,300,000","12,000,000","10,800,000",,,,
GrossProfit,,,,,,,,,"87,863,000","99,720,000","102,220,000","95,506,000","100,263,000","93,401,000","85,269,000","88,714,000","89,972,000","90,684,000","82,718,000","82,359,000","84,120,000","80,467,000","72,753,000","74,160,000","73,334,000","78,950,000","69,789,000","74,503,000","75,272,000","76,141,000","69,647,000","74,264,000","72,331,000","72,967,000","69,036,000","70,096,000","71,919,000","68,992,000","195,670,000","24,136,000","26,461,000","20,295,000","20,930,000","25,336,000","22,065,000","21,483,000","18,583,000","19,946,000","21,068,000","17,421,000","14,952,000","16,095,000","17,475,000","17,085,000","17,955,000","18,654,000","12,016,000","18,512,000","114,809,000","15,648,000","15,609,000","15,411,000","32,737,000","35,179,000","34,086,000","34,854,000","29,919,000","29,985,000","32,074,000","32,265,000","27,165,000","30,480,000","31,188,000","31,084,000","26,471,000","27,477,000","27,286,000","26,812,000","35,760,000","23,907,000","24,573,000","24,198,000","20,736,000","21,929,000","20,679,000","23,791,000","20,990,000","22,343,000","22,573,000","23,220,000","64,308,000","6,100,000","5,300,000","5,800,000","4,200,000","4,100,000","3,700,000","5,600,000","4,100,000","4,900,000","4,600,000","3,700,000","2,000,000","3,700,000","4,700,000","4,200,000","2,500,000","4,400,000","4,600,000","4,200,000","3,300,000","3,900,000","3,600,000","4,000,000","3,400,000","4,600,000","6,200,000","5,600,000","5,400,000","13,600,000","5,500,000","5,800,000","7,000,000","5,200,000","6,700,000","5,600,000","6,300,000","6,000,000",,,,
OperatingExpense,"356,680,000","91,761,000","90,128,000","84,286,000","90,505,000","92,423,000","85,505,000","78,256,000","82,925,000","69,965,000","88,764,000","78,364,000","81,683,000","83,277,000","65,357,000","74,708,000","73,143,000","74,859,000","70,487,000","68,250,000","67,523,000","69,488,000","62,064,000","62,017,000","62,364,000","66,720,000","59,402,000","58,073,000","61,159,000","65,265,000","59,478,000","59,319,000","60,490,000","61,868,000","60,430,000","60,071,000","57,912,000","61,809,000","208,046,000","9,408,000","9,100,000","8,479,000","9,737,000","8,812,000","8,688,000","9,117,000","9,194,000","8,376,000","8,293,000","7,914,000","8,190,000","7,710,000","8,536,000","7,909,000","9,825,000","8,966,000","3,207,000","8,417,000","106,847,000","8,185,000","8,549,000","7,952,000","28,869,000","29,576,000","28,758,000","29,464,000","26,488,000","25,362,000","25,803,000","26,210,000","24,239,000","25,368,000","25,709,000","25,277,000","22,787,000","22,856,000","22,778,000","22,723,000","33,048,000","20,219,000","20,955,000","20,296,000","18,908,000","19,309,000","19,223,000","20,078,000","19,369,000","19,437,000","19,727,000","19,931,000","63,025,000","3,500,000","3,500,000","3,400,000","3,900,000","3,400,000","2,900,000","3,200,000","3,000,000","3,000,000","2,700,000","2,100,000","3,700,000","3,000,000","3,300,000","3,300,000","3,000,000","3,400,000","3,400,000","3,300,000","3,100,000","3,300,000","3,400,000","3,700,000","4,500,000","4,300,000","5,800,000","3,800,000","3,800,000","12,000,000","3,600,000","4,000,000","4,200,000","3,700,000","4,300,000","2,800,000","3,100,000","2,400,000",,,,
	SellingGeneralAndAdministration,"288,506,000","72,988,000","72,212,000","68,331,000","74,975,000","77,811,000","71,098,000","65,253,000","71,062,000","55,516,000","71,756,000","63,977,000","67,345,000","69,639,000","50,741,000","60,294,000","59,928,000","61,621,000","57,345,000","55,554,000","56,528,000","58,642,000","50,628,000","51,545,000","51,185,000","55,531,000","48,514,000","46,816,000","49,864,000","54,603,000","48,711,000","48,311,000","49,797,000","52,556,000","50,189,000","48,496,000","48,119,000","51,994,000","175,803,000","3,500,000","3,148,000","2,917,000","3,843,000","2,954,000","2,984,000","3,335,000","3,753,000","3,011,000","2,905,000","2,695,000","2,767,000","2,379,000","3,227,000","2,632,000","-12,789,000","8,966,000","3,207,000","8,417,000","106,847,000","8,185,000","8,549,000","7,952,000","28,869,000","29,576,000","28,758,000","29,464,000","26,488,000","25,362,000","25,803,000","26,210,000","24,239,000","25,368,000","25,709,000","25,277,000","22,787,000","22,856,000","22,778,000","22,723,000","33,048,000","20,219,000","20,955,000","20,296,000","18,908,000","19,309,000","19,223,000","20,078,000","18,225,000","18,337,000","18,634,000","18,834,000","61,909,000","2,400,000","2,400,000","2,300,000","2,700,000","2,200,000","1,800,000","2,200,000","2,100,000","2,000,000","1,500,000","1,600,000","2,800,000","2,100,000","2,400,000","2,400,000","2,100,000","2,500,000","2,600,000","2,400,000","2,300,000","2,300,000","2,400,000","2,700,000","3,300,000","3,100,000","4,600,000","2,600,000","2,600,000","10,800,000","2,500,000","2,900,000","3,000,000","2,600,000","3,300,000","1,900,000","2,100,000","1,500,000",,,,
		GeneralAndAdministrativeExpense,"288,506,000","72,988,000","72,212,000","68,331,000","74,975,000","77,811,000","71,098,000","65,253,000","71,062,000","55,516,000","71,756,000","63,977,000","67,345,000","69,639,000","50,741,000","60,294,000","59,928,000","61,621,000","57,345,000","55,554,000","56,528,000","58,642,000","50,628,000","51,545,000","51,185,000","55,531,000","48,514,000","46,816,000","49,864,000","54,603,000","48,711,000","48,311,000","49,797,000","52,556,000","50,189,000","48,496,000","48,119,000","51,994,000","45,182,000","46,089,000","45,005,000",,,"39,005,000","41,492,000",,,,,"44,680,000",,"41,529,000","46,614,000",,,,,,,,,,,,,,,,,,,,,,,,,,,,,,,,,,,,,,,,,,,,,,,,,,,,,,,,,,,,,,,,,,,,,,,,,,,,,,,
			SalariesAndWages,"272,266,000","68,757,000","67,556,000","64,138,000","71,815,000","74,538,000","69,500,000","62,419,000","68,137,000","49,985,000","66,581,000","58,526,000","61,997,000","65,093,000","46,376,000","55,639,000","55,458,000","57,579,000","52,842,000","51,493,000","51,536,000","54,418,000","46,543,000","47,797,000","47,040,000","52,017,000","44,757,000","42,853,000","45,777,000","51,115,000","44,678,000","43,948,000","46,049,000","48,858,000","46,289,000","44,801,000","44,432,000","48,562,000","41,188,000","42,589,000","41,857,000",,,"36,051,000","38,508,000",,,,,"41,985,000",,"39,150,000","43,387,000",,,,,,,,,,,,,,,,,,,,,,,,,,,,,,,,,,,,,,,,,,,,,,,,,,,,,,,,,,,,,,,,,,,,,,,,,,,,,,,
			OtherGandA,"16,240,000","4,231,000","4,656,000","4,193,000","3,160,000","3,273,000","1,598,000","2,834,000","2,925,000","5,531,000","5,175,000","5,451,000","5,348,000","4,546,000","4,365,000","4,655,000","4,470,000","4,042,000","4,503,000","4,061,000","4,992,000","4,224,000","4,085,000","3,748,000","4,145,000","3,514,000","3,757,000","3,963,000","4,087,000","3,488,000","4,033,000","4,363,000","3,748,000","3,698,000","3,900,000","3,695,000","3,687,000","3,432,000","3,994,000","3,500,000","3,148,000",,,"2,954,000","2,984,000",,,,,"2,695,000",,"2,379,000","3,227,000",,,,,,,,,,,,,,,,,,,,,,,,,,,,,,,,,,,,,,,,,,,,,,,,,,,,,,,,,,,,,,,,,,,,,,,,,,,,,,,
	DepreciationAmortizationDepletionIncomeStatement,,,,,,,,,,,,,,,,,,,,,,,,,,,,,,,,,,,,,,,,,,,,,,,,,,,,,,,,,,,,,,,,,,,,,,,,,,,,,,,,,,,,,,,"1,144,000","1,100,000","1,093,000","1,097,000","1,116,000","1,100,000","1,100,000","1,100,000","1,200,000","1,200,000","1,100,000","1,000,000","900,000","1,000,000","1,200,000","500,000","900,000","900,000","900,000","900,000","900,000","900,000","800,000","900,000","800,000","1,000,000","1,000,000","1,000,000","1,200,000","1,200,000","1,200,000","1,200,000","1,200,000","1,200,000","1,100,000","1,100,000","1,200,000","1,100,000","1,000,000","900,000","1,000,000","900,000",,,,
		DepreciationAndAmortizationInIncomeStatement,,,,,,,,,,,,,,,,,,,,,,,,,,,,,,,,,,,,,,,,,,,,,,,,,,,,,,,,,,,,,,,,,,,,,,,,,,,,,,,,,,,,,,,"1,144,000","1,100,000","1,093,000","1,097,000","1,116,000","1,100,000","1,100,000","1,100,000","1,200,000","1,200,000","1,100,000","1,000,000","900,000","1,000,000","1,200,000","500,000","900,000","900,000","900,000","900,000","900,000","900,000","800,000","900,000","800,000","1,000,000","1,000,000","1,000,000","1,200,000","1,200,000","1,200,000","1,200,000","1,200,000","1,200,000","1,100,000","1,100,000","1,200,000","1,100,000","1,000,000","900,000","1,000,000","900,000",,,,
	OtherOperatingExpenses,"68,174,000","18,773,000","17,916,000","15,955,000","15,530,000","14,612,000","14,407,000","13,003,000","11,863,000","14,449,000","17,008,000","14,387,000","14,338,000","13,638,000","14,616,000","14,414,000","13,215,000","13,238,000","13,142,000","12,696,000","10,995,000","10,846,000","11,436,000","10,472,000","11,179,000","11,189,000","10,888,000","11,257,000","11,295,000","10,662,000","10,767,000","11,008,000","10,693,000","9,312,000","10,241,000","11,575,000","9,793,000","9,815,000","32,243,000","5,908,000","5,952,000","5,562,000","5,894,000","5,858,000","5,704,000","5,782,000","5,441,000","5,365,000","5,388,000","5,219,000","5,423,000","5,331,000","5,309,000","5,277,000",,,,,,,,,,,,,,,,,,,,,,,,,,,,,,,,,,,,,,,,,,,,,,,,,,,,,,,,,,,,,,,,,,,,,,,,,,,,,,
OperatingIncome,"121,586,000","36,717,000","23,378,000","32,119,000","29,372,000","24,058,000","17,734,000","20,407,000","9,120,000","35,988,000","21,350,000","23,184,000","24,823,000","15,754,000","26,786,000","20,594,000","22,478,000","21,598,000","17,795,000","19,305,000","20,317,000","14,634,000","14,949,000","15,595,000","14,931,000","16,436,000","14,279,000","20,921,000","18,705,000","15,028,000","14,133,000","19,238,000","16,084,000","14,094,000","12,342,000","15,160,000","17,593,000","10,851,000","13,715,000","14,728,000","17,361,000","11,816,000","11,193,000","16,524,000","13,377,000","12,366,000","9,389,000","11,570,000","12,775,000","9,507,000","6,762,000","8,385,000","8,939,000","9,176,000","8,130,000","9,688,000","8,809,000","10,095,000","7,962,000","7,463,000","7,060,000","7,459,000","3,868,000","5,603,000","5,328,000","5,390,000","3,431,000","4,623,000","6,271,000","6,055,000","2,926,000","5,112,000","5,479,000","5,807,000","3,684,000","4,621,000","4,508,000","4,089,000","2,712,000","3,688,000","3,618,000","3,902,000","1,828,000","2,620,000","1,456,000","3,713,000","1,621,000","2,906,000","2,846,000","3,289,000","1,283,000","2,600,000","1,800,000","2,400,000","300,000","700,000","800,000","2,400,000","1,100,000","1,900,000","1,900,000","1,600,000","-1,700,000","700,000","1,400,000","900,000","-500,000","1,000,000","1,200,000","900,000","200,000","600,000","200,000","300,000","-1,100,000","300,000","400,000","1,800,000","1,600,000","1,600,000","1,900,000","1,800,000","2,800,000","1,500,000","2,400,000","2,800,000","3,200,000","3,600,000","-32,600,000","14,200,000","14,400,000","14,000,000"
NetNonOperatingInterestIncomeExpense,"58,000","21,000","12,000","13,000","12,000","29,000","209,000","316,000","305,000","875,000","1,018,000","915,000","924,000","1,055,000","938,000","740,000","543,000","530,000","422,000","372,000","266,000","234,000","194,000","179,000","171,000","139,000","92,000","47,000","34,000","34,000","33,000","33,000","40,000","44,000","32,000","14,000","36,000","45,000","83,000","80,000","88,000","77,000","95,000","79,000","41,000","21,000","33,000","36,000","66,000","63,000","87,000","93,000","200,000","234,000",,,,,,,,,,,,,,,,,,,,,,,,,,,,,,,,,,,,,,,,,,,,,,,,,,,,,,,,,,,,,,,,,,,,,,,,,,,,,,
	InterestIncomeNonOperating,"58,000","21,000","12,000","13,000","12,000","29,000","209,000","316,000","305,000","875,000","1,018,000","915,000","924,000","1,055,000","938,000","740,000","543,000","530,000","422,000","372,000","266,000","234,000","194,000","179,000","171,000","139,000","92,000","47,000","34,000","34,000","33,000","33,000","40,000","44,000","32,000","14,000","36,000","45,000","83,000","80,000","88,000","77,000","96,000","79,000","41,000","21,000",,,,,,"93,000","200,000","234,000",,,,,,,,,,,,,,,,,,,,,,,,,,,,,,,,,,,,,,,,,,,,,,,,,,,,,,,,,,,,,,,,,,,,,,,,,,,,,,
	TotalOtherFinanceCost,,,,,,,,,,,"-1,018,000","-915,000","-924,000","-1,055,000","-938,000","-740,000","-543,000","-530,000","-422,000","-372,000","-266,000","-234,000","-194,000","-179,000","-171,000","-139,000","-92,000","-47,000","-34,000","-34,000","-33,000","-33,000","-40,000","-44,000","-32,000","-14,000","-36,000","-45,000","-83,000",,,,,,"-41,000","-21,000","-33,000","-36,000","-66,000","-63,000","-87,000","-93,000","-200,000",,,,,,,,,,,,,,,,,,,,,,,,,,,,,,,,,,,,,,,,,,,,,,,,,,,,,,,,,,,,,,,,,,,,,,,,,,,,,,,
OtherIncomeExpense,"6,874,000","-3,931,000","5,265,000","257,000","5,283,000","6,039,000","8,886,000","3,915,000","11,989,000","-12,808,000","4,438,000","1,112,000","3,104,000","6,513,000","-5,765,000","2,655,000","1,898,000","322,000","2,504,000","2,353,000","1,765,000","2,542,000","1,648,000","2,146,000","1,575,000","1,159,000","1,626,000","-2,195,000","553,000","2,009,000","1,661,000","-896,000","2,274,000","1,227,000","2,280,000","2,341,000","642,000","2,609,000","640,000","1,522,000","-201,000","1,840,000","1,792,000","-2,203,000","542,000","992,000","1,272,000","1,597,000","-560,000","960,000","880,000","1,209,000","898,000","158,000","-182,000","-43,000","355,000","-65,000","224,000","433,000","808,000","395,000","583,000","378,000","123,000","378,000","336,000","351,000","232,000","114,000","231,000","156,000","150,000","71,000","-38,000","218,000","209,000","271,000","392,000","20,000","98,000","112,000","156,000","175,000","212,000","482,000","688,000","451,000","528,000","369,000","848,000","200,000","500,000","400,000","1,000,000","200,000","400,000","300,000","600,000","500,000","200,000","400,000",,,"100,000","200,000",,,,,,,,"-200,000","-200,000","-300,000","900,000","-300,000","-300,000","-200,000","700,000","-100,000",,"-200,000",,"-200,000","-200,000","-700,000",,,,
	SpecialIncomeCharges,,,,,,,,,,,,,,,,,,,,,,,,,,,,,,,,,,,,,,,,"1,522,000","-201,000","1,840,000","1,722,000","-2,203,000","542,000","992,000","1,272,000","1,597,000","-560,000","960,000","880,000","1,209,000","898,000","158,000","-182,000","-43,000","355,000","-65,000","224,000","433,000","808,000","395,000","583,000","378,000","123,000","378,000","336,000","351,000","232,000","114,000","231,000","156,000","150,000","71,000","-38,000","218,000","209,000","271,000","392,000","20,000","98,000","112,000","156,000","175,000","212,000","482,000","688,000","451,000","528,000","369,000","848,000","200,000","500,000","400,000","1,000,000","200,000","400,000","300,000","600,000","500,000","200,000","400,000",,,"100,000","200,000",,,,,,,,"-200,000","-200,000","-300,000","900,000","-300,000","-300,000","-200,000","700,000","-100,000",,"-200,000",,"-200,000","-200,000","-700,000",,,,
	OtherNonOperatingIncomeExpenses,"-7,339,000","-3,931,000","-8,948,000","257,000","5,283,000","6,039,000","266,000","3,915,000","11,989,000","-12,808,000","-7,556,000","1,112,000","3,104,000","6,513,000","-2,032,000","2,655,000","1,898,000","322,000","-4,024,000","2,353,000","1,765,000","2,542,000","-2,437,000","2,146,000","1,575,000","1,159,000","1,696,000","-2,195,000","553,000","2,009,000","-571,000","-896,000","2,274,000","1,227,000","-3,675,000","2,341,000","642,000","2,609,000","640,000","1,522,000","-201,000","1,840,000",,,,,,,,,,,,,,,,,,,,,,,,,,,,,,,,,,,,,,,,,,,,,,,,,,,,,,,,,,,,,,,,,,,,,,,,,,,,,,,,,,,,,,,,,,
PretaxIncome,"128,518,000","32,807,000","28,655,000","32,389,000","34,667,000","30,126,000","26,829,000","24,638,000","21,414,000","24,055,000","26,806,000","25,211,000","28,851,000","23,322,000","21,959,000","23,989,000","24,919,000","22,450,000","20,721,000","22,030,000","22,348,000","17,410,000","16,791,000","17,920,000","16,677,000","17,734,000","15,997,000","18,773,000","19,292,000","17,071,000","15,827,000","18,375,000","18,398,000","15,365,000","14,654,000","17,515,000","18,271,000","13,505,000","14,438,000","16,330,000","17,248,000","13,733,000","13,080,000","14,400,000","13,960,000","13,379,000","10,694,000","13,203,000","12,281,000","10,530,000","7,729,000","9,687,000","10,037,000","9,568,000","8,293,000","10,042,000","9,627,000","10,532,000","8,656,000","8,303,000","8,328,000","8,338,000","4,917,000","6,411,000","5,984,000","6,266,000","4,155,000","5,283,000","6,777,000","6,403,000","3,329,000","5,378,000","5,725,000","5,971,000","3,721,000","4,874,000","4,730,000","4,371,000","3,130,000","3,741,000","3,756,000","4,014,000","1,985,000","2,792,000","1,657,000","4,195,000","2,327,000","3,357,000","3,374,000","3,658,000","1,452,000","2,700,000","2,400,000","2,800,000","600,000","1,000,000","1,300,000","2,700,000","1,300,000","2,200,000","2,000,000","2,000,000","-3,100,000","700,000","1,500,000","1,000,000","400,000","1,000,000","1,200,000","800,000","1,100,000","600,000","200,000",,"-1,400,000",,"200,000","1,500,000","1,300,000","1,500,000","1,600,000","1,700,000","2,800,000","1,300,000","2,400,000","2,500,000","3,000,000","2,800,000",,,,
TaxProvision,"28,555,000","3,198,000","8,275,000","7,815,000","9,267,000","-722,000","4,989,000","6,554,000","5,068,000","-2,227,000","7,685,000","5,578,000","7,857,000","610,000","5,923,000","6,536,000","6,494,000","2,110,000","24,426,000","7,387,000","8,557,000","834,000","6,403,000","6,631,000","6,224,000","2,384,000","6,147,000","7,054,000","7,595,000","6,738,000","6,584,000","7,335,000","7,134,000","6,211,000","5,932,000","6,421,000","7,423,000","5,529,000","5,966,000","6,105,000","6,921,000","5,532,000","5,349,000","5,656,000","5,743,000","5,376,000","4,512,000","5,383,000","5,001,000","4,291,000","3,218,000","3,854,000","4,012,000","3,810,000","3,215,000","4,100,000","3,834,000","4,185,000","3,409,000","3,266,000","3,326,000","3,283,000","1,938,000","2,668,000","2,334,000","2,444,000","1,445,000","1,768,000","2,683,000","2,536,000","1,363,000","2,205,000","2,345,000","2,450,000","1,546,000","2,026,000","2,056,000","1,902,000","1,363,000","1,626,000","1,633,000","2,095,000","854,000","1,179,000","704,000","1,770,000","985,000","1,391,000","1,396,000","1,517,000","641,000","1,100,000","1,000,000","1,200,000","200,000","400,000","-300,000","1,100,000","500,000","900,000","800,000","800,000","-1,100,000","300,000","600,000","400,000","200,000","400,000","500,000","300,000","400,000","300,000","100,000",,"-500,000",,"100,000","600,000","500,000","600,000","600,000","700,000","1,100,000","500,000","1,000,000","1,000,000","1,200,000","1,100,000",,,,
NetIncomeCommonStockholders,"99,963,000","29,609,000","20,380,000","24,574,000","25,400,000","30,848,000","21,840,000","18,084,000","16,346,000","26,282,000","19,121,000","19,633,000","20,994,000","22,712,000","16,036,000","17,453,000","18,425,000","20,340,000","-3,705,000","14,643,000","13,791,000","16,576,000","10,388,000","11,289,000","10,453,000","15,350,000","9,850,000","11,719,000","11,697,000","10,333,000","9,243,000","11,040,000","11,264,000","9,154,000","8,722,000","11,094,000","10,848,000","7,976,000","8,472,000","10,225,000","10,327,000","8,201,000","7,731,000","8,744,000","8,217,000","8,003,000","6,182,000","7,820,000","7,280,000","6,239,000","4,511,000","5,833,000","6,025,000","5,758,000","5,078,000","5,942,000","5,793,000","6,347,000","5,247,000","5,037,000","5,002,000","5,055,000","2,979,000","3,743,000","3,650,000","3,822,000","2,710,000","3,515,000","4,094,000","3,867,000","1,966,000","3,173,000","3,380,000","3,521,000","2,175,000","2,848,000","2,674,000","2,469,000","1,767,000","2,115,000","2,123,000","1,919,000","1,131,000","1,613,000","953,000","2,425,000","1,342,000","1,966,000","2,276,000","2,197,000","888,000","1,500,000","1,300,000","1,300,000","400,000","600,000","1,600,000","1,600,000","800,000","1,100,000","1,200,000","1,200,000","-2,000,000","400,000","500,000","600,000","200,000","600,000","700,000","500,000","700,000","300,000","100,000",,"-900,000",,"100,000","900,000","800,000","900,000","1,000,000","1,000,000","1,700,000","800,000","1,400,000","1,500,000","1,800,000","1,700,000",,,,
	NetIncome,"99,963,000","29,609,000","20,380,000","24,574,000","25,400,000","30,848,000","21,840,000","18,084,000","16,346,000","26,282,000","19,121,000","19,633,000","20,994,000","22,712,000","16,036,000","17,453,000","18,425,000","20,340,000","-3,705,000","14,643,000","13,791,000","16,576,000","10,388,000","11,289,000","10,453,000","15,350,000","9,850,000","11,719,000","11,697,000","10,333,000","9,243,000","11,040,000","11,264,000","9,154,000","8,722,000","11,094,000","10,848,000","7,976,000","8,472,000","10,225,000","10,327,000","8,201,000","7,731,000","8,744,000","8,217,000","8,003,000","6,182,000","7,820,000","7,280,000","6,239,000","4,511,000","5,833,000","6,025,000","5,758,000","5,078,000","5,942,000","5,793,000","6,347,000","5,247,000","5,037,000","5,002,000","5,055,000","2,979,000","3,743,000","3,650,000","3,822,000","2,710,000","3,515,000","4,094,000","3,867,000","1,966,000","3,173,000","3,380,000","3,521,000","2,175,000","2,848,000","2,674,000","2,469,000","1,767,000","2,115,000","2,123,000","1,919,000","1,131,000","1,613,000","953,000","2,425,000","1,342,000","1,966,000","2,276,000","2,197,000","888,000","1,500,000","1,300,000","1,300,000","400,000","600,000","1,600,000","1,600,000","800,000","1,100,000","1,200,000","1,200,000","-2,000,000","400,000","500,000","600,000","200,000","600,000","700,000","500,000","700,000","300,000","100,000",,"-900,000",,"100,000","900,000","800,000","900,000","1,000,000","1,000,000","1,700,000","800,000","1,400,000","1,500,000","1,800,000","1,700,000",,,,
		NetIncomeIncludingNoncontrollingInterests,"99,963,000","29,609,000","20,380,000","24,574,000","25,400,000","30,848,000","21,840,000","18,084,000","16,346,000","26,282,000","19,121,000","19,633,000","20,994,000","22,712,000","16,036,000","17,453,000","18,425,000","20,340,000","-3,705,000","14,643,000","13,791,000","16,576,000","10,388,000","11,289,000","10,453,000","15,350,000","9,850,000","11,719,000","11,697,000","10,333,000","9,243,000","11,040,000","11,264,000","9,154,000","8,722,000","11,094,000","10,848,000","7,976,000","8,472,000","10,225,000","10,327,000","8,201,000","7,731,000","8,744,000","8,217,000","8,003,000","6,182,000","7,820,000","7,280,000","6,239,000","4,511,000","5,833,000","6,025,000","5,758,000","5,078,000","5,942,000","5,793,000","6,347,000","5,247,000","5,037,000","5,002,000","5,055,000","2,979,000","3,743,000","3,650,000","3,822,000","2,710,000","3,515,000","4,094,000","3,867,000","1,966,000","3,173,000","3,380,000","3,521,000","2,175,000","2,848,000","2,674,000","2,469,000","1,767,000","2,115,000","2,123,000","1,919,000","1,131,000","1,613,000","953,000","2,425,000","1,342,000","1,966,000","2,276,000","2,197,000","888,000","1,500,000","1,300,000","1,300,000","400,000","600,000","1,600,000","1,600,000","800,000","1,100,000","1,200,000","1,200,000","-2,000,000","400,000","500,000","600,000","200,000","600,000","700,000","500,000","700,000","300,000","100,000",,"-900,000",,"100,000","900,000","800,000","900,000","1,000,000","1,000,000","1,700,000","800,000","1,400,000","1,500,000","1,800,000","1,700,000","1,800,000","500,000","1,100,000","1,700,000"
			NetIncomeContinuousOperations,"99,963,000","29,609,000","20,380,000","24,574,000","25,400,000","30,848,000","21,840,000","18,084,000","16,346,000","26,282,000","19,121,000","19,633,000","20,994,000","22,712,000","16,036,000","17,453,000","18,425,000","20,340,000","-3,705,000","14,643,000","13,791,000","16,576,000","10,388,000","11,289,000","10,453,000","15,350,000","9,850,000","11,719,000","11,697,000","10,333,000","9,243,000","11,040,000","11,264,000","9,154,000","8,722,000","11,094,000","10,848,000","7,976,000","8,472,000","10,225,000","10,327,000","8,201,000","7,731,000","8,744,000","8,217,000","8,003,000","6,182,000","7,820,000","7,280,000","6,239,000","4,511,000","5,833,000","6,025,000","5,758,000","5,078,000","5,942,000","5,793,000","6,347,000","5,247,000","5,037,000","5,002,000","5,055,000","2,979,000","3,743,000","3,650,000","3,822,000","2,710,000","3,515,000","4,094,000","3,867,000","1,966,000","3,173,000","3,380,000","3,521,000","2,175,000","2,848,000","2,674,000","2,469,000","1,767,000","2,115,000","2,123,000","1,919,000","1,131,000","1,613,000","953,000","2,425,000","1,342,000","1,966,000","1,978,000","2,141,000","811,000","1,600,000","1,400,000","1,600,000","400,000","600,000","1,600,000","1,600,000","800,000","1,300,000","1,200,000","1,200,000","-2,000,000","400,000","900,000","600,000","200,000","600,000","700,000","500,000","700,000","300,000","100,000",,"-900,000",,"100,000","900,000","800,000","900,000","1,000,000","1,000,000","1,700,000","800,000","1,400,000","1,500,000","1,800,000","1,700,000","1,800,000","500,000","1,100,000","1,700,000"
			NetIncomeDiscontinuousOperations,,,,,,,,,,,,,,,,,,,,,,,,,,,,,,,,,,,,,,,,,,,,,,,,,,,,,,,,,,,,,,,,,,,,,,,,,,,,,,,,,,,,,,,"0",,"298,000","56,000","77,000","-100,000","-100,000","-300,000",,,,,"0","-200,000",,,,,,,,,,,,,,,,,,,,,,,,,,,,,,,,
			NetIncomeFromTaxLossCarryforward,,,,,,,,,,,,,,,,,,,,,,,,,,,,,,,,,,,,,,,,,,,,,,,,,,,,,,,,,,,,,,,,,,,,,,,,,,,,,,,,,,,,,,,,,,,,,,,,,,,,,,,"0",,"-400,000",,,,,,,,,,,,,,,,,,,,,,,,,,,
DilutedNIAvailtoComStockholders,"99,963,000","29,609,000","20,380,000","24,574,000","25,400,000","30,848,000","21,840,000","18,084,000","16,346,000","26,282,000","19,121,000","19,633,000","20,994,000","22,712,000","16,036,000","17,453,000","18,425,000","20,340,000","-3,705,000","14,643,000","13,791,000","16,576,000","10,388,000","11,289,000","10,453,000","15,350,000","9,850,000","11,719,000","11,697,000","10,333,000","9,243,000","11,040,000","11,264,000","9,154,000","8,722,000","11,094,000","10,848,000","7,976,000","8,472,000","10,225,000","10,327,000","8,201,000","7,731,000","8,744,000","8,217,000","8,003,000","6,182,000","7,820,000","7,280,000","6,239,000","4,511,000","5,833,000","6,025,000","5,758,000","5,078,000","5,942,000","5,793,000","6,347,000","5,247,000","5,037,000","5,002,000","5,055,000","2,979,000","3,743,000","3,650,000","3,822,000","2,710,000","3,515,000","4,094,000","3,867,000","1,966,000","3,173,000","3,380,000","3,521,000","2,175,000","2,848,000","2,674,000","2,469,000","1,767,000","2,115,000","2,123,000","1,919,000","1,131,000","1,613,000","953,000","2,425,000","1,342,000","1,966,000","2,276,000","2,197,000","888,000","1,500,000","1,300,000","1,300,000","400,000","600,000","1,600,000","1,600,000","800,000","1,100,000","1,200,000","1,200,000","-2,000,000","400,000","500,000","600,000","200,000","600,000","700,000","500,000","700,000","300,000","100,000",,"-900,000",,"100,000","900,000","800,000","900,000","1,000,000","1,000,000","1,700,000","800,000","1,400,000","1,500,000","1,800,000","1,700,000",,,,
BasicEPS,,"0.56","0.39","0.47","0.48","0.59","0.42","0.35","0.31","0.5","0.36","0.37","0.4","0.43","0.3","0.33","0.35","0.385","-0.07","0.28","0.26","0.315","0.2","0.215","0.195","0.29","0.185","0.22","0.22","0.195","0.175","0.205","0.208","0.17","0.16","0.205","0.2","0.145","0.155","0.188","0.188","0.148",,"0.158","0.143","0.138",,"0.135","0.128","0.11",,"0.103","0.108","0.103",,"0.1","0.095","0.108",,"0.085","0.083","0.085",,"0.06","0.055","0.058",,"0.054","0.064","0.06",,"0.051","0.056","0.06",,"0.049","0.046","0.044",,"0.039","0.04","0.036",,"0.031","0.019","0.046",,"0.038","0.043","0.041",,"0.029","0.024","0.024",,"0.01","0.026","0.026",,"0.019","0.021","0.021",,"0.009","0.01","0.01",,"0.011","0.013","0.009",,"0.005","0.003","0","-0.014","0",,"0.014","0.013","0.014",,"0.016","0.026","0.013",,"0.024","0.028","0.034",,"0.011","0.023","0.034"
DilutedEPS,,"0.56","0.38","0.46","0.48","0.58","0.41","0.34","0.31","0.49","0.36","0.36","0.39","0.42","0.3","0.32","0.34","0.375","-0.07","0.27","0.255","0.305","0.195","0.21","0.19","0.28","0.18","0.215","0.215","0.188","0.17","0.2","0.203","0.165","0.158","0.198","0.193","0.14","0.15","0.18","0.18","0.143",,"0.15","0.138","0.133",,"0.13","0.12","0.105",,"0.098","0.1","0.095",,"0.095","0.09","0.1",,"0.078","0.075","0.078",,"0.055","0.053","0.054",,"0.05","0.059","0.056",,"0.046","0.05","0.054",,"0.045","0.043","0.04",,"0.035","0.035","0.033",,"0.029","0.016","0.043",,"0.035","0.04","0.039",,"0.029","0.024","0.024",,"0.01","0.025","0.025",,"0.019","0.021","0.021",,"0.008","0.01","0.01",,"0.011","0.013","0.009",,"0.005","0.003","0","-0.014","0",,"0.014","0.013","0.014",,"0.016","0.026","0.013",,"0.024","0.028","0.034",,"0.011","0.023","0.034"
BasicAverageShares,,"52,419,000","52,647,000","52,618,000","52,637,000","52,536,000","52,402,000","52,316,000","52,259,000","52,575,000","52,681,000","52,802,000","52,745,000","52,536,000","52,839,000","53,032,000","53,008,000","52,744,000","52,726,000","52,740,000","52,830,000","52,604,000","52,524,000","53,090,000","53,262,000","53,026,000","52,982,000","53,194,000","53,428,000","53,244,000","53,172,000","53,876,000","54,080,000","54,148,000","54,224,000","54,392,000","54,548,000","54,668,000","54,932,000","54,776,000","55,340,000","55,436,000",,"55,900,000","57,608,000","58,128,000",,"57,540,000","57,508,000","56,848,000",,"56,964,000","56,668,000","56,368,000",,"58,944,000","60,344,000","59,388,000",,"59,608,000","60,772,000","60,196,000",,"62,280,000","65,428,000","65,984,000",,"65,168,000","64,640,000","64,184,000",,"62,672,000","60,496,000","58,608,000",,"57,696,000","57,720,000","56,904,000",,"55,456,000","53,912,000","58,888,000",,"52,216,000","52,480,000","51,768,000",,"52,848,000","53,520,000","53,448,000",,"52,173,913","54,736,842","54,736,842",,"60,000,000","60,952,381","60,952,381",,"58,666,667","56,470,588","56,470,588",,"45,714,286","50,000,000","60,000,000",,"53,333,333","56,000,000","57,142,857",,"60,000,000","59,200,000","60,008,000","65,454,545","63,272,000",,"65,454,545","64,000,000","65,454,545",,"61,538,462","64,761,905","64,000,000",,"63,157,895","65,454,545","50,370,370",,"23,900,000","23,900,000","23,900,000"
DilutedAverageShares,,"53,039,000","53,359,000","53,312,000","53,285,000","53,333,000","53,260,000","53,209,000","53,139,000","53,657,000","53,817,000","54,002,000","53,872,000","53,814,000","54,119,000","54,302,000","54,195,000","54,012,000","52,726,000","53,926,000","53,936,000","53,962,000","53,910,000","54,370,000","54,528,000","54,478,000","54,266,000","54,536,000","54,736,000","54,780,000","54,636,000","55,296,000","55,492,000","55,760,000","55,796,000","55,972,000","56,028,000","56,500,000","56,832,000","56,784,000","57,264,000","57,676,000",,"58,216,000","59,884,000","60,560,000",,"60,212,000","60,216,000","59,760,000",,"60,112,000","60,052,000","59,900,000",,"62,836,000","64,400,000","63,964,000",,"64,652,000","66,128,000","65,508,000",,"67,348,000","70,524,000","71,152,000",,"70,600,000","69,752,000","69,384,000",,"69,160,000","67,944,000","66,120,000",,"63,888,000","63,456,000","62,320,000",,"60,648,000","59,840,000","58,888,000",,"57,184,000","58,496,000","57,392,000",,"56,832,000","56,840,000","56,600,000",,"52,173,913","54,736,842","54,736,842",,"60,000,000","64,000,000","64,000,000",,"58,666,667","56,470,588","56,470,588",,"53,333,333","50,000,000","60,000,000",,"53,333,333","56,000,000","57,142,857",,"60,000,000","59,200,000","60,008,000","65,454,545","63,272,000",,"65,454,545","64,000,000","65,454,545",,"61,538,462","64,761,905","64,000,000",,"63,157,895","65,454,545","50,370,370",,"23,900,000","23,900,000","23,900,000"
TotalOperatingIncomeAsReported,"121,586,000","36,717,000","23,378,000","32,119,000","29,372,000","24,058,000","17,734,000","20,407,000","9,120,000","35,988,000","21,350,000","23,184,000","24,823,000","15,754,000","26,786,000","20,594,000","22,478,000","21,598,000","17,795,000","19,305,000","20,317,000","14,634,000","14,949,000","15,595,000","14,931,000","16,436,000","14,279,000","20,921,000","18,705,000","15,028,000","14,133,000","19,238,000","16,084,000","14,094,000","12,342,000","15,160,000","17,593,000","10,851,000","13,715,000","14,728,000","17,361,000","11,816,000","11,193,000","16,524,000","13,377,000","12,366,000","9,389,000","11,570,000","12,775,000","9,507,000","6,762,000","8,385,000","8,939,000","9,176,000","8,130,000","9,688,000","8,809,000","10,095,000","7,962,000","7,463,000","7,060,000","7,459,000","3,868,000","5,603,000","5,328,000","5,390,000","3,431,000","4,623,000","6,271,000","6,055,000","2,926,000","5,112,000","5,479,000","5,807,000","3,684,000","4,621,000","4,508,000","4,089,000","2,712,000","3,688,000","3,618,000","3,902,000","1,828,000","2,620,000","1,456,000","3,713,000","1,621,000","2,906,000","2,846,000","3,289,000","1,283,000","2,600,000","1,800,000","2,400,000","300,000","700,000","800,000","2,400,000","1,100,000","1,900,000","1,900,000","1,600,000","-1,700,000","700,000","1,400,000","900,000","-500,000","1,000,000","1,200,000","900,000","200,000","600,000","200,000","300,000","-1,100,000","300,000","400,000","1,800,000","1,600,000","1,600,000","1,900,000","1,800,000","2,800,000","1,500,000","2,400,000","2,800,000","3,200,000","3,600,000",,,,
TotalExpenses,"356,680,000","91,761,000","90,128,000","84,286,000","90,505,000","92,423,000","85,505,000","78,256,000","82,925,000","69,965,000","88,764,000","78,364,000","81,683,000","83,277,000","65,357,000","74,708,000","73,143,000","74,859,000","70,487,000","68,250,000","67,523,000","69,488,000","62,064,000","62,017,000","62,364,000","66,720,000","59,402,000","58,073,000","61,159,000","65,265,000","59,478,000","59,319,000","60,490,000","61,868,000","60,430,000","60,071,000","57,912,000","61,809,000","59,231,000","58,570,000","57,123,000","60,109,000","56,723,000","49,427,000","51,729,000","61,107,000","53,213,000","54,736,000","47,664,000","49,899,000","45,217,000","46,860,000","51,923,000","50,620,000","50,762,000","49,042,000","46,147,000","46,165,000","48,772,000","41,441,000","43,577,000","41,414,000","37,614,000","37,730,000","36,326,000","36,637,000","35,527,000","32,569,000","33,579,000","33,141,000","32,133,000","32,929,000","34,164,000","32,959,000","30,598,000","31,036,000","30,414,000","30,726,000","37,751,000","24,779,000","25,276,000","24,329,000","23,036,000","23,826,000","23,870,000","24,148,000","22,758,000","22,568,000","22,773,000","22,837,000","20,688,000","21,500,000","21,600,000","22,300,000","21,300,000","20,200,000","19,800,000","20,000,000","18,200,000","18,300,000","16,800,000","16,300,000","15,400,000","13,400,000","14,400,000","14,000,000","13,300,000","13,500,000","14,800,000","14,300,000","14,100,000","13,800,000","14,000,000","14,700,000","16,400,000","16,000,000","16,500,000","14,200,000","14,300,000","14,900,000","14,700,000","15,200,000","16,700,000","15,700,000","15,200,000","14,100,000","15,100,000","13,200,000",,,,
NetIncomeFromContinuingAndDiscontinuedOperation,"99,963,000","29,609,000","20,380,000","24,574,000","25,400,000","30,848,000","21,840,000","18,084,000","16,346,000","26,282,000","19,121,000","19,633,000","20,994,000","22,712,000","16,036,000","17,453,000","18,425,000","20,340,000","-3,705,000","14,643,000","13,791,000","16,576,000","10,388,000","11,289,000","10,453,000","15,350,000","9,850,000","11,719,000","11,697,000","10,333,000","9,243,000","11,040,000","11,264,000","9,154,000","8,722,000","11,094,000","10,848,000","7,976,000","8,472,000","10,225,000","10,327,000","8,201,000","7,731,000","8,744,000","8,217,000","8,003,000","6,182,000","7,820,000","7,280,000","6,239,000","4,511,000","5,833,000","6,025,000","5,758,000","5,078,000","5,942,000","5,793,000","6,347,000","5,247,000","5,037,000","5,002,000","5,055,000","2,979,000","3,743,000","3,650,000","3,822,000","2,710,000","3,515,000","4,094,000","3,867,000","1,966,000","3,173,000","3,380,000","3,521,000","2,175,000","2,848,000","2,674,000","2,469,000","1,767,000","2,115,000","2,123,000","1,919,000","1,131,000","1,613,000","953,000","2,425,000","1,342,000","1,966,000","2,276,000","2,197,000","888,000","1,500,000","1,300,000","1,300,000","400,000","600,000","1,600,000","1,600,000","800,000","1,100,000","1,200,000","1,200,000","-2,000,000","400,000","900,000","600,000","200,000","600,000","700,000","500,000","700,000","300,000","100,000",,"-900,000",,"100,000","900,000","800,000","900,000","1,000,000","1,000,000","1,700,000","800,000","1,400,000","1,500,000","1,800,000","1,700,000",,,,
NormalizedIncome,"88,907,940.639","29,609,000","20,380,000","24,574,000","25,400,000","30,848,000","21,840,000","18,084,000","16,346,000","26,282,000","19,121,000","19,633,000","20,994,000","22,712,000","16,036,000","17,453,000","18,425,000","20,340,000","-3,705,000","14,643,000","13,791,000","16,576,000","10,388,000","11,289,000","10,453,000","15,350,000","9,850,000","11,719,000","11,697,000","10,333,000","9,243,000","11,040,000","11,264,000","9,154,000","8,722,000","11,094,000","10,848,000","7,976,000","8,472,000","10,225,000","10,327,000","8,201,000","6,566,200","10,081,710.556","7,864,700","7,407,800","5,355,200","6,781,950","7,644,000","5,615,000","3,939,000","5,105,004.026","5,485,949.487","5,662,915.97","5,189,442.904","5,969,950","5,579,380.492","6,386,171.572","5,111,218.115","4,774,321.33","4,516,695.485","4,815,527.105","2,625,785.235","3,516,200","3,574,974.933","3,591,435.685","2,490,851.986","3,281,465.077","3,953,848.31","3,798,151.335","1,827,400","3,079,400","3,290,000","3,478,400","2,197,800","2,717,200","2,548,600","2,306,400","1,531,800","2,103,000","2,064,200","1,851,800","1,037,400","1,508,000","825,800","2,135,800","929,200","1,695,400","1,661,200","1,919,600","302,200","1,480,000","1,100,000","1,360,000","-266,666.667","480,000","1,360,000","1,420,000","430,769.231","1,000,000","1,080,000","960,000","-2,000,000","400,000","840,000","480,000","200,000","600,000","700,000","500,000","700,000","300,000","100,000",,"-771,428.571",,"-440,000","1,080,000","984,615.385","1,020,000","562,500","1,060,000","1,700,000","923,076.923","1,400,000","1,620,000","1,920,000","2,125,000",,,,
InterestIncome,"58,000","21,000","12,000","13,000","12,000","29,000","209,000","316,000","305,000","875,000","1,018,000","915,000","924,000","1,055,000","938,000","740,000","543,000","530,000","422,000","372,000","266,000","234,000","194,000","179,000","171,000","139,000","92,000","47,000","34,000","34,000","33,000","33,000","40,000","44,000","32,000","14,000","36,000","45,000","83,000","80,000","88,000","77,000","96,000","79,000","41,000","21,000",,,,,,"93,000","200,000","234,000",,,,,,,,,,,,,,,,,,,,,,,,,,,,,,,,,,,,,,,,,,,,,,,,,,,,,,,,,,,,,,,,,,,,,,,,,,,,,,
NetInterestIncome,"58,000","21,000","12,000","13,000","12,000","29,000","209,000","316,000","305,000","875,000","1,018,000","915,000","924,000","1,055,000","938,000","740,000","543,000","530,000","422,000","372,000","266,000","234,000","194,000","179,000","171,000","139,000","92,000","47,000","34,000","34,000","33,000","33,000","40,000","44,000","32,000","14,000","36,000","45,000","83,000","80,000","88,000","77,000","95,000","79,000","41,000","21,000","33,000","36,000","66,000","63,000","87,000","93,000","200,000","234,000",,,,,,,,,,,,,,,,,,,,,,,,,,,,,,,,,,,,,,,,,,,,,,,,,,,,,,,,,,,,,,,,,,,,,,,,,,,,,,
EBIT,"121,586,000","36,717,000","23,378,000","32,119,000","29,372,000","24,058,000","17,734,000","20,407,000","9,120,000","35,988,000","21,350,000","23,184,000","24,823,000","15,754,000","26,786,000","20,594,000","22,478,000","21,598,000","17,795,000","19,305,000","20,317,000","14,634,000","14,949,000","15,595,000","14,931,000","16,436,000","14,279,000","20,921,000","18,705,000","15,028,000","14,133,000","19,238,000","16,084,000","14,094,000","12,342,000","15,160,000","17,593,000","10,851,000","13,715,000","14,728,000","17,361,000","11,816,000","12,553,000","16,524,000","13,377,000","12,366,000","9,389,000","11,570,000","12,775,000","9,507,000","6,762,000","8,385,000","8,939,000","9,176,000","9,913,000","9,688,000","8,809,000","10,095,000","7,962,000","7,463,000","7,060,000","7,459,000","3,868,000","5,603,000","5,328,000","5,390,000","3,431,000","4,623,000","6,271,000","6,055,000","2,926,000","5,112,000","5,479,000","5,807,000","3,684,000","4,621,000","4,508,000","4,089,000","2,712,000","3,688,000","3,618,000","3,902,000","1,828,000","2,620,000","1,456,000","3,713,000","1,621,000","2,906,000","2,846,000","3,289,000","1,283,000","2,600,000","1,800,000","2,400,000","300,000","700,000","800,000","2,400,000","1,100,000","1,900,000","1,900,000","1,600,000","-1,700,000","700,000","1,400,000","900,000","-500,000","1,000,000","1,200,000","900,000","200,000","600,000","200,000","300,000","-1,100,000","300,000","400,000","1,800,000","1,600,000","1,600,000","1,900,000","1,800,000","2,800,000","1,500,000","2,400,000","2,800,000","3,200,000","3,600,000","-32,600,000","14,200,000","14,400,000","14,000,000"
EBITDA,"128,106,000"
ReconciledCostOfRevenue,,,,,,,,,"4,182,000","6,233,000","7,894,000","6,042,000","6,243,000","5,630,000","6,874,000","6,588,000","5,649,000","5,773,000","5,564,000","5,196,000","3,720,000","3,655,000","4,260,000","3,452,000","3,961,000","4,206,000","3,892,000","4,491,000","4,592,000","4,152,000","3,964,000","4,293,000","4,243,000","2,995,000","3,736,000","5,135,000","3,586,000","3,668,000","-122,724,000","49,162,000","48,023,000","51,630,000","46,986,000","40,615,000","43,041,000","51,990,000","44,019,000","46,360,000","39,371,000","41,985,000","37,027,000","39,150,000","43,387,000","42,711,000","40,937,000","40,076,000","42,940,000","37,748,000","-58,075,000","33,256,000","35,028,000","33,462,000","8,745,000","8,154,000","7,568,000","7,173,000","9,039,000","7,207,000","7,776,000","6,931,000","7,894,000","7,561,000","8,455,000","7,682,000","7,811,000","8,180,000","7,636,000","8,003,000","4,703,000","4,560,000","4,321,000","4,033,000","4,128,000","4,517,000","4,647,000","4,070,000","3,389,000","3,131,000","3,046,000","2,906,000","-42,337,000","18,000,000","18,100,000","18,900,000","17,400,000","16,800,000","16,900,000","16,800,000","15,200,000","15,300,000","14,100,000","14,200,000","11,700,000","10,400,000","11,100,000","10,700,000","10,300,000","10,100,000","11,400,000","11,000,000","11,000,000","10,600,000","10,600,000","11,000,000","12,000,000","11,700,000","10,700,000","10,500,000","10,500,000","2,900,000","11,100,000","11,200,000","12,500,000","12,000,000","10,900,000","11,300,000","12,000,000","10,800,000",,,,
ReconciledDepreciation,"6,520,000","1,689,000","1,544,000","1,645,000","1,642,000","1,656,000","1,695,000","1,689,000","1,701,000","1,786,000","1,902,000","1,672,000","1,642,000","1,590,000","1,582,000","1,561,000","1,594,000","1,555,000","1,523,000","1,567,000","1,629,000","1,566,000","1,622,000","1,582,000","1,524,000","1,403,000","1,445,000","1,329,000","1,324,000","1,381,000","1,425,000","1,346,000","1,311,000","1,322,000","1,284,000","1,283,000","1,235,000","1,149,000","1,252,000","1,133,000","1,182,000","1,144,000","1,154,000","1,125,000","1,068,000","1,064,000","1,088,000","1,084,000","1,078,000","1,073,000","1,080,000","1,093,000","1,101,000","1,078,000","1,125,000","645,000","1,184,000","1,155,000","1,185,000","1,255,000","1,206,000","1,140,000","1,166,000","1,183,000","1,070,000","1,055,000","1,118,000","1,101,000","1,127,000","1,126,000","1,078,000","1,365,000","822,000","823,000","830,000","836,000","838,000","864,000","853,000","761,000","908,000","898,000","1,167,000","1,174,000","1,167,000","1,175,000","1,144,000","1,100,000","1,093,000","1,097,000","1,116,000","1,100,000","1,100,000","1,100,000","1,200,000","1,200,000","1,100,000","1,000,000","900,000","1,000,000","1,200,000","500,000","900,000","900,000","900,000","900,000","900,000","900,000","800,000","900,000","800,000","900,000","1,000,000","1,000,000","1,100,000","1,200,000","1,200,000","1,100,000","1,200,000","1,200,000","1,100,000","1,100,000","1,200,000","1,100,000","1,000,000","900,000","1,000,000","900,000",,,,
NetIncomeFromContinuingOperationNetMinorityInterest,"99,963,000","29,609,000","20,380,000","24,574,000","25,400,000","30,848,000","21,840,000","18,084,000","16,346,000","26,282,000","19,121,000","19,633,000","20,994,000","22,712,000","16,036,000","17,453,000","18,425,000","20,340,000","-3,705,000","14,643,000","13,791,000","16,576,000","10,388,000","11,289,000","10,453,000","15,350,000","9,850,000","11,719,000","11,697,000","10,333,000","9,243,000","11,040,000","11,264,000","9,154,000","8,722,000","11,094,000","10,848,000","7,976,000","8,472,000","10,225,000","10,327,000","8,201,000","7,731,000","8,744,000","8,217,000","8,003,000","6,182,000","7,820,000","7,280,000","6,239,000","4,511,000","5,833,000","6,025,000","5,758,000","5,078,000","5,942,000","5,793,000","6,347,000","5,247,000","5,037,000","5,002,000","5,055,000","2,979,000","3,743,000","3,650,000","3,822,000","2,710,000","3,515,000","4,094,000","3,867,000","1,966,000","3,173,000","3,380,000","3,521,000","2,175,000","2,848,000","2,674,000","2,469,000","1,767,000","2,115,000","2,123,000","1,919,000","1,131,000","1,613,000","953,000","2,425,000","1,342,000","1,966,000","1,978,000","2,141,000","811,000","1,600,000","1,400,000","1,600,000","400,000","600,000","1,600,000","1,600,000","800,000","1,300,000","1,200,000","1,200,000","-2,000,000","400,000","900,000","600,000","200,000","600,000","700,000","500,000","700,000","300,000","100,000",,"-900,000",,"100,000","900,000","800,000","900,000","1,000,000","1,000,000","1,700,000","800,000","1,400,000","1,500,000","1,800,000","1,700,000",,,,
TotalUnusualItemsExcludingGoodwill,"14,213,000",,,,,,,,,,,,,,,,,,,,,,,,,,,,,,,,,,,,,,,"1,522,000","-201,000","1,840,000","1,792,000","-2,203,000","542,000","992,000","1,272,000","1,597,000","-560,000","960,000","880,000","1,209,000","898,000","158,000","-182,000","-43,000","355,000","-65,000","224,000","433,000","808,000","395,000","583,000","378,000","123,000","378,000","336,000","351,000","232,000","114,000","231,000","156,000","150,000","71,000","-38,000","218,000","209,000","271,000","392,000","20,000","98,000","112,000","156,000","175,000","212,000","482,000","688,000","451,000","528,000","369,000","848,000","200,000","500,000","400,000","1,000,000","200,000","400,000","300,000","600,000","500,000","200,000","400,000",,,"100,000","200,000",,,,,,,,,"-200,000",,"900,000","-300,000","-300,000","-200,000","700,000","-100,000",,"-200,000",,"-200,000","-200,000","-700,000",,,,
TotalUnusualItems,"14,213,000",,,,,,,,,,,,,,,,,,,,,,,,,,,,,,,,,,,,,,,"1,522,000","-201,000","1,840,000","1,792,000","-2,203,000","542,000","992,000","1,272,000","1,597,000","-560,000","960,000","880,000","1,209,000","898,000","158,000","-182,000","-43,000","355,000","-65,000","224,000","433,000","808,000","395,000","583,000","378,000","123,000","378,000","336,000","351,000","232,000","114,000","231,000","156,000","150,000","71,000","-38,000","218,000","209,000","271,000","392,000","20,000","98,000","112,000","156,000","175,000","212,000","482,000","688,000","451,000","528,000","369,000","848,000","200,000","500,000","400,000","1,000,000","200,000","400,000","300,000","600,000","500,000","200,000","400,000",,,"100,000","200,000",,,,,,,,,"-200,000",,"900,000","-300,000","-300,000","-200,000","700,000","-100,000",,"-200,000",,"-200,000","-200,000","-700,000",,,,
NormalizedEBITDA,"113,893,000","38,406,000","24,922,000","33,764,000","31,014,000","25,714,000","19,429,000","22,096,000","10,821,000","37,774,000","23,252,000","24,856,000","26,465,000","17,344,000","28,368,000","22,155,000","24,072,000","23,153,000","19,318,000","20,872,000","21,946,000","16,200,000","16,571,000","17,177,000","16,455,000","17,839,000","15,724,000","22,250,000","20,029,000","16,409,000","15,558,000","20,584,000","17,395,000","15,416,000","13,626,000","16,443,000","18,828,000","12,000,000","14,967,000","15,861,000","18,543,000","12,960,000","11,915,000","19,852,000","13,903,000","12,438,000","9,205,000","11,057,000","14,413,000","9,620,000","6,962,000","8,269,000","9,142,000","10,096,000","11,220,000","10,376,000","9,638,000","11,315,000","8,923,000","8,285,000","7,458,000","8,204,000","4,451,000","6,408,000","6,275,000","6,067,000","4,213,000","5,373,000","7,166,000","7,067,000","3,773,000","6,321,000","6,151,000","6,559,000","4,552,000","5,239,000","5,137,000","4,682,000","3,173,000","4,429,000","4,428,000","4,688,000","2,839,000","3,619,000","2,411,000","4,406,000","2,077,000","3,555,000","3,411,000","4,017,000","1,551,000","3,500,000","2,400,000","3,100,000","500,000","1,700,000","1,500,000","3,100,000","1,400,000","2,400,000","2,900,000","1,700,000","-800,000","1,600,000","2,200,000","1,600,000","400,000","1,900,000","2,000,000","1,800,000","1,000,000","1,600,000","1,200,000","1,300,000","300,000","1,500,000","700,000","3,300,000","3,100,000","3,000,000","2,300,000","3,000,000","4,000,000","2,800,000","3,400,000","3,900,000","4,400,000","5,200,000","-32,600,000","14,200,000","14,400,000","14,000,000"
TaxRateForCalcs,"0.222","0.097","0.289","0.241","0.267","0.27","0.186","0.266","0.237","0.27","0.287","0.221","0.272","0.026","0.27","0.272","0.261","0.094","0.4","0.335","0.383","0.048","0.381","0.37","0.373","0.134","0.384","0.376","0.394","0.395","0.4","0.399","0.388","0.4","0.4","0.367","0.35","0.35","0.35","0.374","0.4","0.4","0.35","0.393","0.35","0.4","0.35","0.35","0.35","0.35","0.35","0.398","0.4","0.398","0.388","0.35","0.398","0.397","0.394","0.393","0.399","0.394","0.394","0.4","0.39","0.39","0.348","0.335","0.396","0.396","0.4","0.4","0.4","0.4","0.4","0.4","0.4","0.4","0.4","0.4","0.4","0.4","0.4","0.4","0.4","0.4","0.4","0.4","0.4","0.4","0.4","0.4","0.4","0.4","0.333","0.4","0.4","0.4","0.385","0.4","0.4","0.4","0.355","0.4","0.4","0.4","0.4","0.4","0.4","0.375","0.364","0.4","0.4",,"0.357",,"0.4","0.4","0.385","0.4","0.375","0.4","0.393","0.385","0.4","0.4","0.4","0.393",,,,
TaxEffectOfUnusualItems,"3,157,940.639","0","0","0","0","0","0","0","0","0","0","0","0","0","0","0","0","0","0","0","0","0","0","0","0","0","0","0","0","0","0","0","0","0","0","0","0","0","0","0","0","0","627,200","-865,289.444","189,700","396,800","445,200","558,950","-196,000","336,000","308,000","481,004.026","358,949.487","62,915.97","-70,557.096","-15,050","141,380.492","-25,828.428","88,218.115","170,321.33","322,695.485","155,527.105","229,785.235","151,200","47,974.933","147,435.685","116,851.986","117,465.077","91,848.31","45,151.335","92,400","62,400","60,000","28,400","-15,200","87,200","83,600","108,400","156,800","8,000","39,200","44,800","62,400","70,000","84,800","192,800","275,200","180,400","211,200","147,600","339,200","80,000","200,000","160,000","333,333.333","80,000","160,000","120,000","230,769.231","200,000","80,000","160,000","0","0","40,000","80,000","0","0","0","0","0","0","0",,"-71,428.571",,"360,000","-120,000","-115,384.615","-80,000","262,500","-40,000","0","-76,923.077","0","-80,000","-80,000","-275,000",,,,