name,ttm,03/31/2022,12/31/2021,09/30/2021,06/30/2021,03/31/2021,12/31/2020,09/30/2020,06/30/2020,03/31/2020,12/31/2019,09/30/2019,06/30/2019,03/31/2019,12/31/2018,09/30/2018,06/30/2018,03/31/2018,12/31/2017,09/30/2017,06/30/2017,03/31/2017,12/31/2016,09/30/2016,06/30/2016,03/31/2016,12/31/2015,09/30/2015
TotalRevenue,"555,893,000","129,574,000","142,974,000","147,482,000","135,863,000","149,306,000","165,882,000","165,854,000","136,828,000","98,949,000","92,926,000","96,450,000","90,002,000","82,055,000","78,616,000","87,110,000","87,280,000","81,704,000","86,000,000","81,430,000","66,084,000","61,338,000","60,364,000","71,579,000","66,714,000","56,978,000","49,405,000","48,389,000"
	OperatingRevenue,"555,893,000","129,574,000","142,974,000","147,482,000","135,863,000","149,306,000","165,882,000","165,854,000","136,828,000","98,949,000","92,926,000","96,450,000","90,002,000","82,055,000","78,616,000","87,110,000","87,280,000","81,704,000","86,000,000","81,430,000","66,084,000","61,338,000","60,364,000","71,579,000","66,714,000","56,978,000","49,405,000","48,389,000"
PretaxIncome,"219,138,000","44,549,000","62,841,000","55,006,000","56,742,000","68,462,000","58,947,000","-7,639,000","30,328,000","825,000","27,290,000","31,684,000","25,002,000","25,563,000","22,680,000","28,079,000","29,859,000","25,236,000","27,504,000","12,990,000","17,813,000","15,178,000","13,797,000","15,979,000","16,908,000","15,640,000","9,652,000","16,763,000"
TaxProvision,"46,475,000","9,313,000","14,006,000","9,716,000","13,440,000","15,588,000","13,337,000","-2,040,000","7,455,000","80,000","5,718,000","7,718,000","6,314,000","5,975,000","5,640,000","6,702,000","7,794,000","5,482,000","4,486,000","4,602,000","6,574,000","5,425,000","4,787,000","14,772,000","1,133,000","1,041,000","461,000","858,000"
NetIncomeCommonStockholders,"172,647,000","35,236,000","48,827,000","45,290,000","43,294,000","52,874,000","45,602,000","-5,599,000","22,873,000","745,000","21,458,000","23,838,000","18,588,000","19,483,000","17,377,000","21,263,000","22,065,000","19,754,000","23,018,000","8,388,000","11,239,000","9,753,000","9,010,000","1,207,000","15,775,000","14,599,000","9,191,000","15,905,000"
	NetIncome,"172,647,000","35,236,000","48,827,000","45,290,000","43,294,000","52,874,000","45,602,000","-5,599,000","22,873,000","745,000","21,572,000","23,966,000","18,688,000","19,588,000","17,040,000","21,377,000","22,065,000","19,754,000","23,018,000","8,388,000","11,239,000","9,753,000","9,010,000","1,207,000","15,775,000","14,599,000","9,191,000","15,905,000"
		NetIncomeIncludingNoncontrollingInterests,"172,663,000","35,236,000","48,835,000","45,290,000","43,302,000","52,874,000","45,610,000","-5,599,000","22,873,000","745,000","21,572,000","23,966,000","18,688,000","19,588,000","17,040,000","21,377,000","22,065,000","19,754,000","23,018,000","8,388,000","11,239,000","9,753,000","9,010,000","1,207,000","15,775,000","14,599,000","9,191,000","15,905,000"
			NetIncomeContinuousOperations,"172,663,000","35,236,000","48,835,000","45,290,000","43,302,000","52,874,000","45,610,000","-5,599,000","22,873,000","745,000","21,572,000","23,966,000","18,688,000","19,588,000","17,040,000","21,377,000","22,065,000","19,754,000","23,018,000","8,388,000","11,239,000","9,753,000","9,010,000","1,207,000","15,775,000","14,599,000","9,191,000","15,905,000"
		MinorityInterests,"-16,000","0","-8,000","0","-8,000","0","-8,000","0",,,,,,,,,,,,,,,,,,,,
	OtherunderPreferredStockDividend,,,,,,,,,,,"114,000","128,000","100,000","105,000",,"114,000","117,000",,,,,,,,,,,
DilutedNIAvailtoComStockholders,"172,647,000","35,236,000","48,827,000","45,290,000","43,294,000","52,874,000","45,602,000","-5,599,000","22,873,000","745,000","21,458,000","23,838,000","18,588,000","19,483,000","17,377,000","21,263,000","22,065,000","19,754,000","23,018,000","8,388,000","11,239,000","9,753,000","9,010,000","1,207,000","15,775,000","14,599,000","9,191,000","15,905,000"
BasicEPS,,"0.74","1.02","0.96","0.91","1.12","0.97","-0.14","0.71","0.02","0.69","0.77","0.6","0.63","0.55","0.69","0.72","0.65","0.75","0.28","0.44","0.4","0.38","0.07","0.682","0.609",,"0.663"
DilutedEPS,,"0.74","1.02","0.94","0.9","1.1","0.95","-0.14","0.7","0.02","0.68","0.76","0.59","0.62","0.54","0.68","0.7","0.63","0.74","0.27","0.43","0.4","0.37","0.07","0.682","0.609",,"0.663"
BasicAverageShares,,"47,530,520","47,683,682","47,412,214","47,351,969","47,278,865","47,204,738","40,154,841","32,094,274","31,257,739","30,934,092","30,899,583","30,865,636","30,786,684","30,717,008","30,692,668","30,678,732","30,613,284","30,527,234","30,004,952","25,741,968","24,138,437","23,977,028","18,259,128","23,121,176","23,984,704",,"23,984,704"
DilutedAverageShares,,"47,723,902","47,896,715","48,007,147","47,993,773","47,969,106","47,791,659","40,637,745","32,506,417","31,734,112","31,470,565","31,425,573","30,865,636","31,349,198","31,344,949","31,339,628","31,294,044","31,421,830","31,166,080","30,604,537","26,301,458","24,610,991","24,500,943","18,332,938","23,121,176","23,984,704",,"23,984,704"
NetIncomeFromContinuingAndDiscontinuedOperation,"172,647,000","35,236,000","48,827,000","45,290,000","43,294,000","52,874,000","45,602,000","-5,599,000","22,873,000","745,000","21,572,000","23,966,000","18,688,000","19,588,000","17,040,000","21,377,000","22,065,000","19,754,000","23,018,000","8,388,000","11,239,000","9,753,000","9,010,000","1,207,000","15,775,000","14,599,000","9,191,000","15,905,000"
NormalizedIncome,"171,143,650.494","35,579,294","48,681,678.554","43,494,214","43,314,601","52,499,580","53,006,748.333","10,533,597","24,044,716","3,749,281","21,895,303.335","24,251,012","21,443,683","19,947,254","17,316,486.772","21,037,460.2","22,162,548","20,780,250.8","25,072,580.788","18,735,782.91","11,840,920.283","9,585,287.983","9,914,461.115","2,329,600","22,033,498.935","15,765,799.872","11,913,448.094","13,624,995.526"
InterestIncome,"385,340,000","95,127,000","97,219,000","96,665,000","96,329,000","94,785,000","98,236,000","81,127,000","65,607,000","69,674,000","71,643,000","73,242,000","71,719,000","65,933,000","63,068,000","62,612,000","59,043,000","54,848,000","55,031,000","48,415,000","33,278,000","32,889,000","31,567,000","30,005,000","30,680,000","28,242,000","27,552,000","26,384,000"
InterestExpense,"32,364,000","6,945,000","7,464,000","8,189,000","9,766,000","12,209,000","12,992,000","12,299,000","10,270,000","13,425,000","13,951,000","14,937,000","14,696,000","12,917,000","11,701,000","9,857,000","7,526,000","6,419,000","6,048,000","4,805,000","2,851,000","2,638,000","2,535,000","2,388,000","2,322,000","2,299,000","2,256,000","2,249,000"
NetInterestIncome,"352,976,000","88,182,000","89,755,000","88,476,000","86,563,000","82,576,000","85,244,000","68,828,000","55,337,000","56,249,000","57,692,000","58,305,000","57,023,000","53,016,000","51,367,000","52,755,000","51,517,000","48,429,000","48,983,000","43,610,000","30,427,000","30,251,000","29,032,000","27,617,000","28,358,000","25,943,000","25,296,000","24,135,000"
ReconciledDepreciation,"13,673,000","3,280,000","3,423,000","3,484,000","3,486,000","3,496,000","3,583,000","3,110,000","2,824,000","2,815,000","2,505,000","2,577,000","2,532,000","1,901,000","1,836,000","1,790,000","1,934,000","1,959,000","2,148,000","1,655,000","1,114,000","1,394,000","3,628,000","4,294,000","3,502,000","3,024,000","2,468,000","2,000,000"
NetIncomeFromContinuingOperationNetMinorityInterest,"172,647,000","35,236,000","48,827,000","45,290,000","43,294,000","52,874,000","45,602,000","-5,599,000","22,873,000","745,000","21,572,000","23,966,000","18,688,000","19,588,000","17,040,000","21,377,000","22,065,000","19,754,000","23,018,000","8,388,000","11,239,000","9,753,000","9,010,000","1,207,000","15,775,000","14,599,000","9,191,000","15,905,000"
TotalUnusualItemsExcludingGoodwill,"1,908,000","-434,000","187,000","2,182,000","-27,000","485,000","-9,570,000","-22,009,000","-1,554,000","-3,327,000","-409,000","-377,000","-3,689,000","-469,000","-368,000","446,000","-132,000","-1,311,000","-2,455,000","-16,025,000","-954,000","261,000","-1,385,000","-1,871,000","-6,708,000","-1,250,000","-2,859,000","2,403,000"
TotalUnusualItems,"1,908,000","-434,000","187,000","2,182,000","-27,000","485,000","-9,570,000","-22,009,000","-1,554,000","-3,327,000","-409,000","-377,000","-3,689,000","-469,000","-368,000","446,000","-132,000","-1,311,000","-2,455,000","-16,025,000","-954,000","261,000","-1,385,000","-1,871,000","-6,708,000","-1,250,000","-2,859,000","2,403,000"
TaxRateForCalcs,"0.212","0.209","0.223","0.177","0.237","0.228","0.226","0.267","0.246","0.097","0.21","0.244","0.253","0.234","0.249","0.239","0.261","0.217","0.163","0.354","0.369","0.357","0.347","0.4","0.067","0.067","0.048","0.051"
TaxEffectOfUnusualItems,"404,650.494","-90,706","41,678.554","386,214","-6,399","110,580","-2,165,251.667","-5,876,403","-382,284","-322,719","-85,696.665","-91,988","-933,317","-109,746","-91,513.228","106,460.2","-34,452","-284,749.2","-400,419.212","-5,677,217.09","-352,079.717","93,287.983","-480,538.885","-748,400","-449,501.065","-83,200.128","-136,551.906","122,995.526"