name,ttm,02/28/2022,11/30/2021,08/31/2021,05/31/2021,02/28/2021,11/30/2020,08/31/2020,05/31/2020,02/29/2020,11/30/2019,08/31/2019,05/31/2019,02/28/2019,11/30/2018,08/31/2018,05/31/2018,02/28/2018,11/30/2017,08/31/2017,05/31/2017,02/28/2017,11/30/2016,08/31/2016,05/31/2016,02/29/2016,11/30/2015,08/31/2015,05/31/2015,02/28/2015,11/30/2014,08/31/2014,05/31/2014,02/28/2014,11/30/2013,08/31/2013,05/31/2013,02/28/2013,11/30/2012,08/31/2012,05/31/2012,02/29/2012,11/30/2011,08/31/2011,05/31/2011,02/28/2011,11/30/2010,08/31/2010,05/31/2010,02/28/2010,11/30/2009,08/31/2009,05/31/2009,02/28/2009,11/30/2008,08/31/2008,05/31/2008,02/29/2008,11/30/2007,08/31/2007,05/31/2007,02/28/2007,11/30/2006,08/31/2006,05/31/2006,02/28/2006,11/30/2005,08/31/2005,05/31/2005,02/28/2005,11/30/2004,08/31/2004,05/31/2004,02/29/2004,11/30/2003,08/31/2003,05/31/2003,02/28/2003,11/30/2002,08/31/2002,05/31/2002,02/28/2002,11/30/2001,08/31/2001,05/31/2001,02/28/2001,11/30/2000,08/31/2000,05/31/2000,02/29/2000,11/30/1999,08/31/1999,05/31/1999,02/28/1999,11/30/1998,08/31/1998,05/31/1998,02/28/1998,11/30/1997,08/31/1997,05/31/1997,02/28/1997,11/30/1996,08/31/1996,05/31/1996,02/29/1996,11/30/1995,08/31/1995,05/31/1995,02/28/1995,11/30/1994,08/31/1994,05/31/1994,02/28/1994,11/30/1993,08/31/1993,05/31/1993,02/28/1993,11/30/1992,08/31/1992,05/31/1992,02/29/1992,11/30/1991,08/31/1991,05/31/1991,02/28/1991,11/30/1990
TotalRevenue,"245,541,000","56,599,000","61,259,000","68,945,000","58,736,000","48,162,000","48,324,000","48,993,000","37,105,000","53,745,000","58,613,000","65,165,000","56,006,000","50,356,000","53,829,000","64,819,000","50,461,000","46,547,000","47,932,000","59,522,000","43,751,000","42,196,000","39,787,000","64,831,000","44,738,000","45,269,000","45,218,000","67,444,000","48,306,000","46,316,000","47,875,000","68,110,000","47,131,000","46,506,000","43,418,000","61,574,000","44,859,000","40,430,000","44,061,000","51,015,000","41,274,000","38,627,000","39,540,000","45,013,000","40,897,000","35,478,000","39,416,000","44,701,000","30,496,000","31,757,000","33,901,000","34,489,000","30,645,000","29,903,000","35,081,000","52,329,000","59,061,000","75,127,000","73,574,000","67,211,000","64,509,000","76,876,000","75,530,000","64,657,000","63,282,000","78,333,000","72,351,000","66,127,000","65,788,000","82,523,000","69,104,000","60,441,000","61,248,000","78,715,000","75,031,000","66,944,000","65,380,000","89,790,000","85,046,000","74,241,000","71,091,000","103,326,000","84,340,000","172,235,000","90,610,000","133,366,000","125,226,000","185,338,000","110,759,000","145,023,000","144,100,000","168,200,000","109,300,000","137,100,000","140,400,000","156,600,000","107,500,000","138,600,000","143,900,000","145,100,000","79,800,000","106,000,000","102,400,000","74,100,000","72,500,000","93,600,000","91,900,000","72,000,000","59,400,000","74,700,000","71,100,000","54,400,000","48,900,000","56,200,000","56,400,000","40,400,000","36,600,000","44,500,000","44,000,000","29,300,000","26,800,000","32,200,000","32,500,000","21,000,000","18,300,000","20,800,000","21,800,000"
	OperatingRevenue,"245,541,000","56,599,000","61,259,000","68,945,000","58,736,000","48,162,000","48,324,000","48,993,000","37,105,000","53,745,000","58,613,000","65,165,000","56,006,000","50,356,000","53,829,000","64,819,000","50,461,000","46,547,000","47,932,000","59,522,000","43,751,000","42,196,000","39,787,000","64,831,000","44,738,000","45,269,000","45,218,000","67,444,000","48,306,000","46,316,000","47,875,000","68,110,000","47,131,000","46,506,000","43,418,000","61,574,000","44,859,000","40,430,000","44,061,000","51,015,000","41,274,000","38,627,000","39,540,000","45,013,000","40,897,000","35,478,000","39,416,000","44,701,000","30,496,000","31,757,000","33,901,000","34,489,000","30,645,000","29,903,000","35,081,000","52,329,000","59,061,000","75,127,000","73,574,000","67,211,000","64,509,000","76,876,000","75,530,000","64,657,000","63,282,000","78,333,000","72,351,000","66,127,000","65,788,000","82,523,000","69,104,000","60,441,000","61,248,000","78,715,000","75,031,000","66,944,000","65,380,000","89,790,000","85,046,000","74,241,000","71,091,000","103,326,000","84,340,000","172,235,000","90,610,000","133,366,000","125,226,000","185,338,000","110,759,000","145,023,000","144,100,000","168,200,000","109,300,000","137,100,000","140,400,000","156,600,000","107,500,000","138,600,000","143,900,000","145,100,000","79,800,000","106,000,000","102,400,000","74,100,000","72,500,000","93,600,000","91,900,000","72,000,000","59,400,000","74,700,000","71,100,000","54,400,000","48,900,000","56,200,000","56,400,000","40,400,000","36,600,000","44,500,000","44,000,000","29,300,000","26,800,000","32,200,000","32,500,000","21,000,000","18,300,000","20,800,000","21,800,000"
CostOfRevenue,"54,652,000","12,485,000","13,661,000","15,677,000","12,829,000","10,822,000","11,938,000","11,140,000","10,284,000","15,079,000","16,584,000","17,663,000","16,342,000","14,990,000","17,046,000","17,058,000","15,545,000","13,803,000","15,064,000","17,535,000","16,410,000","14,165,000","14,479,000","19,165,000","15,176,000","15,415,000","15,147,000","20,897,000","17,984,000","16,301,000","16,671,000","21,169,000","17,247,000","15,095,000","13,387,000","18,862,000","15,424,000","13,146,000","14,502,000","15,999,000","15,130,000","13,646,000","12,998,000","15,507,000","15,116,000","12,367,000","14,340,000","14,752,000","11,292,000","11,552,000","12,387,000","13,391,000","11,710,000","11,220,000","13,384,000","18,931,000","23,304,000","28,439,000","27,629,000","26,057,000","24,873,000","29,687,000","29,132,000","26,144,000","26,990,000","30,160,000","27,945,000","26,776,000","27,668,000","32,458,000","27,945,000","25,112,000","28,587,000","34,090,000","32,505,000","30,045,000","29,726,000","39,712,000","38,118,000","34,168,000","31,786,000","46,561,000","36,853,000","75,354,000","40,939,000","58,255,000","47,044,000","79,629,000","52,495,000","60,705,000","58,000,000","79,900,000","49,500,000","56,600,000","53,200,000","82,500,000","33,000,000","44,100,000","48,700,000","68,600,000","27,300,000","38,200,000","38,700,000","44,000,000","26,700,000","36,600,000","36,000,000","30,000,000","23,100,000","28,500,000","26,600,000","20,900,000","19,300,000","22,200,000","22,200,000","15,600,000","15,000,000","18,200,000","17,600,000","11,500,000","11,200,000",,,,,,
GrossProfit,"190,889,000","44,114,000","47,598,000","53,268,000","45,907,000","37,340,000","36,386,000","37,853,000","26,821,000","38,666,000","42,029,000","47,502,000","39,664,000","35,366,000","36,783,000","47,761,000","34,916,000","32,744,000","32,868,000","41,987,000","27,341,000","28,031,000","25,308,000","45,666,000","29,562,000","29,854,000","30,071,000","46,547,000","30,322,000","30,015,000","31,204,000","46,941,000","29,884,000","31,411,000","30,031,000","42,712,000","29,435,000","27,284,000","29,559,000","35,016,000","26,144,000","24,981,000","26,542,000","29,506,000","25,781,000","23,111,000","25,076,000","29,949,000","19,204,000","20,205,000","21,514,000","21,098,000","18,935,000","18,683,000","21,697,000","33,398,000","35,757,000","46,688,000","45,945,000","41,154,000","39,636,000","47,189,000","46,398,000","38,513,000","36,292,000","48,173,000","44,406,000","39,351,000","38,120,000","50,065,000","41,159,000","35,329,000","32,661,000","44,625,000","42,526,000","36,899,000","35,654,000","50,078,000","46,928,000","40,073,000","39,305,000","56,765,000","47,487,000","96,881,000","49,671,000","75,111,000","78,182,000","105,709,000","58,264,000","84,318,000","86,100,000","88,300,000","59,800,000","80,500,000","87,200,000","74,100,000","74,500,000","94,500,000","95,200,000","76,500,000","52,500,000","67,800,000","63,700,000","30,100,000","45,800,000","57,000,000","55,900,000","42,000,000","36,300,000","46,200,000","44,500,000","33,500,000","29,600,000","34,000,000","34,200,000","24,800,000","21,600,000","26,300,000","26,400,000","17,800,000","15,600,000",,,,,,
OperatingExpense,"174,400,000","40,597,000","42,053,000","48,955,000","42,793,000","36,496,000","36,555,000","32,476,000","26,966,000","39,044,000","42,188,000","38,774,000","41,528,000","38,922,000","37,436,000","40,161,000","37,503,000","37,871,000","36,120,000","34,367,000","32,497,000","32,519,000","30,683,000","31,658,000","30,820,000","29,739,000","28,311,000","32,394,000","27,826,000","28,834,000","27,616,000","32,599,000","26,866,000","27,512,000","26,525,000","33,704,000","25,373,000","24,032,000","24,267,000","27,315,000","22,750,000","22,200,000","22,838,000","26,188,000","22,922,000","21,623,000","21,628,000","26,033,000","19,374,000","20,894,000","19,630,000","21,590,000","20,168,000","22,062,000","22,415,000","25,585,000","36,609,000","39,903,000","40,868,000","38,546,000","37,253,000","37,705,000","42,788,000","37,780,000","37,671,000","37,617,000","40,270,000","40,388,000","38,338,000","42,150,000","39,181,000","37,199,000","38,680,000","43,675,000","44,650,000","52,647,000","52,757,000","57,559,000","54,262,000","72,386,000","59,493,000","17,215,000","78,009,000","81,080,000","75,212,000","76,249,000","74,596,000","93,795,000","76,995,000","75,761,000","71,800,000","79,500,000","65,800,000","66,900,000","66,200,000","45,300,000","72,100,000","71,900,000","70,600,000","52,300,000","47,200,000","46,300,000","42,000,000","26,100,000","35,500,000","36,100,000","34,800,000","29,800,000","26,600,000","26,600,000","24,200,000","22,900,000","21,200,000","19,400,000","18,100,000","17,000,000","15,100,000","15,400,000","14,000,000","12,000,000","11,000,000",,,,,,
	SellingGeneralAndAdministration,"163,704,000","38,061,000","39,343,000","46,166,000","40,132,000","33,623,000","33,683,000","29,635,000","24,150,000","36,221,000","39,399,000","36,037,000","38,713,000","35,925,000","34,644,000","37,296,000","34,910,000","35,097,000","33,824,000","31,971,000","30,713,000","29,370,000","29,095,000","30,068,000","29,095,000","27,936,000","26,489,000","30,327,000","25,934,000","26,841,000","25,699,000","30,689,000","25,017,000","25,707,000","24,752,000","31,881,000","23,661,000","22,691,000","22,943,000","25,927,000","21,448,000","20,714,000","21,373,000","24,542,000","21,009,000","19,915,000","19,789,000","24,336,000","17,530,000","18,942,000","17,694,000","18,900,000","18,179,000","20,253,000","20,610,000","30,684,000","34,210,000","37,652,000","38,771,000","36,417,000","35,287,000","36,666,000","40,849,000","35,862,000","35,629,000","35,488,000","37,767,000","37,917,000","35,947,000","38,787,000","35,960,000","33,704,000","35,128,000","39,410,000","40,016,000","45,887,000","44,283,000","48,208,000","48,065,000","76,734,000","49,770,000","86,144,000","56,504,000","68,573,000","63,095,000","64,994,000","63,325,000","79,508,000","65,399,000","64,013,000","60,900,000","67,800,000","54,600,000","56,100,000","56,400,000","33,800,000","62,400,000","62,500,000","62,600,000","44,500,000","40,900,000","41,400,000","37,400,000","21,500,000","31,300,000","32,300,000","31,200,000","26,200,000","23,600,000","23,700,000","22,000,000","20,900,000","19,700,000","18,400,000","16,900,000","15,400,000","14,300,000","14,500,000","13,200,000","11,100,000","10,400,000",,,,,,
		GeneralAndAdministrativeExpense,,,,"148,478,000","2,370,000",,"33,683,000","29,635,000","24,150,000","36,221,000","39,399,000","36,037,000","38,713,000","35,925,000","34,644,000","37,296,000","34,910,000","35,097,000","33,824,000","31,971,000","30,713,000","29,370,000","29,095,000","30,068,000","29,095,000","27,936,000","26,489,000","30,327,000","25,934,000","26,841,000","25,699,000","30,689,000","25,017,000","25,707,000","24,752,000","31,881,000","23,661,000","22,691,000","22,943,000",,,,,,,,,,,,,,,,,,,,,,,,,,,,,,,,,,,,,,,,,,,,,,,,,,,,,,,,,,,,,,,,,,,,,,,,,,,,,,,,,,,,,,,,
			SalariesAndWages,,,,"3,490,000","2,370,000",,,"887,000","-5,104,000",,,,,,,,"446,000","779,000","956,000",,"1,210,000","1,564,000","1,214,000","199,000","1,048,000","1,111,000",,,,,,,,,,,,,,,,,,,,,,,,,,,,,,,,,,,,,,,,,,,,,,,,,,,,,,,,,,,,,,,,,,,,,,,,,,,,,,,,,,,,,,,,,,,,,,,,,,,,,
			OtherGandA,,,,"42,676,000","37,762,000",,"33,683,000","28,748,000","29,254,000","36,221,000","39,399,000","36,037,000","38,713,000","35,925,000","34,644,000","39,478,000","34,464,000","34,318,000","32,868,000","35,958,000","29,503,000","27,806,000","27,881,000","29,869,000","28,047,000","26,825,000","26,489,000","30,327,000","25,934,000","26,841,000","25,699,000","30,689,000","25,017,000","25,707,000","24,752,000","31,881,000","23,661,000","22,691,000","22,943,000",,,,,,,,,,,,,,,,,,,,,,,,,,,,,,,,,,,,,,,,,,,,,,,,,,,,,,,,,,,,,,,,,,,,,,,,,,,,,,,,,,,,,,,,
		SellingAndMarketingExpense,,,,,"37,762,000","33,623,000",,,,,,,,,,,,,,,,,,,,,,,,,,,,,,,,,,,,,,,,,,,,,,,,,,,,,,,,,,,,,,,,,,,,,,,,,,,,,,,,,,,,,,,,,,,,,,,,,,,,,,,,,,,,,,,,,,,,,,,,,
	DepreciationAmortizationDepletionIncomeStatement,"10,696,000","2,536,000","2,710,000","2,789,000","2,661,000","2,873,000","2,872,000","2,841,000","2,816,000","2,823,000","2,789,000","2,737,000","2,815,000","2,997,000","2,792,000","2,865,000","2,593,000","2,774,000","2,296,000","2,396,000","1,784,000","1,649,000","1,588,000","1,590,000","1,725,000","1,803,000","1,822,000","2,067,000","1,892,000","1,993,000","1,917,000","1,910,000","1,849,000","1,805,000","1,773,000","1,823,000","1,712,000","1,341,000","1,324,000","1,388,000","1,302,000","1,486,000","1,465,000","1,646,000","1,913,000","1,708,000","1,839,000","1,697,000","1,844,000","1,952,000","1,936,000","2,690,000","1,989,000","1,809,000","1,805,000","2,549,000","2,399,000","2,251,000","2,097,000","2,129,000","1,966,000","2,266,000","1,939,000","1,918,000","2,042,000","2,129,000","2,503,000","2,471,000","2,891,000","3,363,000","3,221,000","3,495,000","3,552,000","4,265,000","4,634,000","5,892,000","8,584,000","9,219,000","7,087,000","8,688,000","9,476,000","10,171,000","9,673,000","12,507,000","12,117,000","11,255,000","11,271,000","14,287,000","11,596,000","11,748,000","10,900,000","11,700,000","11,200,000","10,800,000","9,800,000","11,500,000","9,700,000","9,400,000","8,000,000","7,800,000","6,300,000","4,900,000","4,600,000","4,600,000","4,200,000","3,800,000","3,600,000","3,600,000","3,000,000","2,900,000","2,200,000","2,000,000","1,500,000","1,000,000","1,200,000","1,600,000","800,000","900,000","800,000","900,000","600,000",,,,,,
		DepreciationAndAmortizationInIncomeStatement,"10,696,000","2,536,000","2,710,000","2,789,000","2,661,000","2,873,000","2,872,000","2,841,000","2,816,000","2,823,000","2,789,000","2,737,000","2,815,000","2,997,000","2,792,000","2,865,000","2,593,000","2,774,000","2,296,000","2,396,000","1,784,000","1,649,000","1,588,000","1,590,000","1,725,000","1,803,000","1,822,000","2,067,000","1,892,000","1,993,000","1,917,000","1,910,000","1,849,000","1,805,000","1,773,000","1,823,000","1,712,000","1,341,000","1,324,000","1,388,000","1,302,000","1,486,000","1,465,000","1,646,000","1,913,000","1,708,000","1,839,000","1,697,000","1,844,000","1,952,000","1,936,000","2,690,000","1,989,000","1,809,000","1,805,000","2,549,000","2,399,000","2,251,000","2,097,000","2,129,000","1,966,000","2,266,000","1,939,000","1,918,000","2,042,000","2,129,000","2,503,000","2,471,000","2,891,000","3,363,000","3,221,000","3,495,000","3,552,000","4,265,000","4,634,000","5,892,000","8,584,000","9,219,000","7,087,000","8,688,000","9,476,000","10,171,000","9,673,000","12,507,000","12,117,000","11,255,000","11,271,000","14,287,000","11,596,000","11,748,000","10,900,000","11,700,000","11,200,000","10,800,000","9,800,000","11,500,000","9,700,000","9,400,000","8,000,000","7,800,000","6,300,000","4,900,000","4,600,000","4,600,000","4,200,000","3,800,000","3,600,000","3,600,000","3,000,000","2,900,000","2,200,000","2,000,000","1,500,000","1,000,000","1,200,000","1,600,000","800,000","900,000","800,000","900,000","600,000",,,,,,
			DepreciationIncomeStatement,"5,179,000","1,190,000","1,279,000","1,286,000","1,423,000","1,740,000","1,741,000","1,739,000","1,652,000","1,653,000","1,619,000","1,558,000","1,556,000","1,697,000","1,554,000","1,614,000","1,267,000","1,379,000","901,000","1,136,000","949,000","928,000","866,000","868,000","1,003,000","894,000","912,000","1,158,000","980,000","1,040,000","964,000","917,000","866,000","816,000","784,000","833,000","752,000","722,000","702,000","768,000","680,000","860,000","834,000","872,000","997,000","788,000","910,000","768,000","915,000","1,012,000","974,000","1,728,000","994,000","906,000","903,000","1,648,000","1,497,000","1,350,000","1,198,000","1,230,000","1,060,000","1,366,000","1,037,000","1,016,000","1,134,000","1,221,000","1,408,000","1,428,000","1,848,000","2,320,000","2,178,000","2,452,000","2,509,000","3,222,000","3,591,000","4,882,000","7,532,000","8,068,000","5,914,000","7,722,000","8,283,000","9,060,000","8,277,000","7,430,000","7,292,000",,,,,,,,,,,,,,,,,,,,,,,,,,,,,,,,,,,,,,,,,,
			Amortization,"5,517,000","1,346,000","1,431,000","1,503,000","1,238,000","1,133,000","1,131,000","1,102,000","1,164,000","1,170,000","1,170,000","1,179,000","1,259,000","1,300,000","1,238,000","1,251,000","1,326,000","1,395,000","1,395,000","1,260,000","835,000","721,000","722,000","722,000","722,000","909,000","910,000","909,000","912,000","953,000","953,000","993,000","983,000","989,000","989,000","990,000","960,000","619,000","622,000","620,000","622,000","626,000","631,000","774,000","916,000","920,000","929,000","929,000","929,000","940,000","962,000","962,000","995,000","903,000","902,000","901,000","902,000","901,000","899,000","899,000","906,000","900,000","902,000","902,000","908,000","908,000","1,095,000","1,043,000","1,043,000","1,043,000","1,043,000","1,043,000","1,043,000","1,043,000","1,043,000","1,010,000","1,052,000","1,151,000","1,173,000","966,000","1,193,000","1,111,000","1,396,000","5,077,000","4,825,000",,,,,,,,,,,,,,,,,,,,,,,,,,,,,,,,,,,,,,,,,,
				AmortizationOfIntangiblesIncomeStatement,"5,517,000","1,346,000","1,431,000","1,503,000","1,238,000","1,133,000","1,131,000","1,102,000","1,164,000","1,170,000","1,170,000","1,179,000","1,259,000","1,300,000","1,238,000","1,251,000","1,326,000","1,395,000","1,395,000","1,260,000","835,000","721,000","722,000","722,000","722,000","909,000","910,000","909,000","912,000","953,000","953,000","993,000","983,000","989,000","989,000","990,000","960,000","619,000","622,000","620,000","622,000","626,000","631,000","774,000","916,000","920,000","929,000","929,000","929,000","940,000","962,000","962,000","995,000","903,000","902,000","901,000","902,000","901,000","899,000","899,000","906,000","900,000","902,000","902,000","908,000","908,000","1,095,000","1,043,000","1,043,000","1,043,000","1,043,000","1,043,000","1,043,000","1,043,000","1,043,000","1,010,000","1,052,000","1,151,000","1,173,000","966,000","1,193,000","1,111,000","1,396,000","5,077,000","4,825,000",,,,,,,,,,,,,,,,,,,,,,,,,,,,,,,,,,,,,,,,,,
	OtherOperatingExpenses,,,,,,,,,,,,,,,,,,,,"0",,"1,500,000",,,,,,,,,,,,,,,,,,,,,,,,,,,,,,,,,,,,,,"0",,"-1,227,000",,,,,,"0","-500,000",,,,,,,,"-110,000","132,000","-890,000","-13,036,000","247,000","-79,100,000","11,832,000",,,,,,,,,,,,,,,,,,,,,,,,,,,,,,,,,,,,,,,,,,,,
OperatingIncome,"16,489,000","3,517,000","5,545,000","4,313,000","3,114,000","844,000","-169,000","5,377,000","-145,000","-378,000","-159,000","8,728,000","-1,864,000","-3,556,000","-653,000","7,600,000","-2,587,000","-5,127,000","-3,252,000","7,620,000","-5,156,000","-4,488,000","-5,375,000","14,008,000","-1,258,000","115,000","1,760,000","14,153,000","2,496,000","1,181,000","3,588,000","14,342,000","3,018,000","3,899,000","3,506,000","9,008,000","4,062,000","3,252,000","5,292,000","7,701,000","3,394,000","2,781,000","3,704,000","3,318,000","2,859,000","1,488,000","3,448,000","3,916,000","-170,000","-689,000","1,884,000","-492,000","-1,233,000","-3,379,000","-718,000","7,813,000","-852,000","6,785,000","5,077,000","2,608,000","2,383,000","9,484,000","3,610,000","733,000","-1,379,000","10,556,000","4,136,000","-1,037,000","-218,000","7,915,000","1,978,000","-1,870,000","-6,019,000","950,000","-2,124,000","-15,748,000","-17,103,000","-7,481,000","-7,334,000","-32,313,000","-20,188,000","39,550,000","-30,522,000","15,801,000","-25,541,000","-1,138,000","3,586,000","11,914,000","-18,731,000","8,557,000","14,300,000","8,800,000","-6,000,000","13,600,000","21,000,000","28,800,000","2,400,000","22,600,000","24,600,000","24,200,000","5,300,000","21,500,000","21,700,000","4,000,000","10,300,000","20,900,000","21,100,000","12,200,000","9,700,000","19,600,000","20,300,000","10,600,000","8,400,000","14,600,000","16,100,000","7,800,000","6,500,000","10,900,000","12,400,000","5,800,000","4,600,000","32,200,000","32,500,000","-43,800,000","18,300,000","20,800,000","21,800,000"
NetNonOperatingInterestIncomeExpense,"-1,800,000","-411,000","-431,000","-449,000","-509,000","-524,000","-544,000","-515,000","-603,000","-544,000","-601,000","-534,000","-554,000","-614,000","-604,000","-687,000","-703,000","-638,000","-488,000","-478,000","-532,000","-514,000","-504,000","-522,000","-483,000","-469,000","-464,000","-471,000","-428,000","-428,000","-428,000","-459,000","-483,000","-450,000","-417,000","-398,000","-420,000","-448,000","-452,000","-601,000","-611,000","-622,000","-630,000","-661,000","-664,000","-636,000","-707,000","-678,000","-732,000","-733,000","-715,000","-783,000","-721,000","-744,000",,,,,,,,,,,,,,,,,,,,,,,,,,,,,,,,,,,,,,,,,,,,,,,,,,,,,,,,,,,,,,,,,,,,,,,,,
	InterestIncomeNonOperating,"60,000","12,000","15,000","17,000","16,000","16,000","24,000","20,000","18,000","13,000","5,000","7,000","8,000","9,000","28,000","10,000","35,000","54,000","61,000","69,000","86,000","109,000","116,000","82,000","81,000","83,000","77,000","61,000","104,000","107,000","111,000","102,000","74,000","109,000","143,000","168,000","158,000","150,000","137,000","8,000","2,000","4,000","3,000","5,000","5,000","6,000","4,000","18,000","2,000","11,000","3,000","-67,000","20,000","20,000",,,,,,,,,,,,,,,,,,,,,,,,,,,,,,,,,,,,,,,,,,,,,,,,,,,,,,,,,,,,,,,,,,,,,,,,,
	InterestExpenseNonOperating,"1,860,000","423,000","446,000","466,000","525,000","540,000","568,000","535,000","621,000","557,000","606,000","541,000","562,000","623,000","632,000","697,000","738,000","692,000","549,000","547,000","618,000","623,000","620,000","604,000","564,000","552,000","541,000","532,000","532,000","535,000","539,000","561,000","557,000","559,000","560,000","566,000","578,000","598,000","589,000","609,000","613,000","626,000","633,000","666,000","669,000","642,000","711,000","696,000","734,000","744,000","718,000","716,000","741,000","764,000",,,,,,,,,,,,,,,,,,,,,,,,,,,,,,,,,,,,,,,,,,,,,,,,,,,,,,,,,,,,,,,,,,,,,,,,,
	TotalOtherFinanceCost,,,,,,,,,,"544,000",,"534,000","554,000",,,,,,,,,,,,,,,,,,,,,,,,,,,,"611,000","622,000","630,000",,"664,000",,,,"732,000","733,000",,,,,,,,,,,,,,,,,,,,,,,,,,,,,,,,,,,,,,,,,,,,,,,,,,,,,,,,,,,,,,,,,,,,,,,,,,,,,
OtherIncomeExpense,,,,,,,,"-1,636,000",,,,"0",,"243,000",,"160,000","202,000",,,"-147,000","-1,335,000",,,"-400,000",,"-376,000",,"-806,000","-1,315,000",,"-130,000","-772,000","-141,000","-142,000","-142,000","-100,000","-115,000","-135,000","-147,000",,,,,,,,,"0",,"0",,,"-224,000","224,000",,,,,,"0","0","1,227,000",,"0",,"873,000",,"0","500,000",,"306,000",,,"0","0","-1,110,000","110,000","-214,000","672,000","14,194,000","1,027,000","1,897,000","-16,095,000","46,000","607,000","550,000","885,000","3,668,000","-7,965,000","-1,668,000",,,,,,,,,,"-4,500,000","-100,000","300,000","100,000","900,000","300,000","800,000","700,000","800,000","1,000,000","600,000","500,000","600,000","500,000","600,000","500,000","500,000","500,000","600,000","600,000","600,000","100,000",,,,,,
	EarningsFromEquityInterest,,,,,,,,,,,,,,,,,,,,,,,,,,,,,,,,,,,,,,,,,,,,,,,,,"0","0",,,,"224,000",,,,,,,,,,,,,,,,,,,,,,"0",,"-82,000","-46,000","1,151,000","1,274,000","1,028,000","863,000","46,000","607,000",,,,,,,,,,,,,,,,,,,,,,,,,,,,,,,,,,,,,,,,,,
	SpecialIncomeCharges,,,,"0",,,,"-1,636,000",,,,,,,,"0","0",,,"-147,000","-1,335,000","0",,"-400,000","0","-376,000",,"-807,000","-1,082,000",,,"-772,000",,,,"-101,000",,,"-147,000",,,,,,,,,"0","0",,,"-5,616,000","-224,000",,,,,,,"0",,"1,227,000",,"0",,"873,000",,"0","500,000",,"306,000",,,,,"-1,110,000","110,000","-132,000","718,000","13,043,000","-247,000","869,000","-16,958,000",,,"550,000","885,000","3,668,000","-7,965,000","-1,668,000",,,,,,,,,,"-4,500,000","-100,000","300,000","100,000","900,000","300,000","800,000","700,000","800,000","1,000,000","600,000","500,000","600,000","500,000","600,000","500,000","500,000","500,000","600,000","600,000","600,000","100,000",,,,,,
		RestructuringAndMergernAcquisition,,,,"0",,,,"1,636,000",,,,,,,,"0","0",,,"147,000","1,335,000","0",,"400,000","0","376,000",,"587,000",,,,,,,,,,,,,,,,,,,,"0","0",,,,,,,,,,,,,,,,,,,,,,"-306,000",,,,,,,,,,,,,,,,,,,,,,,,,,,,,,,,,,,,,,,,,,,,,,,,,,,,,,,,
		ImpairmentOfCapitalAssets,,,,,,,,,,,,,,,,,,,,,,,,,"0",,,"220,000","1,082,000",,,,,,,,,,,,,,,,,,,,,,,,,,,,,,,,,,,,,,,,,,,,,,,,,,,,,,,,,,,,,,,,,,,,,,,,,,,,,,,,,,,,,,,,,,,,,,,,,,
		OtherSpecialCharges,,,,,,,,,,,,,,,,,,,,,,,,,,,,,,,,"772,000",,,,"101,000",,,,,,,,,,,,,,,,,,,,,,,,,,,,,,,,,,,"0",,,,,,,,,,,,,,,,,,,,,,,,,,,,,,,,,,,,,,,,,,,,,,,,,,,,,,,,
	OtherNonOperatingIncomeExpenses,,,,,,,,,,,,"0",,"243,000",,"160,000","202,000",,,,,,,,,,,"1,000","-233,000",,"-130,000","-772,000","-141,000","-142,000","-142,000","-100,000","-115,000","-135,000","-147,000",,,,,,,,,,,,,,,,,,,,,,,,,,,,,,,,,,,,,,,,,,,,,,,,,,,,,,,,,,,,,,,,,,,,,,,,,,,,,,,,,,,,,,,,
PretaxIncome,"14,689,000","3,106,000","5,114,000","3,864,000","2,605,000","320,000","-713,000","3,226,000","-748,000","-922,000","-760,000","8,194,000","-2,418,000","-3,927,000","-1,257,000","7,073,000","-3,088,000","-5,765,000","-3,740,000","6,995,000","-7,023,000","-5,002,000","-5,879,000","13,086,000","-1,741,000","-730,000","1,296,000","12,876,000","753,000","753,000","3,030,000","13,111,000","2,394,000","3,307,000","2,947,000","8,510,000","3,527,000","2,669,000","4,693,000","5,731,000","2,783,000","2,159,000","3,074,000","2,657,000","2,195,000","852,000","2,741,000","3,238,000","-902,000","-1,422,000","1,169,000","-6,891,000","-2,178,000","-3,899,000","-1,493,000","5,141,000","-1,522,000","6,039,000","4,176,000","1,710,000","1,640,000","9,166,000","3,150,000","458,000","-1,735,000","11,085,000","3,823,000","-1,376,000","63,000","8,051,000","2,364,000","-1,725,000","-5,961,000","1,035,000","-2,150,000","-15,959,000","-17,011,000","-7,462,000","-7,358,000","-30,104,000","-18,761,000","-37,214,000","-36,100,000","14,585,000","-26,522,000","-1,715,000","2,837,000","14,730,000","-27,701,000","5,430,000","13,100,000","-26,500,000","-7,900,000","11,300,000","18,800,000","26,700,000","800,000","21,300,000","23,300,000","17,500,000","5,200,000","21,800,000","21,800,000","4,200,000","10,600,000","21,600,000","21,700,000","13,200,000","10,600,000","19,800,000","20,500,000","11,000,000","8,700,000","14,900,000","16,400,000","8,100,000","6,700,000","11,200,000","12,700,000","5,900,000","4,500,000",,,,,,
TaxProvision,"-5,562,000","1,228,000","1,302,000","2,057,000","-10,149,000","366,000","179,000","2,246,000","10,220,000","-2,019,000","-216,000","2,319,000","-394,000","-410,000","100,000","5,294,000","-554,000","-3,025,000","-1,348,000","2,336,000","-2,482,000","-1,669,000","-1,921,000","5,360,000","-689,000","-282,000","506,000","5,207,000","-438,000","326,000","1,202,000","656,000","472,000","1,336,000","1,228,000","790,000","1,416,000","1,077,000","1,796,000","2,331,000","1,166,000","997,000","1,412,000","-327,000","1,471,000","547,000","1,947,000","4,504,000","-1,165,000","-1,041,000","921,000","-2,314,000","2,875,000","-3,266,000","-924,000","2,923,000","-11,000","2,957,000","2,117,000","1,097,000","753,000","4,452,000","1,734,000","-14,650,000","-2,754,000","1,872,000","590,000","118,000","-3,006,000","965,000","838,000","328,000","-812,000","803,000","1,030,000","-2,491,000","-1,270,000","476,000","748,000","8,558,000","-6,998,000","-12,833,000","-14,440,000","11,607,000","-11,935,000","-911,000","1,507,000","10,312,000","-8,867,000","2,611,000","5,900,000","-4,800,000","-3,300,000","4,700,000","7,900,000","11,100,000","300,000","8,800,000","9,700,000","7,800,000","2,100,000","8,800,000","8,800,000","2,100,000","4,300,000","8,800,000","8,700,000","5,300,000","4,200,000","7,800,000","8,100,000","4,300,000","3,400,000","5,900,000","6,500,000","3,000,000","2,700,000","4,500,000","5,100,000","-5,500,000","1,800,000",,,,,,
NetIncomeCommonStockholders,"20,251,000","1,878,000","3,812,000","1,807,000","12,754,000","-46,000","-892,000","980,000","-10,968,000","1,097,000","-544,000","5,875,000","-2,024,000","-3,517,000","-1,357,000","1,779,000","-2,534,000","-2,740,000","-2,392,000","4,659,000","-4,541,000","-3,333,000","-3,958,000","7,726,000","-1,052,000","-448,000","790,000","7,669,000","1,191,000","427,000","1,828,000","12,455,000","1,922,000","1,971,000","1,719,000","7,720,000","2,111,000","1,592,000","2,897,000","3,400,000","1,617,000","1,162,000","1,662,000","2,984,000","724,000","305,000","794,000","-520,000","135,000","-381,000","248,000","-4,577,000","-5,053,000","-633,000","-569,000","2,218,000","-1,511,000","3,082,000","2,059,000","613,000","539,000","3,780,000","482,000","14,175,000","85,000","8,074,000","1,854,000","-3,213,000","885,000","4,902,000","-658,000","-4,237,000","-7,333,000","-1,952,000","-5,364,000","-15,652,000","-17,925,000","-10,122,000","-8,106,000","-39,071,000","-13,947,000","32,920,000","-27,782,000","908,000","-16,615,000","-2,832,000","-698,000","2,391,000","-20,862,000","783,000","5,300,000","-23,600,000","-4,600,000","6,600,000","10,900,000","15,600,000","500,000","12,500,000","11,500,000","9,700,000","3,100,000","13,000,000","13,000,000","2,100,000","6,300,000","12,800,000","13,000,000","7,900,000","6,400,000","12,000,000","12,400,000","6,700,000","5,300,000","9,000,000","9,900,000","5,100,000","4,000,000","6,700,000","7,600,000","11,400,000","2,700,000","4,900,000","5,500,000","2,000,000","1,800,000","3,400,000","3,600,000"
	NetIncome,"20,251,000","1,878,000","3,812,000","1,807,000","12,754,000","-46,000","-892,000","980,000","-10,968,000","1,097,000","-544,000","5,875,000","-2,024,000","-3,517,000","-1,357,000","1,779,000","-2,534,000","-2,740,000","-2,392,000","4,659,000","-4,541,000","-3,333,000","-3,958,000","7,726,000","-1,052,000","-448,000","790,000","7,669,000","1,191,000","427,000","1,828,000","12,455,000","1,922,000","1,971,000","1,719,000","7,720,000","2,111,000","1,592,000","2,897,000","3,400,000","1,617,000","1,162,000","1,662,000","2,984,000","724,000","305,000","794,000","-520,000","135,000","-381,000","248,000","-4,577,000","-5,053,000","-633,000","-569,000","2,218,000","-1,511,000","3,082,000","2,059,000","613,000","887,000","4,714,000","1,416,000","15,108,000","1,019,000","9,213,000","3,233,000","-1,494,000","3,069,000","7,086,000","1,526,000","-2,053,000","-5,149,000","232,000","-3,180,000","-13,468,000","-15,741,000","-7,938,000","-8,106,000","-36,887,000","-11,763,000","35,103,000","-25,652,000","2,978,000","-14,587,000","-804,000","1,330,000","4,418,000","-18,834,000","2,819,000","7,200,000","-21,700,000","-4,600,000","6,600,000","10,900,000","15,600,000","500,000","12,500,000","11,500,000","9,700,000","3,100,000","13,000,000","13,000,000","2,100,000","6,300,000","12,800,000","13,000,000","7,900,000","6,400,000","12,000,000","12,400,000","6,700,000","5,300,000","9,000,000","9,900,000","5,100,000","4,000,000","6,700,000","7,600,000","11,400,000","2,700,000","4,900,000","5,500,000","2,000,000","1,800,000","3,400,000","3,600,000"
		NetIncomeIncludingNoncontrollingInterests,"20,251,000","1,878,000","3,812,000","1,807,000","12,754,000","-46,000","-892,000","980,000","-10,968,000","1,097,000","-544,000","5,875,000","-2,024,000","-3,517,000","-1,357,000","1,779,000","-2,534,000","-2,740,000","-2,392,000","4,659,000","-4,541,000","-3,333,000","-3,958,000","7,726,000","-1,052,000","-448,000","790,000","7,669,000","1,191,000","427,000","1,828,000","12,455,000","1,922,000","1,971,000","1,719,000","7,720,000","2,111,000","1,592,000","2,897,000","3,400,000","1,617,000","1,162,000","1,662,000","2,984,000","724,000","305,000","794,000","-520,000","135,000","-381,000","248,000","-4,577,000","-5,053,000","-633,000","-569,000","2,218,000","-1,511,000","3,082,000","2,059,000","613,000","887,000","4,714,000","1,416,000","15,108,000","1,019,000","9,213,000","3,233,000","-1,494,000","3,069,000","7,086,000","1,526,000","-2,053,000","-5,149,000","232,000","-3,180,000","-13,468,000","-15,741,000","-7,938,000","-8,106,000","-36,887,000","-11,763,000","35,103,000","-25,652,000","2,978,000","-14,587,000","-804,000","1,330,000","4,418,000","-18,834,000","2,819,000","7,200,000","-21,700,000","-4,600,000","6,600,000","10,900,000","15,600,000","500,000","12,500,000","11,500,000","9,700,000","3,100,000","13,000,000","13,000,000","2,100,000","6,300,000","12,800,000","13,000,000","7,900,000","6,400,000","12,000,000","12,400,000","6,700,000","5,300,000","9,000,000","9,900,000","5,100,000","4,000,000","6,700,000","7,600,000","11,400,000","2,700,000","4,900,000","5,500,000","2,000,000","1,800,000","3,400,000","3,600,000"
			NetIncomeContinuousOperations,"20,251,000","1,878,000","3,812,000","1,807,000","12,754,000","-46,000","-892,000","980,000","-10,968,000","1,097,000","-544,000","5,875,000","-2,024,000","-3,517,000","-1,357,000","1,779,000","-2,534,000","-2,740,000","-2,392,000","4,659,000","-4,541,000","-3,333,000","-3,958,000","7,726,000","-1,052,000","-448,000","790,000","7,669,000","1,191,000","427,000","1,828,000","12,455,000","1,922,000","1,971,000","1,719,000","7,720,000","2,111,000","1,592,000","2,897,000","3,400,000","1,617,000","1,162,000","1,662,000","2,984,000","724,000","305,000","794,000","-1,266,000","263,000","-381,000","248,000","-4,577,000","-5,053,000","-633,000","-569,000","2,218,000","-1,511,000","3,082,000","2,059,000","613,000","887,000","4,714,000","1,416,000","15,108,000","1,019,000","9,213,000","3,233,000","-1,494,000","3,069,000","7,086,000","1,526,000","-2,053,000","-5,149,000","232,000","-3,180,000","-13,468,000","-15,741,000","-7,938,000","-8,106,000","-38,662,000","-11,763,000","-24,381,000","-21,660,000","2,978,000","-14,587,000","-804,000","1,330,000","4,418,000","-18,834,000","2,819,000","7,200,000","-21,700,000","-4,600,000","6,600,000","10,900,000","15,600,000","500,000","12,500,000","13,600,000","9,700,000","3,100,000","13,000,000","13,000,000","2,100,000","6,300,000","12,800,000","13,000,000","7,900,000","6,400,000","12,000,000","12,400,000","6,700,000","5,300,000","9,000,000","9,900,000","5,100,000","4,000,000","6,700,000","7,600,000","11,400,000","2,700,000","4,900,000","5,500,000","2,000,000","1,800,000","3,400,000","3,600,000"
			NetIncomeDiscontinuousOperations,,,,,,,,,,,,,,,,,,,,,,,,,,,,,,,,,,,,,,,,,,,,"0","0","0","0","746,000","-128,000",,,,,,,,,,,,,,,,,,,,,,,,,,,,,,,"1,775,000","0","59,484,000","-3,992,000",,,,,,,,,,,,,,,,,,,,,,,,,,,,,,,,,,,,,,,,,,,,
			NetIncomeExtraordinary,,,,,,,,,,,,,,,,,,,,,,,,,,,,,,,,,,,,,,,,,,,,,,,,,,,,,,,,,,,,,,,,,,,,,,,,,,,,,,,,"0",,,,,,,,,,,,,,,,"0",,,"-2,100,000",,,,,,,,,,,,,,,,,,,,,,,,,,,,
	PreferredStockDividends,,,,,,,,,,,,,,,,,,,,,,,,,,,,,,,,,,,,,,,,,,,,,,,,,,,,,,,,,,,,"0","348,000","934,000","934,000","933,000","934,000","1,139,000","1,379,000","1,719,000","2,184,000","2,184,000","2,184,000","2,184,000","2,184,000","2,184,000","2,184,000","2,184,000","2,184,000","2,184,000",,"2,184,000","2,184,000","2,183,000","2,130,000","2,070,000","2,028,000","2,028,000","2,028,000","2,027,000","2,028,000","2,036,000","1,900,000",,,,,,,,,,,,,,,,,,,,,,,,,,,,,,,,,,,,
DilutedNIAvailtoComStockholders,"20,251,000","1,878,000","3,812,000","1,807,000","12,754,000","-46,000","-892,000","980,000","-10,968,000","1,097,000","-544,000","5,875,000","-2,024,000","-3,517,000","-1,357,000","1,779,000","-2,534,000","-2,740,000","-2,392,000","4,659,000","-4,541,000","-3,333,000","-3,958,000","7,726,000","-1,052,000","-448,000","790,000","7,669,000","1,191,000","427,000","1,828,000","12,455,000","1,922,000","1,971,000","1,719,000","7,720,000","2,111,000","1,592,000","2,897,000","3,400,000","1,617,000","1,162,000","1,662,000","2,984,000","724,000","305,000","794,000","-520,000","135,000","-381,000","248,000","-4,577,000","-5,053,000","-633,000","-569,000","2,218,000","-1,511,000","3,082,000","2,059,000","613,000","539,000","3,780,000","482,000","14,175,000","85,000","8,074,000","1,854,000","-3,213,000","885,000","4,902,000","-658,000","-4,237,000","-7,333,000","-1,952,000","-5,364,000","-15,652,000","-17,925,000","-10,122,000","-8,106,000","-39,071,000","-13,947,000","32,920,000","-27,782,000","908,000","-16,615,000","-2,832,000","-698,000","2,391,000","-20,862,000","783,000","5,300,000","-23,600,000","-4,600,000","6,600,000","10,900,000","15,600,000","500,000","12,500,000","11,500,000","9,700,000","3,100,000","13,000,000","13,000,000","2,100,000","6,300,000","12,800,000","13,000,000","7,900,000","6,400,000","12,000,000","12,400,000","6,700,000","5,300,000","9,000,000","9,900,000","5,100,000","4,000,000","6,700,000","7,600,000","11,400,000","2,700,000","4,900,000","5,500,000","2,000,000","1,800,000","3,400,000","3,600,000"
BasicEPS,,"0.13","0.27","0.13","0.9","-0.003","-0.06","0.07","-0.79","0.08","-0.04","0.42","-0.14","-0.25","-0.1","0.13","-0.18","-0.2","-0.17","0.34","-0.33","-0.24","-0.29","0.55","-0.07","-0.03","0.05","0.47","0.07","0.03","0.11","0.74","0.11","0.12","0.1","0.47","0.13","0.09","0.16",,"0.09","0.07","0.09",,"0.04","0.02","0.05",,"0.01","-0.03","0.01",,"-0.38","-0.05","-0.04",,"-0.09","0.16","0.11",,"0.03","0.19","0.02",,"0.004","0.4","0.09",,"-0.34","0.19","-0.03",,"-0.37","-0.1","-0.27",,"-0.89","-0.5","-0.51",,"-0.7","1.66","-1.4",,"-0.84","-0.14","-0.03",,"-1.02","0.04","0.26",,"-0.22","0.31","0.5",,"0.02","0.5","0.45",,"0.15","0.63","0.62",,"0.28","0.57","0.57",,"0.28","0.53","0.56",,"0.24","0.41","0.46",,"0.19","0.32","0.36",,"0.16","0.27","0.31",,"0.1","0.19","0.2"
DilutedEPS,,"0.13","0.27","0.13","0.9","-0.003","-0.06","0.07","-0.79","0.08","-0.04","0.41","-0.14","-0.25","-0.1","0.13","-0.18","-0.2","-0.17","0.33","-0.33","-0.24","-0.29","0.55","-0.074","-0.03","0.05","0.46","0.07","0.02","0.11","0.73","0.11","0.12","0.1","0.47","0.13","0.08","0.15",,"0.09","0.06","0.09",,"0.04","0.02","0.05",,"0.01","-0.03","0.01",,"-0.38","-0.05","-0.04",,"-0.09","0.16","0.1",,"0.03","0.19","0.02",,"0.004","0.39","0.09",,"-0.34","0.19","-0.03",,"-0.37","-0.1","-0.27",,"-0.89","-0.5","-0.51",,"-0.7","1.656","-1.4",,"-0.84","-0.14","-0.03",,"-1.02","0.04","0.26",,"-0.22","0.31","0.5",,"0.02","0.49","0.45",,"0.15","0.63","0.62",,"0.28","0.57","0.57",,"0.28","0.53","0.56",,"0.24","0.41","0.46",,"0.19","0.32","0.36",,"0.16","0.27","0.31",,"0.1","0.19","0.2"
BasicAverageShares,,"14,312,000","14,246,000","14,156,000","14,145,000","14,082,000","13,977,000","13,876,000","13,869,000","13,841,000","13,982,000","13,974,000","13,963,000","13,937,000","13,917,000","13,906,000","13,896,000","13,867,000","13,725,000","13,824,000","13,834,000","13,825,000","13,791,000","13,998,000","14,259,000","15,299,000","16,218,000","16,449,000","16,739,000","16,908,000","16,870,000","16,843,000","16,754,000","16,717,000","16,564,000","16,352,000","16,330,000","18,550,000","18,161,000",,"17,797,000","17,764,000","17,733,000",,"17,067,000","16,990,000","17,032,000",,"16,985,000","13,489,000","16,958,000",,"13,420,000","13,385,000","13,378,000",,"16,132,000","19,510,000","19,481,000",,"19,412,000","19,589,000","19,910,000",,"20,060,000","20,311,000","20,331,000",,"19,922,000","19,880,000","19,729,000",,"19,940,000","19,940,000","19,927,000",,"20,055,000","20,052,000","20,009,000",,"19,929,000","19,882,000","19,856,000",,"19,872,000","20,450,000","20,647,000",,"20,413,000","20,187,000","20,518,000",,"20,909,091","21,290,323","21,800,000",,"25,000,000","25,000,000","25,555,556",,"20,666,667","20,634,921","20,967,742",,"22,500,000","22,456,140","22,807,018",,"22,857,143","22,641,509","22,142,857",,"22,083,333","21,951,220","21,521,739",,"21,052,632","20,937,500","21,111,111",,"16,875,000","18,148,148","17,741,935",,"18,000,000","17,894,737","18,000,000"
DilutedAverageShares,,"14,333,000","14,312,000","14,175,000","14,156,000","14,082,000","13,977,000","13,941,000","13,869,000","13,990,000","13,982,000","14,227,000","13,963,000","13,937,000","13,917,000","14,114,000","13,896,000","13,867,000","13,725,000","13,983,000","13,834,000","13,825,000","13,791,000","14,118,000","14,259,000","15,299,000","16,352,000","16,614,000","16,900,000","17,086,000","17,092,000","17,069,000","16,934,000","16,926,000","16,859,000","16,479,000","16,421,000","19,709,000","19,275,000",,"18,316,000","18,287,000","17,998,000",,"17,354,000","17,379,000","17,115,000",,"17,039,000","13,489,000","17,050,000",,"13,420,000","13,385,000","13,378,000",,"16,132,000","19,805,000","19,760,000",,"19,969,000","20,026,000","20,192,000",,"20,734,000","20,634,000","20,642,000",,"19,922,000","19,940,000","19,729,000",,"19,940,000","19,940,000","19,927,000",,"20,055,000","20,052,000","20,009,000",,"19,929,000","19,882,000","19,856,000",,"19,872,000","20,450,000","20,647,000",,"20,413,000","20,285,000","20,595,000",,"20,909,091","21,290,323","21,800,000",,"25,000,000","25,510,204","25,555,556",,"20,666,667","20,634,921","20,967,742",,"22,500,000","22,456,140","22,807,018",,"22,857,143","22,641,509","22,142,857",,"22,083,333","21,951,220","21,521,739",,"21,052,632","20,937,500","21,111,111",,"16,875,000","18,148,148","17,741,935",,"18,000,000","17,894,737","18,000,000"
TotalOperatingIncomeAsReported,"16,489,000","3,517,000","5,545,000","4,313,000","3,114,000","844,000","-169,000","3,741,000","-145,000","-378,000","-159,000","8,728,000","-1,864,000","-3,556,000","-653,000","7,600,000","-2,587,000","-5,127,000","-3,252,000","7,473,000","-6,491,000","-4,488,000","-5,375,000","13,608,000","-1,258,000","-261,000","1,760,000","13,346,000","1,414,000","1,181,000","3,588,000","14,342,000","3,018,000","3,899,000","3,506,000","9,008,000","4,062,000","3,252,000","5,292,000","7,701,000","3,394,000","2,781,000","3,704,000","3,318,000","2,859,000","1,488,000","3,448,000","3,916,000","-170,000","-689,000","1,884,000","-6,108,000","-1,233,000","-3,379,000","-718,000","5,749,000","-852,000","6,785,000","5,077,000","2,608,000","2,383,000","9,484,000","3,610,000","733,000","-1,379,000","10,556,000","4,136,000","-1,037,000","-218,000","7,915,000","2,284,000","-1,870,000","-6,019,000","950,000","-2,124,000","-15,748,000","-17,103,000","-7,481,000","-7,334,000","-32,313,000","-20,188,000","39,550,000","-30,522,000","15,801,000","-25,541,000","-1,138,000","3,586,000","11,914,000","-18,731,000","8,557,000","14,300,000","8,800,000","-6,000,000","13,600,000","21,000,000","28,800,000","2,400,000","22,600,000","24,600,000","24,200,000","5,300,000","21,500,000","21,700,000","4,000,000","10,300,000","20,900,000","21,100,000","12,200,000","9,700,000","19,600,000","20,300,000","10,600,000","8,400,000","14,600,000","16,100,000","7,800,000","6,500,000","10,900,000","12,400,000","5,800,000","4,600,000",,,,,,
TotalExpenses,"229,052,000","53,082,000","55,714,000","64,632,000","55,622,000","47,318,000","48,493,000","43,616,000","37,250,000","54,123,000","58,772,000","56,437,000","57,870,000","53,912,000","54,482,000","57,219,000","53,048,000","51,674,000","51,184,000","51,902,000","48,907,000","46,684,000","45,162,000","50,823,000","45,996,000","45,154,000","43,458,000","53,291,000","45,810,000","45,135,000","44,287,000","53,768,000","44,113,000","42,607,000","39,912,000","52,566,000","40,797,000","37,178,000","38,769,000","43,314,000","37,880,000","35,846,000","35,836,000","41,695,000","38,038,000","33,990,000","35,968,000","40,785,000","30,666,000","32,446,000","32,017,000","34,981,000","31,878,000","33,282,000","35,799,000","44,516,000","59,913,000","68,342,000","68,497,000","64,603,000","62,126,000","67,392,000","71,920,000","63,924,000","64,661,000","67,777,000","68,215,000","67,164,000","66,006,000","74,608,000","67,126,000","62,311,000","67,267,000","77,765,000","77,155,000","82,692,000","82,483,000","97,271,000","92,380,000","106,554,000","91,279,000","63,776,000","114,862,000","156,434,000","116,151,000","134,504,000","121,640,000","173,424,000","129,490,000","136,466,000","129,800,000","159,400,000","115,300,000","123,500,000","119,400,000","127,800,000","105,100,000","116,000,000","119,300,000","120,900,000","74,500,000","84,500,000","80,700,000","70,100,000","62,200,000","72,700,000","70,800,000","59,800,000","49,700,000","55,100,000","50,800,000","43,800,000","40,500,000","41,600,000","40,300,000","32,600,000","30,100,000","33,600,000","31,600,000","23,500,000","22,200,000",,,,,,
NetIncomeFromContinuingAndDiscontinuedOperation,"20,251,000","1,878,000","3,812,000","1,807,000","12,754,000","-46,000","-892,000","980,000","-10,968,000","1,097,000","-544,000","5,875,000","-2,024,000","-3,517,000","-1,357,000","1,779,000","-2,534,000","-2,740,000","-2,392,000","4,659,000","-4,541,000","-3,333,000","-3,958,000","7,726,000","-1,052,000","-448,000","790,000","7,669,000","1,191,000","427,000","1,828,000","12,455,000","1,922,000","1,971,000","1,719,000","7,720,000","2,111,000","1,592,000","2,897,000","3,400,000","1,617,000","1,162,000","1,662,000","2,984,000","724,000","305,000","794,000","-520,000","135,000","-381,000","248,000","-4,577,000","-5,053,000","-633,000","-569,000","2,218,000","-1,511,000","3,082,000","2,059,000","613,000","887,000","4,714,000","1,416,000","15,108,000","1,019,000","9,213,000","3,233,000","-1,494,000","3,069,000","7,086,000","1,526,000","-2,053,000","-5,149,000","232,000","-3,180,000","-13,468,000","-15,741,000","-7,938,000","-8,106,000","-36,887,000","-11,763,000","35,103,000","-25,652,000","2,978,000","-14,587,000","-804,000","1,330,000","4,418,000","-18,834,000","2,819,000","7,200,000","-21,700,000","-4,600,000","6,600,000","10,900,000","15,600,000","500,000","12,500,000","13,600,000","9,700,000","3,100,000","13,000,000","13,000,000","2,100,000","6,300,000","12,800,000","13,000,000","7,900,000","6,400,000","12,000,000","12,400,000","6,700,000","5,300,000","9,000,000","9,900,000","5,100,000","4,000,000","6,700,000","7,600,000","11,400,000","2,700,000","4,900,000","5,500,000","2,000,000","1,800,000","3,400,000","3,600,000"
NormalizedIncome,"20,251,000","1,878,000","3,812,000","1,807,000","12,754,000","-46,000","-892,000","980,000","-10,968,000","1,097,000","-544,000","5,875,000","-2,024,000","-3,517,000","-1,357,000","1,779,000","-2,534,000","-2,740,000","-2,392,000","4,756,908.935","-3,677,255","-3,333,000","-3,958,000","7,966,000","-1,052,000","-218,640","790,000","8,153,200","1,840,200","427,000","1,828,000","12,455,000","1,922,000","1,971,000","1,719,000","7,720,000","2,111,000","1,592,000","2,987,743.448","3,400,000","1,617,000","1,162,000","1,662,000","2,984,000","724,000","305,000","794,000","-1,266,000","263,000","-381,000","248,000","-846,854.593","-4,907,400","-633,000","-569,000","2,218,000","-1,511,000","3,082,000","2,059,000","613,000","887,000","3,916,450","1,416,000","15,108,000","1,019,000","8,487,429.499","3,233,000","-1,494,000","2,769,000","7,086,000","1,328,472.081","-2,053,000","-5,149,000","232,000","-3,180,000","-12,531,257.096","-15,842,787.667","-7,858,800","-8,536,800","-46,487,800","-11,608,132.935","-24,950,331.139","-11,485,200","2,978,000","-14,587,000","-1,134,000","799,000","2,217,200","-13,418,570.593","3,819,800","7,200,000","-21,700,000","-4,600,000","6,600,000","10,900,000","15,600,000","500,000","12,500,000","13,600,000","12,400,000","3,160,000","12,820,000","12,940,000","1,560,000","6,120,000","12,320,000","12,580,000","7,420,000","5,796,226.415","11,636,363.636","12,097,560.976","6,334,545.455","4,995,402.299","8,637,583.893","9,598,170.732","4,785,185.185","3,700,000","6,340,000","7,240,000","11,040,000","2,640,000","4,900,000","5,500,000","2,000,000","1,800,000","3,400,000","3,600,000"
InterestIncome,"60,000","12,000","15,000","17,000","16,000","16,000","24,000","20,000","18,000","13,000","5,000","7,000","8,000","9,000","28,000","10,000","35,000","54,000","61,000","69,000","86,000","109,000","116,000","82,000","81,000","83,000","77,000","61,000","104,000","107,000","111,000","102,000","74,000","109,000","143,000","168,000","158,000","150,000","137,000","8,000","2,000","4,000","3,000","5,000","5,000","6,000","4,000","18,000","2,000","11,000","3,000","-67,000","20,000","20,000",,,,,,"35,000","124,000",,,,,,,,,,"118,000",,,"141,000","86,000","139,000",,"138,000",,,"210,000",,,,,,"240,000",,,,,,,,,,,,,,,,,,,,,,,,,,,,,,,,,,,,,,,,
InterestExpense,"1,860,000","423,000","446,000","466,000","525,000","540,000","568,000","535,000","621,000","557,000","606,000","541,000","562,000","623,000","632,000","697,000","738,000","692,000","549,000","547,000","618,000","623,000","620,000","604,000","564,000","552,000","541,000","532,000","532,000","535,000","539,000","561,000","557,000","559,000","560,000","566,000","578,000","598,000","589,000","609,000","613,000","626,000","633,000","666,000","669,000","642,000","711,000","696,000","734,000","744,000","718,000","716,000","741,000","764,000",,,,,,,,,,,,,,,,,,,,,,,,,,,,,,,,,,,,,,,,,,,,,,,,,,,,,,,,,,,,,,,,,,,,,,,,,
NetInterestIncome,"-1,800,000","-411,000","-431,000","-449,000","-509,000","-524,000","-544,000","-515,000","-603,000","-544,000","-601,000","-534,000","-554,000","-614,000","-604,000","-687,000","-703,000","-638,000","-488,000","-478,000","-532,000","-514,000","-504,000","-522,000","-483,000","-469,000","-464,000","-471,000","-428,000","-428,000","-428,000","-459,000","-483,000","-450,000","-417,000","-398,000","-420,000","-448,000","-452,000","-601,000","-611,000","-622,000","-630,000","-661,000","-664,000","-636,000","-707,000","-678,000","-732,000","-733,000","-715,000","-783,000","-721,000","-744,000",,,,,,"-898,000","-743,000",,,,,,,,,,"80,000",,,"85,000","-26,000","31,000",,"101,000",,,"153,000",,,,,,"-1,634,000",,,,,,,,,,,,,,,,,,,,,,,,"-200,000",,,"-200,000",,,,,,,,,,,,,
EBIT,"16,549,000","3,529,000","5,560,000","4,330,000","3,130,000","860,000","-145,000","3,761,000","-127,000","-365,000","-154,000","8,735,000","-1,856,000","-3,304,000","-625,000","7,770,000","-2,350,000","-5,073,000","-3,191,000","7,542,000","-6,405,000","-4,379,000","-5,259,000","13,690,000","-1,177,000","-178,000","1,837,000","13,408,000","1,285,000","1,288,000","3,569,000","13,672,000","2,951,000","3,866,000","3,507,000","9,076,000","4,105,000","3,267,000","5,282,000","6,340,000","3,396,000","2,785,000","3,707,000","3,323,000","2,864,000","1,494,000","3,452,000","3,934,000","-168,000","-678,000","1,887,000","-6,175,000","-1,437,000","-3,135,000","-718,000","7,813,000","-852,000","6,785,000","5,077,000","2,608,000","2,383,000","9,484,000","3,610,000","733,000","-1,379,000","10,556,000","4,136,000","-1,037,000","-218,000","7,915,000","1,978,000","-1,870,000","-6,019,000","950,000","-2,124,000","-15,748,000","-17,103,000","-7,481,000","-7,334,000","-32,313,000","-20,188,000","39,550,000","-30,522,000","15,801,000","-25,541,000","-1,138,000","3,586,000","11,914,000","-18,731,000","8,557,000","14,300,000","8,800,000","-6,000,000","13,600,000","21,000,000","28,800,000","2,400,000","22,600,000","24,600,000","24,200,000","5,300,000","21,500,000","21,700,000","4,000,000","10,300,000","20,900,000","21,100,000","12,200,000","9,700,000","19,600,000","20,300,000","10,600,000","8,400,000","14,600,000","16,100,000","7,800,000","6,500,000","10,900,000","12,400,000","5,800,000","4,600,000","32,200,000","32,500,000","-43,800,000","18,300,000","20,800,000","21,800,000"
EBITDA,"28,214,000"
ReconciledCostOfRevenue,"53,683,000","12,235,000","13,436,000","15,432,000","12,580,000","10,571,000","11,679,000","10,809,000","10,284,000","15,078,000","16,584,000","17,660,000","16,327,000","14,990,000","17,046,000","17,123,000","15,484,000","13,801,000","15,065,000","17,534,000","16,385,000","14,165,000","14,479,000","19,162,000","15,160,000","15,431,000","15,147,000","20,897,000","17,978,000","16,301,000","16,671,000","21,170,000","17,258,000","15,094,000","13,387,000","18,935,000","15,423,000","13,143,000","14,502,000","15,992,000","15,111,000","13,639,000","12,974,000","15,452,000","15,217,000","12,320,000","14,340,000","14,752,000","11,291,000","11,553,000","12,387,000","13,646,000","11,709,000","11,229,000","13,376,000","19,646,000","22,911,000","28,272,000","27,237,000","25,659,000","24,313,000","29,316,000","28,731,000","25,819,000","26,557,000","29,755,000","27,411,000","26,293,000","26,787,000","31,594,000","27,389,000","24,612,000","28,014,000","33,741,000","32,059,000","28,991,000","29,349,000","39,381,000","37,724,000","30,754,000","31,406,000","46,081,000","37,083,000","74,631,000","40,939,000","58,255,000","47,044,000","79,629,000","52,495,000","60,726,000","58,000,000","79,900,000","49,500,000","56,600,000","53,200,000","82,500,000","33,000,000","44,100,000","48,700,000","68,600,000","27,300,000","38,200,000","38,700,000","44,000,000","26,700,000","36,600,000","36,000,000","30,000,000","23,100,000","28,500,000","26,600,000","20,900,000","19,100,000","21,800,000","22,200,000","15,600,000","14,800,000","18,200,000","17,600,000","11,500,000","11,200,000",,,,,,
ReconciledDepreciation,"11,665,000","2,786,000","2,935,000","3,034,000","2,910,000","3,124,000","3,131,000","3,172,000","2,816,000","2,824,000","2,789,000","2,740,000","2,830,000","2,997,000","2,792,000","2,800,000","2,654,000","2,776,000","2,295,000","2,397,000","1,809,000","1,649,000","1,588,000","1,593,000","1,741,000","1,787,000","1,822,000","2,067,000","1,898,000","1,993,000","1,917,000","1,909,000","1,838,000","1,806,000","1,773,000","1,750,000","1,713,000","1,344,000","1,324,000","1,395,000","1,321,000","1,493,000","1,489,000","1,701,000","1,812,000","1,755,000","1,839,000","1,697,000","1,845,000","1,951,000","1,936,000","2,435,000","1,990,000","1,800,000","1,813,000","1,834,000","2,792,000","2,418,000","2,489,000","2,527,000","2,526,000","2,637,000","2,340,000","2,243,000","2,475,000","2,534,000","3,037,000","2,954,000","3,772,000","4,227,000","3,777,000","3,995,000","4,125,000","4,614,000","5,080,000","6,946,000","8,961,000","9,550,000","7,481,000","12,102,000","9,856,000","10,651,000","9,443,000","13,230,000","12,117,000","11,255,000","11,271,000","14,287,000","11,596,000","11,727,000","10,900,000","11,700,000","11,200,000","10,800,000","9,800,000","11,500,000","9,700,000","9,400,000","8,000,000","7,800,000","6,300,000","4,900,000","4,600,000","4,600,000","4,200,000","3,800,000","3,600,000","3,600,000","3,000,000","2,900,000","2,200,000","2,000,000","1,700,000","1,400,000","1,200,000","1,600,000","1,000,000","900,000","800,000","900,000","600,000",,,,,,
NetIncomeFromContinuingOperationNetMinorityInterest,"20,251,000","1,878,000","3,812,000","1,807,000","12,754,000","-46,000","-892,000","980,000","-10,968,000","1,097,000","-544,000","5,875,000","-2,024,000","-3,517,000","-1,357,000","1,779,000","-2,534,000","-2,740,000","-2,392,000","4,659,000","-4,541,000","-3,333,000","-3,958,000","7,726,000","-1,052,000","-448,000","790,000","7,669,000","1,191,000","427,000","1,828,000","12,455,000","1,922,000","1,971,000","1,719,000","7,720,000","2,111,000","1,592,000","2,897,000","3,400,000","1,617,000","1,162,000","1,662,000","2,984,000","724,000","305,000","794,000","-1,266,000","263,000","-381,000","248,000","-4,577,000","-5,053,000","-633,000","-569,000","2,218,000","-1,511,000","3,082,000","2,059,000","613,000","887,000","4,714,000","1,416,000","15,108,000","1,019,000","9,213,000","3,233,000","-1,494,000","3,069,000","7,086,000","1,526,000","-2,053,000","-5,149,000","232,000","-3,180,000","-13,468,000","-15,741,000","-7,938,000","-8,106,000","-38,662,000","-11,763,000","-24,381,000","-21,660,000","2,978,000","-14,587,000","-804,000","1,330,000","4,418,000","-18,834,000","2,819,000","7,200,000","-21,700,000","-4,600,000","6,600,000","10,900,000","15,600,000","500,000","12,500,000","13,600,000","9,700,000","3,100,000","13,000,000","13,000,000","2,100,000","6,300,000","12,800,000","13,000,000","7,900,000","6,400,000","12,000,000","12,400,000","6,700,000","5,300,000","9,000,000","9,900,000","5,100,000","4,000,000","6,700,000","7,600,000","11,400,000","2,700,000","4,900,000","5,500,000","2,000,000","1,800,000","3,400,000","3,600,000"
TotalUnusualItemsExcludingGoodwill,"0",,,"0",,,,"-1,636,000",,,,,,,,"0","0",,,"-147,000","-1,335,000","0",,"-400,000","0","-376,000",,"-807,000","-1,082,000",,,"-772,000",,,,"-101,000",,,"-147,000",,,,,,,,,"0","0",,,"-5,616,000","-224,000",,,,,,,"0",,"1,227,000",,"0",,"873,000",,"0","500,000",,"306,000",,,,,"-1,110,000","110,000","-132,000","718,000","13,043,000","-247,000","869,000","-16,958,000",,,"550,000","885,000","3,668,000","-7,965,000","-1,668,000",,,,,,,,,,"-4,500,000","-100,000","300,000","100,000","900,000","300,000","800,000","700,000","800,000","1,000,000","600,000","500,000","600,000","500,000","600,000","500,000","500,000","500,000","600,000","600,000","600,000","100,000",,,,,,
TotalUnusualItems,"0",,,"0",,,,"-1,636,000",,,,,,,,"0","0",,,"-147,000","-1,335,000","0",,"-400,000","0","-376,000",,"-807,000","-1,082,000",,,"-772,000",,,,"-101,000",,,"-147,000",,,,,,,,,"0","0",,,"-5,616,000","-224,000",,,,,,,"0",,"1,227,000",,"0",,"873,000",,"0","500,000",,"306,000",,,,,"-1,110,000","110,000","-132,000","718,000","13,043,000","-247,000","869,000","-16,958,000",,,"550,000","885,000","3,668,000","-7,965,000","-1,668,000",,,,,,,,,,"-4,500,000","-100,000","300,000","100,000","900,000","300,000","800,000","700,000","800,000","1,000,000","600,000","500,000","600,000","500,000","600,000","500,000","500,000","500,000","600,000","600,000","600,000","100,000",,,,,,
NormalizedEBITDA,"28,214,000","6,315,000","8,495,000","7,364,000","6,040,000","3,984,000","2,986,000","6,933,000","2,689,000","2,459,000","2,635,000","11,475,000","974,000","-307,000","2,167,000","10,635,000","304,000","-2,297,000","-895,000","10,086,000","-3,261,000","-2,730,000","-3,671,000","15,683,000","564,000","2,001,000","3,659,000","16,282,000","4,265,000","3,281,000","5,486,000","15,582,000","4,800,000","5,672,000","5,280,000","10,899,000","5,818,000","4,611,000","6,753,000","7,735,000","4,717,000","4,278,000","5,196,000","5,024,000","4,777,000","3,249,000","5,291,000","5,631,000","1,677,000","1,274,000","3,823,000","2,131,000","777,000","-1,326,000","1,095,000","10,362,000","1,940,000","9,203,000","7,566,000","5,135,000","4,909,000","10,894,000","5,950,000","2,976,000","1,096,000","12,217,000","7,173,000","1,917,000","3,054,000","12,142,000","5,449,000","2,125,000","-1,894,000","5,564,000","2,956,000","-7,692,000","-8,252,000","2,201,000","-571,000","-33,254,000","-10,085,000","49,332,000","-3,891,000","29,031,000","-13,424,000","9,567,000","13,972,000","22,533,000","830,000","21,973,000","25,200,000","20,500,000","5,200,000","24,400,000","30,800,000","40,300,000","12,100,000","32,000,000","32,600,000","36,500,000","11,700,000","26,100,000","26,200,000","7,700,000","14,200,000","23,900,000","24,000,000","15,000,000","11,700,000","21,900,000","22,000,000","12,000,000","9,600,000","15,400,000","16,800,000","8,900,000","7,000,000","11,200,000","12,600,000","6,100,000","5,100,000","32,200,000","32,500,000","-43,800,000","18,300,000","20,800,000","21,800,000"
TaxRateForCalcs,"0.4","0.395","0.255","0.27","0.27","0.27","0.27","0.27","0.27","0.27","0.284","0.283","0.163","0.104","0.27","0.27","0.179","0.27","0.36","0.334","0.353","0.334","0.327","0.4","0.4","0.39","0.39","0.4","0.4","0.4","0.4","0.05","0.2","0.4","0.35","0.093","0.4","0.4","0.383","0.35","0.35","0.35","0.35","0.35","0.35","0.35","0.35","0.35","0.35","0.35","0.35","0.336","0.35","0.35","0.35","0.35","0.007","0.35","0.35","0.35","0.35","0.35","0.4","0.4","0.4","0.169","0.154","0.4","0.4","0.12","0.354","0.4","0.136","0.4","0.4","0.156","0.075","0.4","0.4","0.4","0.373","0.345","0.4","0.4","0.4","0.4","0.4","0.4","0.32","0.4","0.4","0.181","0.4","0.4","0.4","0.4","0.375","0.4","0.4","0.4","0.4","0.4","0.4","0.4","0.4","0.4","0.4","0.4","0.396","0.394","0.395","0.391","0.391","0.396","0.396","0.37","0.4","0.4","0.4","0.4","0.4","0.4","0.4","0.4","0.4","0.4","0.4"
TaxEffectOfUnusualItems,"0","0","0","0","0","0","0","0","0","0","0","0","0","0","0","0","0","0","0","-49,091.065","-471,255","0","0","-160,000","0","-146,640","0","-322,800","-432,800","0","0","0","0","0","0","0","0","0","-56,256.552","0","0","0","0","0","0","0","0","0","0","0","0","-1,885,854.593","-78,400","0","0","0","0","0","0","0","0","429,450","0","0","0","147,429.499","0","0","200,000","0","108,472.081","0","0","0","0","-173,257.096","8,212.333","-52,800","287,200","5,217,200","-92,132.935","299,668.861","-6,783,200","0","0","220,000","354,000","1,467,200","-2,549,570.593","-667,200","0","0","0","0","0","0","0","0","0","-1,800,000","-40,000","120,000","40,000","360,000","120,000","320,000","280,000","320,000","396,226.415","236,363.636","197,560.976","234,545.455","195,402.299","237,583.893","198,170.732","185,185.185","200,000","240,000","240,000","240,000","40,000","0","0","0","0","0","0"