name,ttm,04/30/2022,01/31/2022,10/31/2021,07/31/2021,04/30/2021,01/31/2021,10/31/2020,07/31/2020,04/30/2020,01/31/2020,10/31/2019,07/31/2019,04/30/2019,01/31/2019,10/31/2018,07/31/2018,04/30/2018,01/31/2018,10/31/2017,07/31/2017,04/30/2017,01/31/2017,10/31/2016,07/31/2016,04/30/2016,01/31/2016,10/31/2015,07/31/2015,04/30/2015,01/31/2015,10/31/2014,07/31/2014,04/30/2014,01/31/2014,10/31/2013,07/31/2013,04/30/2013,01/31/2013,10/31/2012,07/31/2012,04/30/2012,01/31/2012,10/31/2011,07/31/2011,04/30/2011,01/31/2011,10/31/2010,07/31/2010,04/30/2010,01/31/2010,10/31/2009,07/31/2009,04/30/2009,01/31/2009,10/31/2008,07/31/2008,04/30/2008,01/31/2008,10/31/2007,07/31/2007,04/30/2007,01/31/2007,10/31/2006,07/31/2006,04/30/2006,01/31/2006,10/31/2005,07/31/2005,04/30/2005,01/31/2005,10/31/2004,07/31/2004,04/30/2004,01/31/2004,10/31/2003,07/31/2003,04/30/2003,01/31/2003,10/31/2002,07/31/2002,04/30/2002,01/31/2002,10/31/2001,07/31/2001,04/30/2001,01/31/2001,10/31/2000,07/31/2000,04/30/2000,01/31/2000,10/31/1999,07/31/1999,04/30/1999,01/31/1999,10/31/1998,07/31/1998,04/30/1998,01/31/1998,10/31/1997,07/31/1997,04/30/1997,01/31/1997,10/31/1996,07/31/1996,04/30/1996,01/31/1996,10/31/1995,07/31/1995,04/30/1995,01/31/1995,10/31/1994,07/31/1994,04/30/1994,01/31/1994,10/31/1993,07/31/1993,04/30/1993,01/31/1993,10/31/1992,07/31/1992
TotalRevenue,"88,934,000","16,384,000","31,795,000","13,935,000","26,820,000","13,953,000","14,877,000","16,999,000","18,728,000","18,880,000","16,264,000","11,041,000","22,712,000","9,216,000","17,783,000","17,884,000","12,110,000","20,830,000","38,613,000","47,889,000","10,358,000","20,417,000","17,002,000","24,473,000","21,716,000","28,581,000","33,482,000","51,451,000","41,356,000","28,600,000","41,670,000","54,409,000","43,176,000","38,274,000","44,434,000","55,157,000","53,707,000","42,436,000","36,358,000","35,420,000","29,693,000","24,153,000","31,337,000","34,723,000","31,160,000","28,607,000","28,080,000","19,701,000","18,873,000","16,587,000","14,616,000","20,412,000","23,017,000","22,864,000","21,723,000","26,169,000","27,904,000","31,643,000","15,019,000","16,473,000","13,544,000","11,383,000","6,834,000","9,127,000","8,683,000","9,534,000","5,944,000","7,960,000","8,742,000","6,114,000","7,554,000","8,875,000","8,068,000","7,049,000","13,339,000","7,321,000","7,276,000","8,900,000","10,293,000","13,703,000","11,962,000","8,565,000","7,001,000","6,731,000","7,622,000","6,493,000","5,333,000","8,067,000","4,112,000","4,936,000","3,600,000","3,500,000","4,400,000","5,800,000","6,300,000","8,200,000","5,500,000","6,600,000","3,900,000","6,600,000","6,400,000","6,100,000","5,700,000","7,200,000","7,400,000","7,800,000","6,900,000","7,800,000","7,400,000","8,900,000","9,800,000","10,300,000","8,400,000","7,000,000","4,400,000","5,600,000","4,600,000","6,400,000","5,600,000","5,800,000","4,400,000"
	OperatingRevenue,"88,934,000","16,384,000","31,795,000","13,935,000","26,820,000","13,953,000","14,877,000","16,999,000","18,728,000","18,880,000","16,264,000","11,041,000","22,712,000","9,216,000","17,783,000","17,884,000","12,110,000","20,830,000","38,613,000","47,889,000","10,358,000","20,417,000","17,002,000","24,473,000","21,716,000","28,581,000","33,482,000","51,451,000","41,356,000","28,600,000","41,670,000","54,409,000","43,176,000","38,274,000","44,434,000","55,157,000","53,707,000","42,436,000","36,358,000","35,420,000","29,693,000","24,153,000","31,337,000","34,723,000","31,160,000","28,607,000","28,080,000","19,701,000","18,873,000","16,587,000","14,616,000","20,412,000","23,017,000","22,864,000","21,723,000","26,169,000","27,904,000","31,643,000","15,019,000","16,473,000","13,544,000","11,383,000","6,834,000","9,127,000","8,683,000","9,534,000","5,944,000","7,960,000","8,742,000","6,114,000","7,554,000","8,875,000","8,068,000","7,049,000","13,339,000","7,321,000","7,276,000","8,900,000","10,293,000","13,703,000","11,962,000","8,565,000","7,001,000","6,731,000","7,622,000","6,493,000","5,333,000","8,067,000","4,112,000","4,936,000","3,600,000","3,500,000","4,400,000","5,800,000","6,300,000","8,200,000","5,500,000","6,600,000","3,900,000","6,600,000","6,400,000","6,100,000","5,700,000","7,200,000","7,400,000","7,800,000","6,900,000","7,800,000","7,400,000","8,900,000","9,800,000","10,300,000","8,400,000","7,000,000","4,400,000","5,600,000","4,600,000","6,400,000","5,600,000","5,800,000","4,400,000"
CostOfRevenue,"106,404,000","23,694,000","34,690,000","22,300,000","25,720,000","18,709,000","18,495,000","25,044,000","21,856,000","18,713,000","12,983,000","34,430,000","14,747,000","12,856,000","19,988,000","16,741,000","14,166,000","21,459,000","33,978,000","44,725,000","12,984,000","20,034,000","15,189,000","24,941,000","21,282,000","28,738,000","33,648,000","48,307,000","37,761,000","26,577,000","37,656,000","48,454,000","39,215,000","36,663,000","42,235,000","52,560,000","49,185,000","40,122,000","38,669,000","34,542,000","32,431,000","23,952,000","29,233,000","34,284,000","31,023,000","39,477,000","30,396,000","23,305,000","22,629,000","22,387,000","20,109,000","26,154,000","29,247,000","31,451,000","31,175,000","38,246,000","43,383,000","44,618,000","23,850,000","21,828,000","19,621,000","18,490,000","15,326,000","23,241,000","17,887,000","18,455,000","12,273,000","18,017,000","17,492,000","13,214,000","16,527,000","18,439,000","17,176,000","16,542,000","19,448,000","19,621,000","17,906,000","26,633,000","22,058,000","31,008,000","21,747,000","14,345,000","10,693,000","22,231,000","3,724,000","5,515,000","2,146,000","2,559,000","791,000","1,223,000","1,900,000","1,600,000","2,800,000","3,400,000","4,300,000","4,600,000","3,500,000","3,800,000","2,400,000","4,000,000","3,700,000","3,800,000","3,800,000","4,700,000","5,100,000","5,600,000","5,100,000","5,900,000","5,600,000","6,800,000","7,800,000","7,500,000","6,300,000","5,100,000","2,900,000","3,200,000","2,800,000","4,200,000","3,800,000","3,300,000","3,000,000"
GrossProfit,"-17,470,000","-7,310,000","-2,895,000","-8,365,000","1,100,000","-4,756,000","-3,618,000","-8,045,000","-3,128,000","167,000","3,281,000","-23,389,000","7,965,000","-3,640,000","-2,205,000","1,143,000","-2,056,000","-629,000","4,635,000","3,164,000","-2,626,000","383,000","1,813,000","-468,000","434,000","-157,000","-166,000","3,144,000","3,595,000","2,023,000","4,014,000","5,955,000","3,961,000","1,611,000","2,199,000","2,597,000","4,522,000","2,314,000","-2,311,000","878,000","-2,738,000","201,000","2,104,000","439,000","137,000","-10,870,000","-2,316,000","-3,604,000","-3,756,000","-5,800,000","-5,493,000","-5,742,000","-6,230,000","-8,587,000","-9,452,000","-12,077,000","-15,479,000","-12,975,000","-8,831,000","-5,355,000","-6,077,000","-7,107,000","-8,492,000","-14,114,000","-9,204,000","-8,921,000","-6,329,000","-10,057,000","-8,750,000","-7,100,000","-8,973,000","-9,564,000","-9,108,000","-9,493,000","-6,109,000","-12,300,000","-10,630,000","-17,733,000","-11,765,000","-17,305,000","-9,785,000","-5,780,000","-3,692,000","-15,500,000","3,898,000","978,000","3,187,000","5,508,000","3,321,000","3,713,000","1,700,000","1,900,000","1,600,000","2,400,000","2,000,000","3,600,000","2,000,000","2,800,000","1,500,000","2,600,000","2,700,000","2,300,000","1,900,000","2,500,000","2,300,000","2,200,000","1,800,000","1,900,000","1,800,000","2,100,000","2,000,000","2,800,000","2,100,000","1,900,000","1,500,000","2,400,000","1,800,000","2,200,000","1,800,000","2,500,000","1,400,000"
OperatingExpense,"88,730,000","20,907,000","41,949,000","14,189,000","11,685,000","12,634,000","10,755,000","9,077,000","7,634,000","8,309,000","6,421,000","9,603,000","9,035,000","13,983,000","13,039,000","13,013,000","12,418,000","12,106,000","10,188,000","11,345,000","11,704,000","11,869,000","11,396,000","11,337,000","10,757,000","12,551,000","11,351,000","11,010,000","10,698,000","10,816,000","9,144,000","10,923,000","9,961,000","10,384,000","9,769,000","9,549,000","9,116,000","9,511,000","8,759,000","9,296,000","7,773,000","7,958,000","7,547,000","8,323,000","7,496,000","8,952,000","8,296,000","8,497,000","8,803,000","9,636,000","8,776,000","8,306,000","8,257,000","9,808,000","9,983,000","10,746,000","10,667,000","11,729,000","10,297,000","11,759,000","11,656,000","11,427,000","11,272,000","11,337,000","10,941,000","10,087,000","10,108,000","8,957,000","9,781,000","8,893,000","8,363,000","11,724,000","10,118,000","10,170,000","22,530,000","5,500,000","5,263,000","5,166,000","5,211,000","4,448,000","4,606,000","4,302,000","3,901,000","-8,408,000","8,218,000","6,934,000","7,095,000","7,974,000","5,613,000","5,597,000","1,900,000","2,500,000","2,000,000","2,900,000","2,600,000","4,200,000","2,500,000","2,900,000","1,600,000","2,800,000","2,700,000","2,300,000","1,800,000","2,300,000","2,300,000","2,200,000","1,800,000","1,900,000","1,800,000","2,000,000","2,000,000","2,800,000","2,000,000","1,800,000","1,500,000","2,000,000","1,900,000","2,000,000","1,700,000","2,200,000","1,400,000"
	SellingGeneralAndAdministration,"69,545,000","13,234,000","36,965,000","10,684,000","8,662,000","9,670,000","8,932,000","7,603,000","6,607,000","7,168,000","5,266,000","8,252,000","7,058,000","9,805,000","6,759,000","5,581,000","6,100,000","7,085,000","6,142,000","7,119,000","6,310,000","6,483,000","6,004,000","6,211,000","5,458,000","7,441,000","6,040,000","6,224,000","6,101,000","6,261,000","5,640,000","6,628,000","5,569,000","5,746,000","4,854,000","5,147,000","5,203,000","5,436,000","5,432,000","5,874,000","4,580,000","4,002,000","3,764,000","4,217,000","3,578,000","4,454,000","4,050,000","4,262,000","4,185,000","4,547,000","4,156,000","4,086,000","4,107,000","4,755,000","4,246,000","4,432,000","4,926,000","5,798,000","4,812,000","4,759,000","4,676,000","4,773,000","4,417,000","4,521,000","4,320,000","4,694,000","4,224,000","3,361,000","4,049,000","3,614,000","3,130,000","4,029,000","3,448,000","3,723,000","4,220,000","3,041,000","3,248,000","3,212,000","3,130,000","2,276,000","2,709,000","2,869,000","2,597,000","2,326,000","2,097,000","2,292,000","2,237,000","3,789,000","1,684,000","1,774,000","700,000","1,700,000","1,400,000","2,100,000","1,400,000","3,000,000","1,600,000","1,800,000","600,000","1,900,000","1,800,000","1,400,000","1,000,000","1,400,000","1,100,000","1,200,000","1,100,000","1,300,000","1,100,000","1,100,000","1,200,000","1,600,000","1,300,000","1,200,000","700,000","1,400,000","1,500,000","1,600,000","1,300,000","1,900,000","1,100,000"
	ResearchAndDevelopment,"19,185,000","7,673,000","4,984,000","3,505,000","3,023,000","2,964,000","1,823,000","1,474,000","1,027,000","1,141,000","1,155,000","1,351,000","1,977,000","4,178,000","6,280,000","7,432,000","6,318,000","5,021,000","4,046,000","4,226,000","5,394,000","5,386,000","5,392,000","5,126,000","5,299,000","5,110,000","5,311,000","4,786,000","4,597,000","4,555,000","3,504,000","4,295,000","4,392,000","4,638,000","4,915,000","4,402,000","3,913,000","4,075,000","3,327,000","3,422,000","3,193,000","3,956,000","3,783,000","4,106,000","3,918,000","4,498,000","4,246,000","4,235,000","4,618,000","5,089,000","4,620,000","4,220,000","4,150,000","5,053,000","5,737,000","6,314,000","5,741,000","5,931,000","5,485,000","7,000,000","6,980,000","6,654,000","6,855,000","6,816,000","6,621,000","5,393,000","5,884,000","5,596,000","5,732,000","5,279,000","5,233,000","7,695,000","6,670,000","6,447,000","6,110,000","2,459,000","2,015,000","1,954,000","2,081,000","2,172,000","1,897,000","1,433,000","1,304,000","-11,257,000","5,705,000","4,265,000","4,395,000","3,734,000","3,470,000","3,353,000","700,000","300,000","300,000","300,000","800,000","800,000","500,000","600,000","400,000","400,000","400,000","300,000","200,000","400,000","500,000","300,000","200,000","200,000","200,000","300,000","200,000","500,000","300,000","200,000","300,000",,,,,,
	DepreciationAmortizationDepletionIncomeStatement,,,,,,,,,,,,,,,,,,,,,,,,,,,,,,,,,,,,,,,,,,,,,,,,,,,,,,,,,,,,,,,,,,,,,,,,,,,,,,,,,,,,"523,000","416,000","377,000","463,000","451,000","459,000","470,000","500,000","500,000","300,000","500,000","400,000","400,000","400,000","500,000","600,000","500,000","500,000","600,000","600,000","500,000","700,000","700,000","500,000","400,000","500,000","600,000","600,000","700,000","400,000","400,000","500,000","600,000","400,000","400,000","400,000","300,000","300,000"
		DepreciationAndAmortizationInIncomeStatement,,,,,,,,,,,,,,,,,,,,,,,,,,,,,,,,,,,,,,,,,,,,,,,,,,,,,,,,,,,,,,,,,,,,,,,,,,,,,,,,,,,,"523,000","416,000","377,000","463,000","451,000","459,000","470,000","500,000","500,000","300,000","500,000","400,000","400,000","400,000","500,000","600,000","500,000","500,000","600,000","600,000","500,000","700,000","700,000","500,000","400,000","500,000","600,000","600,000","700,000","400,000","400,000","500,000","600,000","400,000","400,000","400,000","300,000","300,000"
	OtherOperatingExpenses,,,,,,,,,,,,,,,,,,,,,,,,,,,,,,,,,,,,,,,,,,,,,,,,,,,,,,,,,,,,,,,,,,,,,,,,,,,"12,200,000",,,,,,,,,,,,,,,,,,,,,,,,,,,,,,,,,,,,,,,,,,,,,,
OperatingIncome,"-106,200,000","-28,217,000","-44,844,000","-22,554,000","-10,585,000","-17,390,000","-14,373,000","-17,122,000","-10,762,000","-8,142,000","-3,140,000","-32,992,000","-1,070,000","-17,623,000","-15,244,000","-11,870,000","-14,474,000","-12,735,000","-5,553,000","-8,181,000","-14,330,000","-11,486,000","-9,583,000","-11,805,000","-10,323,000","-12,708,000","-11,517,000","-7,866,000","-7,103,000","-8,793,000","-5,130,000","-4,968,000","-6,000,000","-8,773,000","-7,570,000","-6,952,000","-4,594,000","-7,197,000","-11,070,000","-8,418,000","-10,511,000","-7,757,000","-5,443,000","-7,884,000","-7,359,000","-19,822,000","-10,612,000","-12,101,000","-12,559,000","-15,436,000","-14,269,000","-14,048,000","-14,487,000","-18,395,000","-19,435,000","-22,823,000","-26,146,000","-24,704,000","-19,128,000","-17,114,000","-17,733,000","-18,534,000","-19,764,000","-25,451,000","-20,145,000","-19,008,000","-16,437,000","-19,014,000","-18,531,000","-15,993,000","-17,336,000","-21,288,000","-19,226,000","-19,663,000","-28,639,000","-17,800,000","-15,893,000","-22,899,000","-16,976,000","-21,753,000","-14,391,000","-10,082,000","-7,593,000","-7,092,000","-4,320,000","-5,956,000","-3,908,000","-2,466,000","-2,292,000","-1,884,000","-200,000","-600,000","-400,000","-500,000","-600,000","-600,000","-500,000","-100,000","-100,000","-200,000","0","0","100,000","200,000","0","0","0","0","0","100,000","0","0","100,000","100,000","0","400,000","-100,000","200,000","100,000","300,000","0"
NetNonOperatingInterestIncomeExpense,"-6,390,000","-1,707,000","-1,428,000","-1,701,000","-1,554,000","-1,563,000","-2,545,000","-4,268,000","-4,165,000","-3,584,000","-3,277,000","-2,816,000","-3,536,000","-1,807,000","-2,464,000","-2,421,000","-2,434,000","-2,059,000","-2,141,000","-2,315,000","-2,279,000","-2,310,000","-2,267,000","-1,758,000","-1,373,000","-982,000","-845,000","-765,000","-905,000","-626,000","-664,000","-660,000","-649,000","-891,000","-1,361,000","-1,755,000","-1,078,000","-574,000","-566,000","-555,000","-544,000","-575,000","-434,000","582,000","-351,000","-294,000","346,000","366,000","286,000","319,000","256,000","56,000","120,000","64,000","-60,000",,,,,,,,,,,,,,,,,,,,,,,,,,,,,,,,,,,,,,,,,,,,,,,,,,,,,,,,,,,,,,,,,,
	InterestIncomeNonOperating,,,,,,,,,,,,,,,,,,,,,,,,,,,,,,,,,,,,,,,,,,,"196,000","1,331,000","496,000","634,000","400,000","375,000","296,000","364,000","319,000","130,000","185,000","130,000","415,000",,,,,,,,,,,,,,,,,,,,,,,,,,,,,,,,,,,,,,,,,,,,,,,,,,,,,,,,,,,,,,,,,,
	InterestExpenseNonOperating,"6,390,000","1,707,000","1,428,000","1,701,000","1,554,000","1,563,000","2,545,000","4,268,000","4,165,000","3,584,000","3,277,000","2,816,000","3,536,000","1,807,000","2,464,000","2,421,000","2,434,000","2,059,000","2,141,000","2,315,000","2,279,000","2,310,000","2,267,000","1,758,000","1,373,000","982,000","845,000","765,000","905,000","626,000","664,000","660,000","649,000","891,000","1,361,000","1,755,000","1,078,000","574,000","566,000","555,000","544,000","575,000","630,000","749,000","847,000","928,000","54,000","9,000","10,000","45,000","63,000","74,000","65,000","66,000","60,000",,,,,,,,,,,,,,,,,,,,,,,,,,,,,,,,,,,,,,,,,,,,,,,,,,,,,,,,,,,,,,,,,,
OtherIncomeExpense,"202,000","-202,000","152,000","103,000","149,000","32,000","-29,042,000","2,539,000","-394,000","-3,032,000","-33,714,000","649,000","-685,000","-31,000","160,000","200,000","1,042,000","1,620,000","476,000","517,000","-393,000","522,000","-1,754,000","732,000","749,000","-1,547,000","688,000","-179,000","1,464,000","-523,000","1,680,000","957,000","-399,000","-6,307,000","-1,774,000","-941,000","-162,000","177,000","-236,000","-2,108,000","380,000","262,000","62,000","-318,000","-94,000","143,000","-198,000","-2,521,000","-183,000","-245,000","-148,000",,"-548,000","-749,000","-346,000","-572,000","-245,000","-607,000","-443,000","-231,000","-414,000","-401,000","-183,000","-349,000","-282,000","-244,000","-144,000","-470,000","-441,000","-303,000","-269,000","-185,000","68,000","69,000","-12,133,000","67,000","68,000","67,000","68,000","67,000","68,000","67,000","68,000","67,000","68,000","66,000","69,000","68,000","68,000","67,000","100,000","1,100,000","200,000","100,000",,"200,000","200,000","500,000","300,000","300,000","300,000","200,000","200,000","200,000","200,000","200,000","200,000","200,000","200,000","200,000","100,000","100,000","100,000","100,000","200,000","100,000","100,000","100,000","100,000","200,000","100,000"
	GainOnSaleOfSecurity,,,,"0",,,"-15,974,000","2,225,000","-1,694,000","-3,372,000","-34,245,000",,,,,,,,,,,,,,,,,,,,,,,,,,,,,,,,,,,,,,,,,,,,,,,,,,,,,,,,,,,,,,,,,,,,,,,,,,,,,,,,,,,,,,,,,,,,,,,,,,,,,,,,,,,,,,
	EarningsFromEquityInterest,,,,,,,,,,,,,,,,,,,,,,,,,,,,,,,,"0",,,"0","0","0","0","46,000","-91,000","-42,000","-150,000","-362,000","207,000","-94,000","143,000","-198,000","-154,000","-183,000","-245,000","-148,000",,"-15,000","-216,000","-346,000","-572,000","-245,000","-607,000","-443,000","-231,000","-414,000","-401,000","-217,000","-113,000","-275,000","-225,000","-215,000","-368,000",,,"-340,000",,,,,,,,,,,,,,,,,,,,,,,,,,,,,,,,,,,,,,,,,,,,,,,,,,
	SpecialIncomeCharges,,,"0","-934,000","0",,"-11,156,000","0","1,801,000",,,,,,,"0",,"0","0","0","0","-10,000","-1,345,000",,,,,,,,,,,,,"0",,,,"-2,017,000","422,000","412,000","424,000",,,"143,000",,,,,,,"-533,000","-533,000",,,,,,"0",,,"34,000","-236,000","-7,000","-19,000","71,000","-102,000","-441,000","-303,000","71,000","-185,000","68,000","69,000","-12,133,000","67,000","68,000","67,000","68,000","67,000","68,000","67,000","68,000","67,000","68,000","66,000","69,000","68,000","68,000","67,000","100,000","1,100,000","200,000","100,000",,"200,000","200,000","500,000","300,000","300,000","300,000","200,000","200,000","200,000","200,000","200,000","200,000","200,000","200,000","200,000","100,000","100,000","100,000","100,000","200,000","100,000","100,000","100,000","100,000","200,000","100,000"
		RestructuringAndMergernAcquisition,,,,,,,,,,,,,,,,"0",,"0","0","0","0","10,000","1,345,000",,,,,,,,,,,,,,,,,,,,,,,,,,,,,,,,,,,,,,,,,,,,,,,,,,,,,,,,,,,,,,,,,,,,,,,,,,,,,,,,,,,,,,,,,,,,,,,,,,
		ImpairmentOfCapitalAssets,,,,,,,,,,,,,,,,,,,,,,,,,,,,,,,,,,,,,,,,"3,602,000",,,,,,,,,,,,,,,,,,,,,,,,,,,,,,,,,,,,,,,,,,,,,,,,,,,,,,,,,,,,,,,,,,,,,,,,,,,,,,,,,
		WriteOff,,,,,,,,,,,,,,,,,,,,,,,,,,,,,,,,,,,,"0",,,,,,,,,,,,,,,,,,,,,,,,,,,,,,,,,,,,,,,,,,,,,,,,,,,,,,,,,,,,,,,,,,,,,,,,,,,,,,,,,,,,,
		OtherSpecialCharges,,,,"934,000",,,"11,156,000","0","-1,801,000",,,,,,,,,,,,,,,,,,,,,,,,,,,,,,,"-1,147,000",,,,,,,,,,,,,,,,,,,,,,,,,,,,,,,,,,,,,,,,,,,,,,,,,,,,,,,,,,,,,,,,,,,,,,,,,,,,,,,,,
	OtherNonOperatingIncomeExpenses,"1,136,000","-202,000","152,000","1,037,000","149,000","32,000","-1,912,000","314,000","-501,000","340,000","531,000","649,000","-685,000","-31,000","160,000","200,000","1,042,000","1,620,000","476,000","517,000","-393,000","532,000","-409,000","732,000","749,000","-1,547,000","688,000","-179,000","1,464,000","-523,000","1,680,000","957,000","-399,000","-6,307,000","-1,774,000","-941,000","-162,000","177,000","-282,000",,,,,,,,,,,,,,,,,,,,,,,,,,,,,,,,,,,,,,,,,,,,,,,,,,,,,,,,,,,,,,,,,,,,,,,,,,,,,,,,,,
PretaxIncome,"-112,388,000","-30,126,000","-46,120,000","-24,152,000","-11,990,000","-18,921,000","-45,960,000","-18,851,000","-15,321,000","-14,758,000","-40,131,000","-35,159,000","-5,291,000","-19,461,000","-17,548,000","-14,091,000","-15,866,000","-13,174,000","-7,218,000","-9,979,000","-17,002,000","-13,274,000","-13,604,000","-12,831,000","-10,947,000","-15,237,000","-11,674,000","-8,810,000","-6,544,000","-9,942,000","-4,114,000","-4,671,000","-7,048,000","-15,971,000","-10,705,000","-9,648,000","-5,834,000","-7,594,000","-11,872,000","-11,519,000","-10,019,000","-8,484,000","-5,815,000","-7,095,000","-7,804,000","-19,973,000","-10,989,000","-12,493,000","-13,059,000","-15,965,000","-14,718,000","-14,760,000","-14,915,000","-19,080,000","-19,919,000","-21,627,000","-25,507,000","-24,977,000","-18,917,000","-15,994,000",,"-18,004,000","-19,236,000","-24,367,000","-18,712,000","-18,058,000","-15,075,000","-17,929,000","-17,002,000","-15,231,000","-16,772,000","-20,784,000","-18,833,000","-19,154,000","-27,692,000","-15,380,000","-15,020,000","-20,988,000","-16,026,000","-20,739,000","-13,190,000","-8,877,000","-6,027,000","-4,808,000","-2,765,000","-5,073,000",,,,,,"600,000","-200,000","-500,000","-500,000",,"-500,000","300,000",,"100,000","300,000","200,000","200,000","300,000","200,000","200,000",,"0",,"300,000",,"0",,,,"200,000",,"200,000","200,000","400,000",
TaxProvision,"6,000","0","0","-1,000","7,000","-4,000","0","5,000","10,000","11,000","20,000","20,000","20,000","69,000","0","5,000","15,000",,"-3,035,000","0","-1,000","-36,000","81,000","117,000","120,000","177,000","105,000","95,000","84,000","55,000","40,000","219,000","91,000","68,000","110,000","349,000","-20,000","35,000","7,000","0","-9,000","-121,000","199,000","34,000","26,000","35,000","18,000","23,000","55,000","13,000","0","0","0","0","0",,,,,,,,,,,,,,,,,,,,"170,000",,,,,,,,,,,,,,,,,"100,000","200,000","300,000","-200,000",,"-200,000","100,000",,"0","100,000","100,000","100,000","100,000","100,000","100,000",,"0",,"100,000",,"0",,,,"100,000",,"100,000","100,000","200,000",
NetIncomeCommonStockholders,"-110,219,000","-31,017,000","-41,424,000","-24,981,000","-12,797,000","-19,717,000","-46,760,000","-19,656,000","-16,131,000","-15,569,000","-41,082,000","-36,003,000","-8,328,000","-22,876,000","-33,038,000","-17,929,000","-17,620,000","-18,173,000","-8,446,000","-10,779,000","-17,801,000","-14,038,000","-14,485,000","-13,662,000","-11,810,000","-16,173,000","-12,512,000","-9,660,000","-7,339,000","-10,694,000","-4,866,000","-5,500,000","-7,778,000","-16,643,000","-11,404,000","-10,500,000","-6,412,000","-8,165,000","-12,481,000","-12,138,000","-10,722,000","-9,093,000","-6,743,000","-7,865,000","-8,554,000","-29,743,000","-11,738,000","-12,923,000","-13,825,000","-16,682,000","-15,434,000","-15,562,000","-15,717,000","-19,882,000","-20,721,000","-24,286,000","-26,782,000","-25,779,000","-19,719,000","-16,796,000","-16,242,000","-18,806,000","-20,038,000","-24,238,000","-19,794,000","-23,520,000","-16,670,000","-19,515,000","-17,002,000","-16,804,000","-19,366,000","-20,784,000","-18,928,000","-18,869,000","-27,862,000","-15,380,000","-15,020,000","-20,988,000","-16,026,000","-20,746,000","-13,190,000","-8,877,000","-6,027,000","-4,808,000","-2,765,000","-5,073,000","-2,792,000","-1,449,000","-1,307,000","-1,708,000",,"500,000","-400,000","-800,000","-300,000",,"-300,000","200,000","100,000","100,000","200,000","100,000","100,000","200,000","100,000","100,000","100,000","0","100,000","200,000","100,000","0","100,000","100,000",,"100,000",,"100,000","100,000","200,000",
	NetIncome,"-107,019,000","-30,217,000","-40,624,000","-24,181,000","-11,997,000","-18,917,000","-45,960,000","-18,856,000","-15,331,000","-14,769,000","-40,151,000","-35,179,000","-5,311,000","-19,530,000","-17,548,000","-14,096,000","-15,881,000","-13,174,000","-4,183,000","-9,979,000","-17,001,000","-13,238,000","-13,685,000","-12,862,000","-11,010,000","-15,373,000","-11,712,000","-8,860,000","-6,539,000","-9,894,000","-4,066,000","-4,700,000","-6,978,000","-15,843,000","-10,604,000","-9,700,000","-5,612,000","-7,365,000","-11,681,000","-11,338,000","-9,922,000","-8,292,000","-5,943,000","-7,065,000","-7,754,000","-19,956,000","-10,413,000","-13,886,000","-12,423,000","-15,882,000","-14,632,000","-14,760,000","-14,915,000","-19,080,000","-19,919,000","-23,484,000","-25,980,000","-24,977,000","-18,917,000","-15,994,000","-15,440,000","-18,004,000","-19,236,000","-24,260,000","-18,712,000","-18,058,000","-15,075,000","-17,929,000","-17,002,000","-15,231,000","-18,024,000","-20,784,000","-18,928,000","-18,869,000","-27,862,000","-15,380,000","-15,020,000","-20,988,000","-16,026,000","-20,746,000","-13,190,000","-8,877,000","-6,027,000","-4,808,000","-2,765,000","-5,073,000","-2,792,000","-1,449,000","-1,307,000","-1,708,000",,"500,000","-400,000","-800,000","-300,000",,"-300,000","200,000","100,000","100,000","200,000","100,000","100,000","200,000","100,000","100,000","100,000","0","100,000","200,000","100,000","0","100,000","100,000",,"100,000",,"100,000","100,000","200,000",
		NetIncomeIncludingNoncontrollingInterests,"-112,394,000","-30,126,000","-46,120,000","-24,151,000","-11,997,000","-18,917,000","-45,960,000","-18,856,000","-15,331,000","-14,769,000","-40,151,000","-35,179,000","-5,311,000","-19,530,000","-17,548,000","-14,096,000","-15,881,000","-13,174,000","-4,183,000","-9,979,000","-17,001,000","-13,238,000","-13,685,000","-12,948,000","-11,067,000","-15,414,000","-11,779,000","-8,905,000","-6,628,000","-9,997,000","-4,154,000","-4,890,000","-7,139,000","-16,039,000","-10,815,000","-9,997,000","-5,814,000","-7,629,000","-11,879,000","-11,519,000","-10,010,000","-8,363,000","-6,014,000","-7,129,000","-7,830,000","-20,008,000","-11,007,000","-12,516,000","-13,114,000","-15,978,000","-14,718,000","-12,668,000","-14,915,000","-19,080,000","-19,426,000","-23,011,000","-25,507,000","-24,504,000","-18,479,000","-15,574,000","-15,019,000","-17,583,000","-18,845,000","-24,367,000","-18,712,000","-18,058,000","-15,075,000","-17,929,000","-17,002,000","-15,231,000","-18,024,000","-20,784,000","-18,928,000","-18,869,000","-27,862,000","-15,380,000","-15,020,000","-20,988,000","-16,026,000","-20,746,000","-13,190,000","-8,877,000","-6,027,000","-4,808,000","-2,765,000","-5,073,000","-2,792,000","-1,450,000","-1,314,000","-1,711,000",,"500,000","-400,000","-800,000","-300,000",,"-300,000","200,000","100,000","100,000","200,000","100,000","100,000","200,000","100,000","100,000","100,000","0","100,000","200,000","100,000","0","100,000","100,000",,"100,000",,"100,000","100,000","200,000",
			NetIncomeContinuousOperations,"-112,394,000","-30,126,000","-46,120,000","-24,151,000","-11,997,000","-18,917,000","-45,960,000","-18,856,000","-15,331,000","-14,769,000","-40,151,000","-35,179,000","-5,311,000","-19,530,000","-17,548,000","-14,096,000","-15,881,000","-13,174,000","-4,183,000","-9,979,000","-17,001,000","-13,238,000","-13,685,000","-12,948,000","-11,067,000","-15,414,000","-11,779,000","-8,905,000","-6,628,000","-9,997,000","-4,154,000","-4,890,000","-7,139,000","-16,039,000","-10,815,000","-9,997,000","-5,814,000","-7,629,000","-11,879,000","-11,519,000","-10,010,000","-8,363,000","-6,014,000","-7,129,000","-7,830,000","-20,008,000","-11,007,000","-12,516,000","-13,114,000","-15,978,000","-14,718,000","-12,668,000","-14,915,000","-19,080,000","-19,426,000","-23,484,000","-25,980,000","-24,977,000","-18,917,000","-15,994,000","-15,440,000","-18,004,000","-19,236,000","-24,260,000","-18,712,000","-18,058,000","-15,075,000","-17,929,000","-17,002,000","-15,231,000","-16,772,000","-20,784,000","-18,833,000","-19,154,000","-27,862,000","-15,380,000","-15,020,000","-20,988,000","-16,026,000","-20,746,000","-13,190,000","-8,877,000","-6,027,000","-4,808,000","-2,765,000","-5,073,000","-2,792,000","-1,449,000","-1,307,000","-1,708,000",,"500,000","-400,000","-800,000","-300,000",,"-300,000","200,000","100,000","100,000","200,000","100,000","100,000","200,000","100,000","100,000","100,000","0","100,000","200,000","100,000","0","100,000","100,000",,"100,000",,"100,000","100,000","200,000",
			NetIncomeDiscontinuousOperations,,,,,,,,,,,,,,,,,,,,,,,,,,,,,,,,,,,,,,,,,,,,,,,,,,,,,,,,,,,,,,,,,,,,"0",,,"-1,252,000","0","-95,000","285,000",,,,,,,,,,,,,,,,,,,,,,,,,,,,,,,,,,,,,,,,,,,,,,,
		MinorityInterests,"5,375,000","-91,000","5,496,000","-30,000",,,,,,,,,,,,,,,,"0","0","0","0","86,000","57,000","41,000","67,000","45,000","89,000","103,000","88,000","190,000","161,000","196,000","211,000","297,000","202,000","264,000","198,000","181,000","88,000","71,000","71,000","64,000","76,000","52,000","69,000","393,000","88,000","96,000","86,000",,,,"-493,000","-473,000","-473,000","-473,000","-438,000","-420,000","-421,000","-421,000","-391,000",,,,,,,,,,,,,,,,,,,,,,,,,"1,000","7,000","3,000",,,,,,,,,,,,,,,,,,,,,,,,,,,,,,,
	PreferredStockDividends,"3,200,000","800,000","800,000","800,000","800,000","800,000","800,000","800,000","800,000","800,000","931,000","821,000","-74,000","177,000","9,805,000","1,758,000","1,739,000","4,999,000","4,263,000","800,000","800,000","800,000","800,000","800,000","800,000","800,000","800,000","800,000","800,000","800,000","800,000","800,000","800,000","800,000","800,000","800,000","800,000","800,000","800,000","800,000","800,000","801,000","800,000",,"800,000","9,787,000","800,000","800,000","799,000","800,000","802,000","802,000","802,000","802,000","802,000","802,000","802,000","802,000","802,000","802,000","802,000","802,000","802,000","-22,000","1,082,000","5,462,000","1,595,000","1,586,000",,"1,573,000","1,342,000",,,,,,,,,,,,,,,,,,,,,,,,,,,,,,,,,,,,,,,,,,,,,,,,,,
	OtherunderPreferredStockDividend,,,,,,,,"0","0","0","0","3,000","3,091,000","3,169,000","5,685,000","2,075,000",,,,,,,,,,,,,,,,,,,,,,,,,,,,,,,"525,000",,"603,000",,,,,,,,,,,,,,,,,,,,,,,,,,,,,,,,,,,,,,,,,,,,,,,,,,,,,,,,,,,,,,,,,,,,,,,,
DilutedNIAvailtoComStockholders,"-110,219,000","-31,017,000","-41,424,000","-24,981,000","-12,797,000","-19,717,000","-46,760,000","-19,656,000","-16,131,000","-15,569,000","-41,082,000","-36,003,000","-8,328,000","-22,876,000","-33,038,000","-17,929,000","-17,620,000","-18,173,000","-8,446,000","-10,779,000","-17,801,000","-14,038,000","-14,485,000","-13,662,000","-11,810,000","-16,173,000","-12,512,000","-9,660,000","-7,339,000","-10,694,000","-4,866,000","-5,500,000","-7,778,000","-16,643,000","-11,404,000","-10,500,000","-6,412,000","-8,165,000","-12,481,000","-12,138,000","-10,722,000","-9,093,000","-6,743,000","-7,865,000","-8,554,000","-29,743,000","-11,738,000","-12,923,000","-13,825,000","-16,682,000","-15,434,000","-15,562,000","-15,717,000","-19,882,000","-20,721,000","-24,286,000","-26,782,000","-25,779,000","-19,719,000","-16,796,000","-16,242,000","-18,806,000","-20,038,000","-24,238,000","-19,794,000","-23,520,000","-16,670,000","-19,515,000","-17,002,000","-16,804,000","-19,366,000","-20,784,000","-18,928,000","-18,869,000","-27,862,000","-15,380,000","-15,020,000","-20,988,000","-16,026,000","-20,746,000","-13,190,000","-8,877,000","-6,027,000","-4,808,000","-2,765,000","-5,073,000","-2,792,000","-1,449,000","-1,307,000","-1,708,000",,"500,000","-400,000","-800,000","-300,000",,"-300,000","200,000","100,000","100,000","200,000","100,000","100,000","200,000","100,000","100,000","100,000","0","100,000","200,000","100,000","0","100,000","100,000",,"100,000",,"100,000","100,000","200,000",
BasicEPS,,"-0.08","-0.11","-0.07","-0.04","-0.06","-0.15","-0.08","-0.07","-0.07","-0.2","-0.23","-0.18","-2.06","-3.96","-2.28","-2.4","-2.76","-1.44","-2.04","-3.72","-3.96","-4.68","-4.92","-4.56","-6.72","-5.76","-4.558","-2.88","-5.76","-2.88","-2.88","-4.32","-10.08","-8.64","-8.64","-4.32","-5.76","-10.08","-10.08","-8.64","-8.64","-7.2",,"-10.08","-34.56","-14.4",,"-21.6","-28.8","-25.92",,"-30.24","-41.76","-43.2",,"-56.16","-54.72","-41.76",,"-34.56","-46.08","-54.72",,"-53.28","-69.121","-48.96",,"-54.72","-50.4","-57.6",,"-56.16","-57.6","-84.961",,"-54.72","-76.321","-59.04",,"-48.96","-33.12","-21.6",,"-11.52","-23.04","-12.755",,"-6.48","-9.36","0",,"-2.159","-5.397","-2.159",,"-2.159","2.159","1.079",,"1.079","1.079","1.079",,"1.079","1.079","1.079",,"1.079","1.079","1.079",,"1.079","1.079","1.079",,"1.079","1.079","1.079",,"0"
DilutedEPS,,"-0.08","-0.11","-0.07","-0.04","-0.061","-0.15","-0.08","-0.07","-0.07","-0.2","-0.23","-0.18","-2.06","-3.96","-2.28","-2.4","-2.76","-1.44","-2.04","-3.72","-3.96","-4.68","-4.92","-4.56","-6.72","-5.76","-4.558","-2.88","-5.76","-2.88","-2.88","-4.32","-10.08","-8.64","-8.64","-4.32","-5.76","-10.08","-10.08","-8.64","-8.64","-7.2",,"-10.08","-34.56","-14.4",,"-21.6","-28.8","-25.92",,"-30.24","-41.76","-43.2",,"-56.16","-54.72","-41.76",,"-34.56","-46.08","-54.72",,"-53.28","-69.121","-48.96",,"-54.72","-50.4","-57.6",,"-56.16","-57.6","-84.961",,"-54.72","-76.321","-59.04",,"-48.96","-33.12","-21.6",,"-11.52","-23.04","-12.96",,"-6.48","-9.36","0",,"-2.159","-5.397","-2.159",,"-2.159","2.159","1.079",,"1.079","1.079","1.079",,"1.079","1.079","1.079",,"1.079","1.079","1.079",,"1.079","1.079","1.079",,"1.079","1.079","1.079",,"0"
BasicAverageShares,,"372,615,824","366,734,739","366,668,154","337,291,562","322,500,592","312,109,888","256,375,578","217,966,402","211,000,091","202,216,493","154,408,279","45,069,911","11,090,697","8,321,668","7,752,257","7,191,427","6,630,245","6,002,043","5,144,215","4,784,985","3,547,387","3,134,422","2,752,426","2,584,627","2,398,495","2,187,180","2,093,434","2,073,658","2,020,998","1,983,212","1,948,343","1,792,894","1,689,493","1,393,307","1,304,979","1,333,680","1,322,430","1,302,443","1,291,001","1,291,009","1,041,749","969,128",,"881,406","868,112","799,202",,"649,389","586,911","586,117",,"510,367","482,784","480,420",,"477,105","475,973","473,640",,"471,798","407,982","369,248",,"368,862","342,491","337,192",,"335,242","334,620","334,393",,"334,006","331,440","328,947",,"273,190","273,094","272,963",,"272,047","271,602","271,023",,"244,690","219,367","218,889",,"213,437","181,602","175,912",,"185,270","148,222","138,953",,"138,953","170,824","167,360",,"185,283","165,007","163,302",,"185,283","169,916","156,558",,"138,953","185,283","154,557",,"153,834","153,557","153,557",,"185,283","153,242","153,075",,"153,075"
DilutedAverageShares,,"372,615,824","366,734,739","366,668,154","337,291,562","322,500,592","312,109,888","256,375,578","217,966,402","211,000,091","202,216,493","154,408,279","45,069,911","11,090,697","8,321,668","7,752,257","7,191,427","6,630,245","6,002,043","5,144,215","4,784,985","3,547,387","3,134,422","2,752,426","2,584,627","2,398,495","2,187,180","2,093,434","2,073,658","2,020,998","1,983,212","1,948,343","1,792,894","1,689,493","1,393,307","1,304,979","1,333,680","1,322,430","1,302,443","1,291,001","1,291,009","1,041,749","969,128",,"881,406","868,112","799,202",,"649,389","586,911","586,117",,"510,367","482,784","480,420",,"477,105","475,973","473,640",,"471,798","407,982","369,248",,"368,862","342,491","337,192",,"335,242","334,620","334,393",,"334,006","331,440","328,947",,"273,190","273,094","272,963",,"272,047","271,602","271,023",,"244,690","219,367","218,889",,"213,437","181,602","187,382",,"185,270","148,222","138,953",,"138,953","170,824","167,360",,"185,283","165,007","163,302",,"185,283","169,916","156,558",,"138,953","185,283","154,557",,"153,834","153,557","153,557",,"185,283","153,242","153,075",,"153,075"
TotalOperatingIncomeAsReported,"-106,200,000","-28,217,000","-44,844,000","-22,554,000","-10,585,000","-17,390,000","-14,373,000","-17,122,000","-10,762,000","-8,142,000","-3,140,000","-32,992,000","-1,070,000","-17,623,000","-15,244,000","-11,870,000","-14,474,000","-12,735,000","-5,553,000","-8,181,000","-14,330,000","-11,496,000","-10,928,000","-11,805,000","-10,323,000","-12,708,000","-11,517,000","-7,866,000","-7,103,000","-8,793,000","-5,130,000","-4,968,000","-6,000,000","-8,773,000","-7,570,000","-6,952,000","-4,594,000","-7,197,000","-11,070,000","-8,418,000","-10,511,000","-7,757,000","-5,443,000","-7,884,000","-7,359,000","-19,822,000","-10,612,000","-12,101,000","-12,559,000","-15,436,000","-14,269,000","-14,048,000","-14,487,000","-18,395,000","-19,435,000","-22,823,000","-26,146,000","-24,704,000","-19,128,000","-17,114,000","-17,733,000","-18,534,000","-19,764,000","-25,451,000","-20,145,000","-19,008,000","-16,437,000","-19,014,000","-18,531,000","-15,993,000","-17,336,000","-21,288,000","-19,226,000","-19,663,000","-28,639,000","-17,800,000","-15,893,000","-22,899,000","-16,976,000","-21,753,000","-14,391,000","-10,082,000","-7,593,000","-7,092,000","-4,320,000","-5,956,000","-3,908,000","-2,466,000","-2,292,000","-1,884,000","-200,000","-600,000","-400,000","-500,000","-600,000","-600,000","-500,000","-100,000","-100,000",,,,"100,000","200,000",,,,"0",,"100,000",,"0","100,000","100,000",,"400,000","-100,000","200,000","100,000","300,000",
TotalExpenses,"195,134,000","44,601,000","76,639,000","36,489,000","37,405,000","31,343,000","29,250,000","34,121,000","29,490,000","27,022,000","19,404,000","44,033,000","23,782,000","26,839,000","33,027,000","29,754,000","26,584,000","33,565,000","44,166,000","56,070,000","24,688,000","31,903,000","26,585,000","36,278,000","32,039,000","41,289,000","44,999,000","59,317,000","48,459,000","37,393,000","46,800,000","59,377,000","49,176,000","47,047,000","52,004,000","62,109,000","58,301,000","49,633,000","47,428,000","43,838,000","40,204,000","31,910,000","36,780,000","42,607,000","38,519,000","48,429,000","38,692,000","31,802,000","31,432,000","32,023,000","28,885,000","34,460,000","37,504,000","41,259,000","41,158,000","48,992,000","54,050,000","56,347,000","34,147,000","33,587,000","31,277,000","29,917,000","26,598,000","34,578,000","28,828,000","28,542,000","22,381,000","26,974,000","27,273,000","22,107,000","24,890,000","30,163,000","27,294,000","26,712,000","41,978,000","25,121,000","23,169,000","31,799,000","27,269,000","35,456,000","26,353,000","18,647,000","14,594,000","13,823,000","11,942,000","12,449,000","9,241,000","10,533,000","6,404,000","6,820,000","3,800,000","4,100,000","4,800,000","6,300,000","6,900,000","8,800,000","6,000,000","6,700,000","4,000,000","6,800,000","6,400,000","6,100,000","5,600,000","7,000,000","7,400,000","7,800,000","6,900,000","7,800,000","7,400,000","8,800,000","9,800,000","10,300,000","8,300,000","6,900,000","4,400,000","5,200,000","4,700,000","6,200,000","5,500,000","5,500,000","4,400,000"
NetIncomeFromContinuingAndDiscontinuedOperation,"-107,019,000","-30,217,000","-40,624,000","-24,181,000","-11,997,000","-18,917,000","-45,960,000","-18,856,000","-15,331,000","-14,769,000","-40,151,000","-35,179,000","-5,311,000","-19,530,000","-17,548,000","-14,096,000","-15,881,000","-13,174,000","-4,183,000","-9,979,000","-17,001,000","-13,238,000","-13,685,000","-12,862,000","-11,010,000","-15,373,000","-11,712,000","-8,860,000","-6,539,000","-9,894,000","-4,066,000","-4,700,000","-6,978,000","-15,843,000","-10,604,000","-9,700,000","-5,612,000","-7,365,000","-11,681,000","-11,338,000","-9,922,000","-8,292,000","-5,943,000","-7,065,000","-7,754,000","-19,956,000","-10,413,000","-13,886,000","-12,423,000","-15,882,000","-14,632,000","-14,760,000","-14,915,000","-19,080,000","-19,919,000","-23,484,000","-25,980,000","-24,977,000","-18,917,000","-15,994,000","-15,440,000","-18,004,000","-19,236,000","-24,260,000","-18,712,000","-18,058,000","-15,075,000","-17,929,000","-17,002,000","-15,231,000","-18,024,000","-20,784,000","-18,928,000","-18,869,000","-27,862,000","-15,380,000","-15,020,000","-20,988,000","-16,026,000","-20,746,000","-13,190,000","-8,877,000","-6,027,000","-4,808,000","-2,765,000","-5,073,000","-2,792,000","-1,449,000","-1,307,000","-1,708,000",,"500,000","-400,000","-800,000","-300,000",,"-300,000","200,000","100,000","100,000","200,000","100,000","100,000","200,000","100,000","100,000","100,000","0","100,000","200,000","100,000","0","100,000","100,000",,"100,000",,"100,000","100,000","200,000",
NormalizedIncome,"-106,458,600","-30,217,000","-40,624,000","-23,247,038.672","-11,997,000","-18,917,000","-18,830,000","-20,480,250","-15,409,110","-12,307,440","-15,152,150","-35,179,000","-5,311,000","-19,530,000","-17,548,000","-14,096,000","-15,881,000","-13,174,000","-4,183,000","-9,979,000","-17,001,000","-13,228,027.121","-12,878,000","-12,862,000","-11,010,000","-15,373,000","-11,712,000","-8,860,000","-6,539,000","-9,894,000","-4,066,000","-4,700,000","-6,978,000","-15,843,000","-10,604,000","-9,700,000","-5,612,000","-7,365,000","-11,681,000","-9,321,000","-10,343,620.92","-8,698,123.998","-6,218,600","-7,065,000","-7,754,000","-19,956,000","-10,413,000","-13,886,000","-12,423,000","-15,882,000","-14,632,000","-14,760,000","-14,382,000","-18,547,000","-19,919,000","-23,484,000","-25,980,000","-24,977,000","-18,917,000","-15,994,000","-15,440,000","-18,004,000","-19,270,000","-24,024,000","-18,705,000","-18,039,000","-15,146,000","-17,827,000","-16,561,000","-14,928,000","-16,843,000","-20,599,000","-18,901,000","-19,223,000","-20,582,200","-15,447,000","-15,088,000","-21,055,000","-16,094,000","-20,813,000","-13,258,000","-8,944,000","-6,095,000","-4,875,000","-2,833,000","-5,139,000","-2,833,400","-1,489,800","-1,347,800","-1,748,200",,"-416,666.667","-520,000","-860,000","-300,000",,"-420,000","-133,333.333","-80,000","-200,000","0","-20,000","-20,000","66,666.667","-20,000","-20,000","-20,000","-200,000","-20,000","66,666.667","40,000","-100,000","40,000","40,000",,"40,000",,"40,000","40,000","80,000",
InterestIncome,,,,,,,,,,,,,,,,,,,,,,,,,,,,,,,,,,,,,,,,,,,"196,000","1,331,000","496,000","634,000","400,000","375,000","296,000","364,000","319,000","130,000","185,000","130,000","415,000",,,,,,,,,,,,,,,,,,,,,,,,,,,,,,,,,,,,,,,,,,,,,,,,,,,,,,,,,,,,,,,,,,
InterestExpense,"6,390,000","1,707,000","1,428,000","1,701,000","1,554,000","1,563,000","2,545,000","4,268,000","4,165,000","3,584,000","3,277,000","2,816,000","3,536,000","1,807,000","2,464,000","2,421,000","2,434,000","2,059,000","2,141,000","2,315,000","2,279,000","2,310,000","2,267,000","1,758,000","1,373,000","982,000","845,000","765,000","905,000","626,000","664,000","660,000","649,000","891,000","1,361,000","1,755,000","1,078,000","574,000","566,000","555,000","544,000","575,000","630,000","749,000","847,000","928,000","54,000","9,000","10,000","45,000","63,000","74,000","65,000","66,000","60,000",,,,,,,,,,,,,,,,,,,,,,,,,,,,,,,,,,,,,,,,,,,,,,,,,,,,,,,,,,,,,,,,,,
NetInterestIncome,"-6,390,000","-1,707,000","-1,428,000","-1,701,000","-1,554,000","-1,563,000","-2,545,000","-4,268,000","-4,165,000","-3,584,000","-3,277,000","-2,816,000","-3,536,000","-1,807,000","-2,464,000","-2,421,000","-2,434,000","-2,059,000","-2,141,000","-2,315,000","-2,279,000","-2,310,000","-2,267,000","-1,758,000","-1,373,000","-982,000","-845,000","-765,000","-905,000","-626,000","-664,000","-660,000","-649,000","-891,000","-1,361,000","-1,755,000","-1,078,000","-574,000","-566,000","-555,000","-544,000","-575,000","-434,000","582,000","-351,000","-294,000","346,000","366,000","286,000","319,000","256,000","56,000","120,000","64,000","-60,000",,,,,,,,,,,,,,,,,,,,,,,,,,,,,,,,,,,,,,,,,,,,,,,,,,,,,,,,,,,,,,,,,,
EBIT,"-105,998,000","-28,419,000","-44,692,000","-22,451,000","-10,436,000","-17,358,000","-43,415,000","-14,583,000","-11,156,000","-11,174,000","-36,854,000","-32,343,000","-1,755,000","-17,654,000","-15,084,000","-11,670,000","-13,432,000","-11,115,000","-5,077,000","-7,664,000","-14,723,000","-10,964,000","-11,337,000","-11,073,000","-9,574,000","-14,255,000","-10,829,000","-8,045,000","-5,639,000","-9,316,000","-3,450,000","-4,011,000","-6,399,000","-15,080,000","-9,344,000","-7,893,000","-4,756,000","-7,020,000","-11,306,000","-10,964,000","-9,475,000","-7,909,000","-5,185,000","-6,346,000","-6,957,000","-19,045,000","-10,935,000","-12,484,000","-13,049,000","-15,920,000","-14,655,000","-14,686,000","-14,850,000","-19,014,000","-19,859,000","-22,823,000","-26,146,000","-24,704,000","-19,128,000","-17,114,000","-17,733,000","-18,534,000","-19,764,000","-25,451,000","-20,145,000","-19,008,000","-16,437,000","-19,014,000","-18,531,000","-15,993,000","-17,336,000","-21,288,000","-19,226,000","-19,663,000","-28,639,000","-17,800,000","-15,893,000","-22,899,000","-16,976,000","-21,753,000","-14,391,000","-10,082,000","-7,593,000","-7,092,000","-4,320,000","-5,956,000","-3,908,000","-2,466,000","-2,292,000","-1,884,000","-200,000","-600,000","-400,000","-500,000","-600,000","-600,000","-500,000","-100,000","-100,000","-200,000","0","0","100,000","200,000","0","0","0","0","0","100,000","0","0","100,000","100,000","0","400,000","-100,000","200,000","100,000","300,000","0"
EBITDA,"-85,435,000"
ReconciledCostOfRevenue,"106,404,000","23,694,000","34,690,000","22,300,000","25,720,000","18,709,000","18,495,000","25,044,000","21,856,000","18,713,000","12,983,000","34,430,000","14,747,000","12,856,000","19,988,000","16,741,000","14,166,000","21,459,000","33,978,000","44,725,000","12,984,000","20,034,000","15,189,000","24,941,000","21,282,000","28,738,000","33,648,000","48,307,000","37,761,000","26,577,000","37,656,000","48,454,000","39,215,000","36,663,000","42,235,000","52,560,000","49,185,000","40,122,000","38,669,000","34,542,000","32,431,000","23,952,000","29,233,000","34,284,000","31,023,000","39,477,000","30,396,000","23,305,000","22,629,000","22,387,000","20,109,000","26,154,000","29,247,000","31,451,000","31,175,000","38,246,000","43,383,000","44,618,000","23,850,000","21,828,000","19,621,000","18,490,000","15,326,000","23,241,000","17,887,000","18,455,000","12,273,000","18,017,000","17,492,000","13,214,000","16,527,000","18,439,000","17,176,000","16,542,000","19,448,000","19,621,000","17,906,000","26,633,000","22,058,000","31,008,000","21,747,000","14,345,000","10,693,000","22,147,000","3,640,000","5,428,000","2,146,000","2,559,000","791,000","1,223,000","1,900,000","1,600,000","2,700,000","3,400,000","4,300,000","4,600,000","3,500,000","3,800,000","2,400,000","4,000,000","3,700,000","3,800,000","3,800,000","4,700,000","5,300,000","5,600,000","5,100,000","5,900,000","5,600,000","6,800,000","7,800,000","7,500,000","6,300,000","5,100,000","2,900,000","3,200,000","2,800,000","4,100,000","3,800,000","3,300,000","3,000,000"
ReconciledDepreciation,"20,563,000","5,332,000","5,771,000","4,951,000","4,509,000","4,808,000","5,604,000","5,549,000","4,726,000","4,472,000","4,630,000","4,034,000","3,921,000","2,199,000","2,199,000","2,123,000","2,223,000","2,174,000","2,128,000","2,016,000","2,206,000","2,239,000","2,057,000","1,366,000","1,241,000","1,191,000","1,151,000","1,101,000","1,054,000","981,000","963,000","1,087,000","1,119,000","1,110,000","1,068,000","1,053,000","983,000","1,049,000","1,012,000","1,018,000","1,321,000","823,000","2,030,000","1,618,000","1,628,000","1,551,000","1,634,000","1,857,000","1,809,000","1,849,000","1,923,000","2,885,000","2,173,000","2,190,000","2,179,000","1,880,000","2,433,000","2,315,000","2,173,000","2,755,000","2,126,000","1,859,000","2,445,000","2,474,000","2,147,000","2,131,000","2,639,000","2,146,000","814,000","2,453,000","1,897,000","975,000","2,399,000","2,075,000","2,962,000","1,749,000","1,648,000","1,530,000","1,447,000","1,105,000","771,000","895,000","1,012,000","607,000","500,000","464,000","463,000","451,000","459,000","470,000","500,000","500,000","400,000","500,000","400,000","400,000","400,000","500,000","600,000","500,000","500,000","600,000","600,000","500,000","500,000","700,000","500,000","400,000","500,000","600,000","600,000","700,000","400,000","400,000","500,000","600,000","400,000","500,000","400,000","300,000","300,000"
NetIncomeFromContinuingOperationNetMinorityInterest,"-107,019,000","-30,217,000","-40,624,000","-24,181,000","-11,997,000","-18,917,000","-45,960,000","-18,856,000","-15,331,000","-14,769,000","-40,151,000","-35,179,000","-5,311,000","-19,530,000","-17,548,000","-14,096,000","-15,881,000","-13,174,000","-4,183,000","-9,979,000","-17,001,000","-13,238,000","-13,685,000","-12,862,000","-11,010,000","-15,373,000","-11,712,000","-8,860,000","-6,539,000","-9,894,000","-4,066,000","-4,700,000","-6,978,000","-15,843,000","-10,604,000","-9,700,000","-5,612,000","-7,365,000","-11,681,000","-11,338,000","-9,922,000","-8,292,000","-5,943,000","-7,065,000","-7,754,000","-19,956,000","-10,413,000","-13,886,000","-12,423,000","-15,882,000","-14,632,000","-14,760,000","-14,915,000","-19,080,000","-19,919,000","-23,484,000","-25,980,000","-24,977,000","-18,917,000","-15,994,000","-15,440,000","-18,004,000","-19,236,000","-24,260,000","-18,712,000","-18,058,000","-15,075,000","-17,929,000","-17,002,000","-15,231,000","-16,772,000","-20,784,000","-18,833,000","-19,154,000","-27,862,000","-15,380,000","-15,020,000","-20,988,000","-16,026,000","-20,746,000","-13,190,000","-8,877,000","-6,027,000","-4,808,000","-2,765,000","-5,073,000","-2,792,000","-1,449,000","-1,307,000","-1,708,000",,"500,000","-400,000","-800,000","-300,000",,"-300,000","200,000","100,000","100,000","200,000","100,000","100,000","200,000","100,000","100,000","100,000","0","100,000","200,000","100,000","0","100,000","100,000",,"100,000",,"100,000","100,000","200,000",
TotalUnusualItemsExcludingGoodwill,"-934,000",,"0","-934,000","0",,"-27,130,000","2,225,000","107,000","-3,372,000","-34,245,000",,,,,"0",,"0","0","0","0","-10,000","-1,345,000",,,,,,,,,,,,,"0",,,,"-2,017,000","422,000","412,000","424,000",,,"143,000",,,,,,,"-533,000","-533,000",,,,,,"0",,,"34,000","-236,000","-7,000","-19,000","71,000","-102,000","-441,000","-303,000","71,000","-185,000","68,000","69,000","-12,133,000","67,000","68,000","67,000","68,000","67,000","68,000","67,000","68,000","67,000","68,000","66,000","69,000","68,000","68,000","67,000",,"1,100,000","200,000","100,000",,,"200,000","500,000","300,000","300,000","300,000","200,000","200,000","200,000","200,000","200,000","200,000","200,000","200,000","200,000","100,000","100,000","100,000","100,000",,"100,000",,"100,000","100,000","200,000",
TotalUnusualItems,"-934,000",,"0","-934,000","0",,"-27,130,000","2,225,000","107,000","-3,372,000","-34,245,000",,,,,"0",,"0","0","0","0","-10,000","-1,345,000",,,,,,,,,,,,,"0",,,,"-2,017,000","422,000","412,000","424,000",,,"143,000",,,,,,,"-533,000","-533,000",,,,,,"0",,,"34,000","-236,000","-7,000","-19,000","71,000","-102,000","-441,000","-303,000","71,000","-185,000","68,000","69,000","-12,133,000","67,000","68,000","67,000","68,000","67,000","68,000","67,000","68,000","67,000","68,000","66,000","69,000","68,000","68,000","67,000",,"1,100,000","200,000","100,000",,,"200,000","500,000","300,000","300,000","300,000","200,000","200,000","200,000","200,000","200,000","200,000","200,000","200,000","200,000","100,000","100,000","100,000","100,000",,"100,000",,"100,000","100,000","200,000",
NormalizedEBITDA,"-84,501,000","-23,087,000","-38,921,000","-16,566,000","-5,927,000","-12,550,000","-10,681,000","-11,259,000","-6,537,000","-3,330,000","2,021,000","-28,309,000","2,166,000","-15,455,000","-12,885,000","-9,547,000","-11,209,000","-8,941,000","-2,949,000","-5,648,000","-12,517,000","-8,715,000","-7,935,000","-9,707,000","-8,333,000","-13,064,000","-9,678,000","-6,944,000","-4,585,000","-8,335,000","-2,487,000","-2,924,000","-5,280,000","-13,970,000","-8,276,000","-6,840,000","-3,773,000","-5,971,000","-10,294,000","-7,929,000","-8,576,000","-7,498,000","-3,579,000","-4,728,000","-5,329,000","-17,494,000","-9,301,000","-10,627,000","-11,240,000","-14,071,000","-12,732,000","-11,801,000","-12,144,000","-16,291,000","-17,680,000","-20,943,000","-23,713,000","-22,389,000","-16,955,000","-14,359,000","-15,607,000","-16,675,000","-17,353,000","-22,741,000","-17,991,000","-16,858,000","-13,869,000","-16,766,000","-17,276,000","-13,237,000","-15,510,000","-20,128,000","-16,895,000","-17,657,000","-13,544,000","-16,118,000","-14,313,000","-21,436,000","-15,597,000","-20,715,000","-13,688,000","-9,254,000","-6,649,000","-6,552,000","-3,888,000","-5,558,000","-3,514,000","-2,083,000","-1,901,000","-1,481,000","300,000","-1,200,000","-200,000","-100,000","-200,000","-200,000","-300,000","-100,000","200,000","0","200,000","400,000","500,000","500,000","500,000","500,000","300,000","200,000","300,000","500,000","500,000","600,000","400,000","400,000","500,000","900,000","300,000","600,000","400,000","400,000","300,000"
TaxRateForCalcs,"0.4","0","0","0","0.27","0","0","0.27","0.27","0.27","0.27","0.27","0.27","0.27","0","0.27","0.27","0","0.27","0","0","0.003","0.4","0.4","0.4","0.4","0.4","0.4","0.4","0.4","0.4","0.35","0.35","0.35","0.35","0.35","0.003","0.35","0.35","0","0.001","0.014","0.35","0.35","0.35","0.35","0.35","0.35","0.35","0.35","0","0","0","0","0","0","0","0","0","0","0.35","0","0","0","0","0","0","0","0","0","0","0","0","0","0.4","0","0","0","0","0","0","0","0","0","0","0","0.4","0.4","0.4","0.4",,"0.167","0.4","0.4","0.4",,"0.4","0.333","0.4","0","0.333","0.4","0.4","0.333","0.4","0.4","0.4","0","0.4","0.333","0.4","0","0.4","0.4",,"0.4",,"0.4","0.4","0.4",
TaxEffectOfUnusualItems,"-373,600","0","0","-38.672","0","0","0","600,750","28,890","-910,440","-9,246,150","0","0","0","0","0","0","0","0","0","0","-27.121","-538,000","0","0","0","0","0","0","0","0","0","0","0","0","0","0","0","0","0","379.08","5,876.002","148,400","0","0","0","0","0","0","0","0","0","0","0","0","0","0","0","0","0","0","0","0","0","0","0","0","0","0","0","0","0","0","0","-4,853,200","0","0","0","0","0","0","0","0","0","0","0","27,600","27,200","27,200","26,800",,"183,333.333","80,000","40,000","0",,"80,000","166,666.667","120,000","0","100,000","80,000","80,000","66,666.667","80,000","80,000","80,000","0","80,000","66,666.667","40,000","0","40,000","40,000",,"40,000",,"40,000","40,000","80,000",