name,ttm,03/31/2022,12/31/2021,09/30/2021,06/30/2021,03/31/2021,12/31/2020,09/30/2020,06/30/2020,03/31/2020,12/31/2019,09/30/2019,06/30/2019,03/31/2019,12/31/2018,09/30/2018,06/30/2018,03/31/2018,12/31/2017,09/30/2017,06/30/2017,03/31/2017,12/31/2016,09/30/2016,06/30/2016,03/31/2016,12/31/2015,09/30/2015,06/30/2015,03/31/2015,12/31/2014,09/30/2014,06/30/2014,03/31/2014,12/31/2013,09/30/2013,06/30/2013,03/31/2013,12/31/2012,09/30/2012,06/30/2012,03/31/2012,12/31/2011,09/30/2011,06/30/2011,03/31/2011,12/31/2010,09/30/2010,06/30/2010,03/31/2010,12/31/2009,09/30/2009,06/30/2009,03/31/2009,12/31/2008,09/30/2008,06/30/2008,03/31/2008,12/31/2007,09/30/2007,06/30/2007,03/31/2007,12/31/2006,09/30/2006,06/30/2006,03/31/2006,12/31/2005,09/30/2005,06/30/2005,03/31/2005,12/31/2004,09/30/2004,06/30/2004,03/31/2004,12/31/2003,09/30/2003,06/30/2003,03/31/2003,12/31/2002,09/30/2002,06/30/2002,03/31/2002,12/31/2001,09/30/2001,06/30/2001,03/31/2001,12/31/2000,09/30/2000,06/30/2000,03/31/2000,12/31/1999,09/30/1999,06/30/1999,03/31/1999,10/31/1998,07/31/1998,04/30/1998,01/31/1998,10/31/1997,07/31/1997,04/30/1997,01/31/1997,10/31/1996,07/31/1996,04/30/1996,01/31/1996,10/31/1995,07/31/1995,04/30/1995,01/31/1995,10/31/1994,07/31/1994,04/30/1994,01/31/1994,10/31/1993,07/31/1993,04/30/1993,01/31/1993,10/31/1992,07/31/1992,04/30/1992,01/31/1992,10/31/1991,07/31/1991,04/30/1991,01/31/1991,10/31/1990,07/31/1990,04/30/1990,01/31/1990,10/31/1989
TotalRevenue,"1,950,865,000","659,839,000","501,774,000","399,674,000","389,578,000","407,939,000","392,158,000","359,890,000","412,746,000","466,490,000","498,362,000","452,459,000","446,014,000","467,604,000","481,208,000","429,878,000","419,972,000","449,800,000","480,205,000","435,412,000","416,629,000","447,576,000","462,042,000","261,153,000","181,979,000","183,203,000","191,424,000","169,532,000","167,623,000","176,023,000","202,774,000","175,000,000","165,326,000","169,777,000","182,687,000","174,187,000","143,135,000","160,839,000","179,240,000","149,695,000","132,778,000","135,116,000","146,534,000","133,349,000","120,581,000","120,838,000","129,639,000","108,182,000","97,676,000","97,213,000","104,536,000","94,646,000","84,167,000","82,696,000","91,562,000","84,568,000","105,948,000","102,741,000","100,607,000","104,963,000","92,720,000","90,160,000","88,175,000","69,472,000","56,375,000","55,700,000","60,141,000","54,307,000","46,328,000","46,999,000","51,101,000","46,544,000","40,318,000","41,850,000","40,565,000","37,241,000","33,418,000","34,244,000","33,720,000","29,755,000","26,867,000","28,451,000","28,135,000","26,631,000","26,958,000","28,703,000","27,830,000","25,707,000","24,756,000","27,565,000","28,051,000","23,300,000","22,500,000","23,800,000","18,400,000","16,800,000","14,600,000","14,600,000","13,200,000","12,400,000","12,600,000","13,500,000","10,800,000","9,500,000","9,700,000","10,000,000","8,800,000","8,700,000","8,300,000","8,200,000","6,800,000","6,000,000","5,000,000","5,300,000","4,400,000","4,000,000","4,000,000","4,300,000","3,600,000","3,400,000","3,400,000","1,300,000","800,000","600,000","500,000","500,000","400,000","400,000","300,000","300,000","300,000"
	OperatingRevenue,"1,950,865,000","659,839,000","501,774,000","399,674,000","389,578,000","407,939,000","392,158,000","359,890,000","412,746,000","466,490,000","498,362,000","452,459,000","446,014,000","467,604,000","481,208,000","429,878,000","419,972,000","449,800,000","480,205,000","435,412,000","416,629,000","447,576,000","462,042,000","261,153,000","181,979,000","183,203,000","191,424,000","169,532,000","167,623,000","176,023,000","202,774,000","175,000,000","165,326,000","169,777,000","182,687,000","174,187,000","143,135,000","160,618,000","178,295,000","149,695,000","132,778,000","135,116,000","146,534,000","133,349,000","120,581,000","120,838,000","129,639,000","108,182,000","97,676,000","97,213,000","104,536,000","94,646,000","84,167,000","82,696,000","91,562,000","84,568,000","105,948,000","102,741,000","100,607,000","104,963,000","92,720,000","90,160,000","88,175,000","69,472,000","56,375,000","55,700,000","60,141,000","54,307,000","46,328,000","46,686,000","51,101,000","46,544,000","40,318,000","41,518,000","40,565,000","37,241,000","33,418,000","33,938,000","33,720,000","29,755,000","26,867,000","28,451,000","28,135,000","26,631,000","26,958,000","28,703,000","27,830,000","25,707,000","24,756,000","27,565,000","28,051,000","23,300,000","22,500,000","23,800,000","18,400,000","16,800,000","14,600,000","14,600,000","13,200,000","12,400,000","12,600,000","13,500,000","10,800,000","9,500,000","9,700,000","10,000,000","8,800,000","8,700,000","8,300,000","8,200,000","6,800,000","6,000,000","5,000,000","5,300,000","4,400,000","4,000,000","4,000,000","4,300,000","3,600,000","3,400,000","3,400,000","1,300,000","800,000","600,000","500,000","500,000","400,000","400,000","300,000","300,000","300,000"
CostOfRevenue,"974,115,000","368,652,000","273,522,000","166,585,000","165,356,000","174,350,000","166,167,000","157,152,000","189,645,000","207,181,000","231,098,000","201,480,000","201,709,000","211,805,000","219,208,000","192,620,000","191,544,000","210,719,000","231,069,000","204,366,000","192,205,000","204,676,000","207,927,000","113,789,000","80,518,000","81,340,000","88,499,000","74,090,000","73,577,000","77,252,000","91,141,000","76,137,000","71,405,000","73,321,000","84,498,000","79,634,000","58,385,000","68,757,000","79,405,000","63,757,000","57,705,000","56,723,000","67,041,000","57,319,000","51,647,000","50,545,000","53,991,000","43,769,000","39,831,000","39,660,000","48,366,000","39,181,000","33,905,000","31,057,000","38,542,000","33,165,000","54,097,000","52,408,000","58,125,000","52,118,000","43,366,000","39,504,000","39,178,000","27,692,000","20,868,000","18,394,000","23,101,000","19,964,000","16,446,000","16,257,000","-25,778,000","33,013,000","28,323,000","28,309,000","28,089,000","26,847,000","23,893,000","24,258,000","24,431,000","21,789,000","7,082,000","20,945,000","20,612,000","20,189,000","21,389,000","21,090,000","20,748,000","19,756,000","20,079,000","21,639,000","-17,440,000","18,100,000","17,500,000","18,100,000","13,900,000","12,700,000","11,200,000","11,100,000","10,100,000","9,600,000","10,100,000","10,400,000","8,200,000","7,300,000","7,600,000","7,700,000","6,700,000","14,700,000","3,700,000","3,400,000","2,500,000","9,700,000","1,900,000","3,800,000","3,300,000","7,200,000","1,400,000","1,700,000","2,600,000","2,500,000","2,400,000","1,000,000","300,000","200,000","200,000","200,000",,,,,
GrossProfit,"976,750,000","291,187,000","228,252,000","233,089,000","224,222,000","233,589,000","225,991,000","202,738,000","223,101,000","259,309,000","267,264,000","250,979,000","244,305,000","255,799,000","262,000,000","237,258,000","228,428,000","239,081,000","249,136,000","231,046,000","224,424,000","242,900,000","254,115,000","147,364,000","101,461,000","101,863,000","102,925,000","95,442,000","94,046,000","98,771,000","111,633,000","98,863,000","93,921,000","96,456,000","98,189,000","94,553,000","84,750,000","92,082,000","99,835,000","85,938,000","75,073,000","78,393,000","79,493,000","76,030,000","68,934,000","70,293,000","75,648,000","64,413,000","57,845,000","57,553,000","56,170,000","55,465,000","50,262,000","51,639,000","53,020,000","51,403,000","51,851,000","50,333,000","42,482,000","52,845,000","49,354,000","50,656,000","48,997,000","41,780,000","35,507,000","37,306,000","37,040,000","34,343,000","29,882,000","30,742,000","76,879,000","13,531,000","11,995,000","13,541,000","12,476,000","10,394,000","9,525,000","9,986,000","9,289,000","7,966,000","19,785,000","7,506,000","7,523,000","6,442,000","5,569,000","7,613,000","7,082,000","5,951,000","4,677,000","5,926,000","45,491,000","5,200,000","5,000,000","5,700,000","4,500,000","4,100,000","3,400,000","3,500,000","3,100,000","2,800,000","2,500,000","3,100,000","2,600,000","2,200,000","2,100,000","2,300,000","2,100,000","-6,000,000","4,600,000","4,800,000","4,300,000","-3,700,000","3,100,000","1,500,000","1,100,000","-3,200,000","2,600,000","2,600,000","1,000,000","900,000","1,000,000","300,000","500,000","400,000","300,000","300,000",,,,,
OperatingExpense,"778,763,000","235,701,000","185,590,000","180,044,000","177,428,000","178,935,000","171,516,000","166,841,000","179,761,000","197,076,000","189,275,000","191,069,000","190,553,000","188,880,000","187,641,000","182,582,000","178,255,000","177,846,000","180,454,000","182,837,000","182,064,000","184,225,000","190,411,000","112,355,000","76,034,000","78,016,000","71,316,000","67,365,000","70,882,000","70,706,000","70,978,000","67,103,000","66,874,000","66,093,000","61,575,000","64,028,000","60,395,000","60,214,000","58,061,000","55,547,000","49,971,000","51,661,000","47,310,000","47,913,000","45,570,000","45,897,000","46,866,000","42,766,000","40,198,000","39,886,000","36,174,000","38,416,000","35,159,000","36,304,000","35,548,000","37,301,000","40,371,000","39,307,000","36,583,000","35,885,000","34,968,000","34,111,000","33,457,000","29,207,000","25,607,000","25,530,000","25,276,000","24,358,000","21,743,000","21,269,000","67,221,000","5,281,000","5,238,000","5,333,000","4,795,000","3,938,000","4,648,000","4,396,000","3,798,000","3,861,000","16,167,000","3,035,000","3,434,000","3,189,000","2,808,000","3,802,000","4,046,000","3,437,000","2,751,000","2,636,000","42,700,000","2,200,000","2,100,000","2,100,000","1,800,000","1,600,000","1,500,000","1,300,000","1,400,000","1,400,000","1,200,000","1,300,000","1,200,000","1,200,000","1,100,000","1,000,000","1,000,000","-7,000,000","3,700,000","3,800,000","3,400,000","-4,600,000","2,500,000","700,000","700,000","-3,600,000","1,900,000","1,900,000","300,000","200,000","300,000","100,000","400,000","400,000","200,000","200,000",,,,,
	SellingGeneralAndAdministration,"117,123,000","36,863,000","22,654,000","30,208,000","27,398,000","30,999,000","25,289,000","24,354,000","28,386,000","32,902,000","27,908,000","30,576,000","31,696,000","32,154,000","32,343,000","29,977,000","29,720,000","28,002,000","28,931,000","29,999,000","30,305,000","33,238,000","38,260,000","24,500,000","16,509,000","17,668,000","14,518,000","11,733,000","14,669,000","13,838,000","14,236,000","13,406,000","13,615,000","13,329,000","11,017,000","12,738,000","12,662,000","13,113,000","-97,152,000","52,219,000","46,852,000","48,625,000","44,589,000","45,088,000","42,749,000","43,250,000","43,989,000","40,248,000","37,618,000","37,352,000","33,643,000","35,835,000","32,676,000","33,811,000","32,587,000","34,596,000","37,374,000","36,322,000","33,834,000","33,088,000","32,163,000","31,659,000","31,106,000","27,117,000","23,712,000","23,825,000","23,667,000","22,825,000","20,373,000","19,977,000","66,030,000","4,208,000","4,250,000","4,412,000","3,952,000","3,110,000","3,962,000","3,734,000","3,109,000","3,143,000","15,581,000","2,480,000","2,536,000","2,214,000","1,834,000","2,836,000","2,318,000","2,494,000","1,830,000","1,745,000","41,810,000","1,500,000","1,400,000","1,400,000","1,200,000","1,100,000","1,100,000","900,000","1,000,000","1,000,000","900,000","1,000,000","900,000","900,000","800,000","700,000","700,000","-7,200,000","3,400,000","3,500,000","3,200,000","-4,800,000","2,300,000","500,000","500,000","-3,800,000","1,700,000","1,800,000","200,000","200,000","200,000","100,000","400,000","300,000","200,000","200,000",,,,,
		GeneralAndAdministrativeExpense,"117,123,000","36,863,000","22,654,000","30,208,000","27,398,000","30,999,000","25,289,000","24,354,000","28,386,000","32,902,000","27,908,000","30,576,000","31,696,000","32,154,000","32,343,000","29,977,000","29,720,000","28,002,000","28,931,000","29,999,000","30,305,000","33,238,000","38,260,000","24,500,000","16,509,000","17,668,000","14,518,000","11,733,000","14,669,000","13,838,000","14,236,000","13,406,000","13,615,000","13,329,000","11,017,000","12,738,000","12,662,000","13,113,000","13,851,000",,,,,,,,,,,,,,,,,,,,,,,,,,,,,,,,,,,,,,,,,,,,,,,,,,,,,,,,,,,,,,,,,,,,,,,,,,,,,,,,,,,,,,,,,,,,
			OtherGandA,"117,123,000","36,863,000","22,654,000","30,208,000","27,398,000","30,999,000","25,289,000","24,354,000","28,386,000","32,902,000","27,908,000","30,576,000","31,696,000","32,154,000","32,343,000","29,977,000","29,720,000","28,002,000","28,931,000","29,999,000","30,305,000","33,238,000","38,260,000","24,500,000","16,509,000","17,668,000","14,518,000","11,733,000","14,669,000","13,838,000","14,236,000","13,406,000","13,615,000","13,329,000","11,017,000","12,738,000","12,662,000","13,113,000","13,851,000",,,,,,,,,,,,,,,,,,,,,,,,,,,,,,,,,,,,,,,,,,,,,,,,,,,,,,,,,,,,,,,,,,,,,,,,,,,,,,,,,,,,,,,,,,,,
	DepreciationAmortizationDepletionIncomeStatement,"60,836,000","25,542,000","13,175,000","11,217,000","10,902,000","10,612,000","10,681,000","10,426,000","10,324,000","10,674,000","10,846,000","10,674,000","10,510,000","9,874,000","9,876,000","10,850,000","10,952,000","11,283,000","12,429,000","13,872,000","14,689,000","14,243,000","14,700,000","7,281,000","4,947,000","4,937,000","4,288,000","4,637,000","4,467,000","4,547,000","4,475,000","4,404,000","4,325,000","4,272,000","4,015,000","3,988,000","3,733,000","3,625,000","3,482,000","3,328,000","3,119,000","3,036,000","2,721,000","2,825,000","2,821,000","2,647,000","2,877,000","2,518,000","2,580,000","2,534,000","2,531,000","2,581,000","2,483,000","2,493,000","2,961,000","2,705,000","2,997,000","2,985,000","2,749,000","2,797,000","2,805,000","2,452,000","2,351,000","2,090,000","1,895,000","1,705,000","1,609,000","1,533,000","1,370,000","1,292,000","1,191,000","1,073,000","988,000","921,000","843,000","828,000","686,000","662,000","689,000","718,000","586,000","555,000","898,000","975,000","974,000","966,000","1,728,000","943,000","921,000","891,000","890,000","700,000","700,000","700,000","600,000","500,000","400,000","400,000","400,000","400,000","300,000","300,000","300,000","300,000","300,000","300,000","300,000","200,000","300,000","300,000","200,000","200,000","200,000","200,000","200,000","200,000","200,000","100,000","100,000","0","100,000",,,,,,,,,,
		DepreciationAndAmortizationInIncomeStatement,"60,836,000","25,542,000","13,175,000","11,217,000","10,902,000","10,612,000","10,681,000","10,426,000","10,324,000","10,674,000","10,846,000","10,674,000","10,510,000","9,874,000","9,876,000","10,850,000","10,952,000","11,283,000","12,429,000","13,872,000","14,689,000","14,243,000","14,700,000","7,281,000","4,947,000","4,937,000","4,288,000","4,637,000","4,467,000","4,547,000","4,475,000","4,404,000","4,325,000","4,272,000","4,015,000","3,988,000","3,733,000","3,625,000","3,482,000","3,328,000","3,119,000","3,036,000","2,721,000","2,825,000","2,821,000","2,647,000","2,877,000","2,518,000","2,580,000","2,534,000","2,531,000","2,581,000","2,483,000","2,493,000","2,961,000","2,705,000","2,997,000","2,985,000","2,749,000","2,797,000","2,805,000","2,452,000","2,351,000","2,090,000","1,895,000","1,705,000","1,609,000","1,533,000","1,370,000","1,292,000","1,191,000","1,073,000","988,000","921,000","843,000","828,000","686,000","662,000","689,000","718,000","586,000","555,000","898,000","975,000","974,000","966,000","1,728,000","943,000","921,000","891,000","890,000","700,000","700,000","700,000","600,000","500,000","400,000","400,000","400,000","400,000","300,000","300,000","300,000","300,000","300,000","300,000","300,000","200,000","300,000","300,000","200,000","200,000","200,000","200,000","200,000","200,000","200,000","100,000","100,000","0","100,000",,,,,,,,,,
			DepreciationIncomeStatement,,,,,,,,,,,,,,,,,,,,,,,,,,,,,,,,,,,,,,,,,,,,,,,,,,,,,"2,483,000","2,493,000",,,"2,938,000","2,926,000","2,689,000","2,738,000","2,746,000","2,426,000",,,,,,,,,,,,,,,,,,,,,"514,000","593,000","592,000","584,000",,,,,,,,,,,,,,,,,,,,,,,,,,,,,,,,,,,,,,,,,,,,,
			Amortization,,,,,,,,,,,,,,,,,,,,,,,,,,,,,,,,,,,,,,,,,,,,,,,,,,,,,,,,,"59,000","59,000","60,000","59,000","59,000","26,000",,,,,,,,,,,,,,,,,,,,,"384,000","382,000","382,000","382,000",,,,,,,,,,,,,,,,,,,,,,,,,,,,,,,,,,,,,,,,,,,,,
				AmortizationOfIntangiblesIncomeStatement,,,,,,,,,,,,,,,,,,,,,,,,,,,,,,,,,,,,,,,,,,,,,,,,,,,,,,,,,"59,000","59,000","60,000","59,000","59,000","26,000",,,,,,,,,,,,,,,,,,,,,"384,000","382,000","382,000","382,000",,,,,,,,,,,,,,,,,,,,,,,,,,,,,,,,,,,,,,,,,,,,,
	OtherOperatingExpenses,"600,804,000","173,296,000","149,761,000","138,619,000","139,128,000","137,324,000","135,546,000","132,061,000","141,051,000","153,500,000","150,521,000","149,819,000","148,347,000","146,852,000","145,422,000","141,755,000","137,583,000","138,561,000","139,094,000","138,966,000","137,070,000","136,744,000","137,451,000","80,574,000","54,578,000","55,411,000","52,510,000","50,995,000","51,746,000","52,321,000","52,267,000","49,293,000","48,934,000","48,492,000","46,543,000","47,302,000","44,000,000","43,476,000","40,728,000",,,,,,,,,,,,,,,,,,,,,,,,,,,,,,,,,,,,,,,,,,,,,,,,,,,,,,,,,,,,,,,,,,,,,,,,,,,,,,,,,,,,,,,,,,,,
OperatingIncome,"197,987,000","55,486,000","42,662,000","53,045,000","46,794,000","54,654,000","54,475,000","35,897,000","43,340,000","62,233,000","77,989,000","59,910,000","53,752,000","66,919,000","74,359,000","54,676,000","50,173,000","61,235,000","68,682,000","48,209,000","42,360,000","58,675,000","63,704,000","35,009,000","25,427,000","23,847,000","31,609,000","28,077,000","23,164,000","28,065,000","40,655,000","31,760,000","27,047,000","30,363,000","36,614,000","30,525,000","24,355,000","31,868,000","41,774,000","30,391,000","25,102,000","26,732,000","32,183,000","28,117,000","23,364,000","24,396,000","28,782,000","21,647,000","17,647,000","17,667,000","19,996,000","17,049,000","15,103,000","15,335,000","17,472,000","14,102,000","11,480,000","11,026,000","5,899,000","16,960,000","14,386,000","16,545,000","15,540,000","12,573,000","9,900,000","11,776,000","11,764,000","9,985,000","8,139,000","9,473,000","9,658,000","8,250,000","6,757,000","8,208,000","7,681,000","6,456,000","4,877,000","5,590,000","5,491,000","4,105,000","3,618,000","4,471,000","4,089,000","3,253,000","2,761,000","3,811,000","3,036,000","2,514,000","1,926,000","3,290,000","2,791,000","3,000,000","2,900,000","3,600,000","2,700,000","2,500,000","1,900,000","2,200,000","1,700,000","1,400,000","1,300,000","1,800,000","1,400,000","1,000,000","1,000,000","1,300,000","1,100,000","1,000,000","900,000","1,000,000","900,000","900,000","600,000","800,000","400,000","400,000","700,000","700,000","700,000","700,000","700,000","200,000","100,000","0","100,000","100,000","400,000","-800,000","300,000","300,000","300,000"
NetNonOperatingInterestIncomeExpense,"-40,163,000","-15,545,000","-9,721,000","-7,818,000","-7,079,000","-7,072,000","-7,060,000","-6,062,000","-6,449,000","-8,233,000","-7,928,000","-8,493,000","-8,393,000","-8,166,000","-8,352,000","-7,371,000","-5,789,000","-5,217,000","-5,749,000","-5,711,000","-5,192,000","-5,786,000","-6,346,000","-4,935,000","-4,102,000","-4,186,000","-3,982,000","-3,930,000","-3,733,000","-3,676,000","-3,962,000","-3,880,000","-3,648,000","-1,355,000","-963,000","-1,053,000","-582,000","-572,000","-722,000","-414,000","-140,000","4,000","27,000","17,000","26,000","73,000","8,000","-52,000","-114,000","-136,000","-156,000","-171,000","-185,000","-186,000",,,,,,,,,,,,,,,,,,,,,,,,,,,,,,,,,,,,,,,,,,,,,,,,,,,,,,,,,,,,,,,,,,,,,,,,,,,,,
	InterestIncomeNonOperating,"1,214,000","676,000","276,000","143,000","119,000","158,000","331,000","499,000","525,000","185,000","267,000","429,000","155,000","204,000","228,000","495,000","740,000","981,000","459,000","418,000","393,000","327,000","115,000","138,000","224,000","274,000","423,000","406,000","393,000","344,000","160,000","179,000","262,000","81,000","55,000","69,000","51,000","147,000","69,000","30,000","36,000","81,000","57,000","56,000","66,000","99,000","52,000","22,000","19,000","4,000","7,000","3,000","7,000","50,000",,,,,,,,,,,,,,,,,,,,,,,,,,,,,,,,,,,,,,,,,,,,,,,,,,,,,,,,,,,,,,,,,,,,,,,,,,,,,
	InterestExpenseNonOperating,"41,377,000","16,221,000","9,997,000","7,961,000","7,198,000","7,230,000","7,391,000","6,561,000","6,974,000","8,418,000","8,195,000","8,922,000","8,548,000","8,370,000","8,580,000","7,866,000","6,529,000","6,198,000","6,208,000","6,129,000","5,585,000","6,113,000","6,461,000","5,073,000","4,326,000","4,460,000","4,405,000","4,336,000","4,126,000","4,020,000","4,122,000","4,059,000","3,910,000","1,436,000","1,018,000","1,122,000","633,000","719,000","791,000","444,000","176,000","77,000","30,000","39,000","40,000","26,000","44,000","74,000","133,000","140,000","163,000","174,000","192,000","236,000",,,,,,,,,,,,,,,,,,,,,,,,,,,,,,,,,,,,,,,,,,,,,,,,,,,,,,,,,,,,,,,,,,,,,,,,,,,,,
OtherIncomeExpense,"-584,000","-2,932,000","4,189,000","-931,000","-910,000","-1,311,000","-4,308,000","-12,149,000","298,000","-8,283,000","1,457,000","-2,453,000","-73,000","90,000","-2,831,000","-3,222,000","-2,113,000","-239,000","-5,898,000","-931,000","-15,700,000","-647,000","-1,241,000","-29,651,000","-4,079,000",,"0","-7,913,000",,,,,,,,,,,,,,,,,,,,,,,,,,,,,,,,,,,,,,,,,,"313,000",,,,"332,000",,,,"306,000",,,,,,,,,,,,,,,,,,,"100,000",,,,,,"100,000",,,,,,,"100,000",,,,,,,,,,,,,,,,,,,,,
	GainOnSaleOfSecurity,"311,000","480,000","-188,000","-558,000","577,000","-267,000","755,000","432,000","614,000","-2,685,000","1,713,000","-1,648,000","483,000","239,000","-974,000",,,,,,,,,,,,,,,,,,,,,,,,,,,,,,,,,,,,,,,,,,,,,,,,,,,,,,,,,,,,,,,,,,,,,,,,,,,,,,,,,,,,,,,,,,,,,,,,,,,,,,,,,,,,,,,,,,,,
	EarningsFromEquityInterest,,,"17,871,000",,,,,,,,,,,,,,,,,,,,,,,,,,,,,,,,,,,,,,,,,,,,,,,,,,,,,,,,,,,,,,,,,,,,,,,,,,,,,,,,,,,,,,,,,,,,,,,,,,,,,,,,,,,,,,,,,,,,,,,,,,,,,,,,
	SpecialIncomeCharges,"-18,766,000","-3,412,000","-13,494,000","-373,000","-1,487,000","-1,044,000","-5,063,000","-12,581,000","-316,000","-5,598,000","-256,000","-805,000","-556,000","-149,000","-2,069,000","-3,222,000","-2,113,000","-239,000","-5,898,000","-931,000","-15,700,000","-647,000","-1,241,000","-29,651,000","-4,079,000",,"0","-7,913,000",,,,,,,,,,,,,,,,,,,,,,,,,,,,,,,,,,,,,,,,,,"313,000",,,,"332,000",,,,"306,000",,,,,,,,,,,,,,,,,,,"100,000",,,,,,"100,000",,,,,,,"100,000",,,,,,,,,,,,,,,,,,,,,
		RestructuringAndMergernAcquisition,"18,518,000","3,235,000","14,185,000","12,000","1,086,000","166,000","1,107,000","7,000","134,000","68,000","256,000","805,000","556,000","149,000","2,069,000","3,222,000","2,113,000","239,000","5,898,000","911,000","1,606,000","647,000","2,793,000","29,398,000","4,079,000",,,,,,,,,,,,,,,,,,,,,,,,,,,,,,,,,,,,,,,,,,,,,,,,,,,,,,,,,,,,,,,,,,,,,,,,,,,,,,,,,,,,,,,,,,,,,,,,,,,,,,,,,,
		ImpairmentOfCapitalAssets,"248,000","177,000","-691,000","361,000","401,000","878,000","3,956,000","837,000","182,000","5,530,000",,,,,,,,,,,,,,,,,"0","7,913,000",,,,,,,,,,,,,,,,,,,,,,,,,,,,,,,,,,,,,,,,,,,,,,,,,,,,,,,,,,,,,,,,,,,,,,,,,,,,,,,,,,,,,,,,,,,,,,,,,,,,,,,
		OtherSpecialCharges,,,,,,,"0","11,737,000",,,,,,,,,,,"0","20,000","14,094,000",,,,,,,,,,,,,,,,,,,,,,,,,,,,,,,,,,,,,,,,,,,,,,,,,,,,,,,,,,,,,,,,,,,,,,,,,,,,,,,,,,,,,,,,,,,,,,,,,,,,,,,,,,,,,,
		GainOnSaleOfBusiness,,,,,,,,,,,,,,,,,,,"0","0",,,"1,552,000","-253,000",,,,,,,,,,,,,,,,,,,,,,,,,,,,,,,,,,,,,,,,,,,,,,,,,,,,,,,,,,,,,,,,,,,,,,,,,,,,,,,,,,,,,,,,,,,,,,,,,,,,,,,,,,,
PretaxIncome,"157,240,000","37,009,000","37,130,000","44,296,000","38,805,000","46,271,000","43,107,000","17,686,000","37,189,000","45,717,000","71,518,000","48,964,000","45,286,000","58,843,000","63,176,000","44,083,000","42,271,000","55,779,000","57,035,000","41,567,000","21,468,000","52,242,000","56,117,000","423,000","17,246,000","19,661,000","27,627,000","16,234,000","19,431,000","24,389,000","36,693,000","27,880,000","23,399,000","29,008,000","35,651,000","29,472,000","23,773,000","31,296,000","41,052,000","29,977,000","24,962,000","26,736,000","32,210,000","28,134,000","23,390,000","24,469,000","28,790,000","21,595,000","17,533,000","17,531,000","19,840,000","16,878,000","14,918,000","15,149,000","17,203,000","14,029,000","10,720,000","10,132,000","4,970,000","16,200,000","14,037,000","16,223,000","14,879,000","12,495,000","10,229,000","11,997,000","11,864,000","10,031,000","8,226,000","9,557,000","9,670,000","8,243,000","6,775,000","8,179,000","7,749,000","6,481,000","4,907,000","5,591,000","5,468,000","4,028,000","3,530,000","4,365,000","3,848,000","2,927,000","2,422,000","3,322,000","2,362,000","1,793,000","1,225,000","2,527,000","2,089,000","2,300,000","2,300,000","3,000,000","2,100,000","1,800,000","1,400,000","1,700,000","1,300,000","800,000","700,000","1,200,000","900,000","500,000","500,000","800,000","500,000","300,000","300,000","600,000","400,000","400,000","300,000","600,000",,"400,000","500,000","500,000","500,000","400,000","500,000","200,000",,,,,,,,,
TaxProvision,"38,041,000","9,004,000","7,759,000","10,900,000","10,378,000","12,556,000","10,381,000","2,624,000","11,316,000","12,799,000","17,364,000","14,203,000","12,238,000","16,188,000","15,101,000","10,758,000","12,100,000","14,144,000","-10,699,000","13,293,000","6,229,000","19,597,000","19,425,000","1,835,000","5,573,000","6,487,000","8,217,000","5,061,000","6,092,000","7,601,000","9,752,000","8,352,000","7,384,000","6,054,000","10,240,000","6,331,000","8,110,000","11,032,000","13,368,000","10,341,000","8,613,000","9,224,000","10,738,000","9,850,000","8,186,000","8,564,000","10,215,000","7,639,000","6,336,000","6,487,000","7,637,000","6,268,000","5,499,000","5,575,000","6,499,000","5,155,000","3,963,000","3,735,000","1,809,000","5,815,000","5,152,000","5,944,000","5,187,000","4,560,000","3,734,000","4,375,000","4,143,000","3,661,000","3,003,000","3,488,000","3,578,000","3,053,000","2,529,000","3,001,000","2,932,000","2,465,000","1,906,000","2,093,000","2,159,000","1,450,000","1,271,000","1,571,000","1,385,000","1,054,000","872,000","1,196,000","898,000","690,000","469,000","948,000","311,000","900,000","800,000","1,200,000","800,000","700,000","500,000","600,000","500,000","300,000","300,000","400,000","300,000","200,000","200,000","300,000","200,000","100,000","100,000","200,000","200,000","200,000","100,000","200,000",,"200,000","200,000","200,000","200,000","200,000","200,000","100,000",,,,,,,,,
NetIncomeCommonStockholders,"119,199,000","28,005,000","29,371,000","33,396,000","28,427,000","33,715,000","32,726,000","15,062,000","25,873,000","32,918,000","54,154,000","34,761,000","33,048,000","42,655,000","48,075,000","33,325,000","30,171,000","41,635,000","67,734,000","28,274,000","15,239,000","32,645,000","36,692,000","-1,412,000","11,673,000","13,174,000","19,410,000","11,173,000","13,339,000","16,788,000","26,941,000","19,528,000","16,015,000","22,682,000","24,778,000","23,141,000","15,663,000","20,264,000","27,609,000","18,889,000","16,349,000","17,512,000","21,455,000","18,433,000","15,338,000","22,556,000","19,556,000","14,237,000","11,783,000","12,082,000","14,997,000","11,974,000","11,550,000","11,243,000","11,474,000","-46,407,000","6,702,000","6,695,000","5,739,000","10,385,000","8,885,000","10,279,000","9,692,000","7,935,000","6,495,000","7,622,000","7,721,000","6,370,000","5,223,000","6,069,000","6,092,000","5,190,000","4,246,000","5,178,000","4,460,000","4,016,000","3,001,000","3,498,000","3,309,000","2,578,000","2,259,000","2,794,000","2,321,000","1,873,000","1,550,000","2,126,000","1,464,000","1,103,000","756,000","-708,000","1,778,000","1,400,000","1,500,000","1,800,000","1,300,000","1,100,000","900,000","1,100,000","800,000","500,000","400,000","800,000","600,000","300,000","300,000","500,000","300,000","200,000","200,000","400,000","200,000","200,000","200,000","400,000","300,000","200,000","300,000","300,000","300,000","200,000","300,000","100,000","100,000",,,,,,,,
	NetIncome,"119,199,000","28,005,000","29,371,000","33,396,000","28,427,000","33,715,000","32,726,000","15,062,000","25,873,000","32,918,000","54,154,000","34,761,000","33,048,000","42,655,000","48,075,000","33,325,000","30,171,000","41,635,000","67,734,000","28,274,000","15,239,000","32,645,000","36,692,000","-1,412,000","11,673,000","13,174,000","19,410,000","11,173,000","13,339,000","16,788,000","26,941,000","19,528,000","16,015,000","22,682,000","24,778,000","23,141,000","15,663,000","20,264,000","27,609,000","18,889,000","16,349,000","17,512,000","21,455,000","18,433,000","15,338,000","22,556,000","19,556,000","14,237,000","11,783,000","12,082,000","14,997,000","11,974,000","11,550,000","11,243,000","11,474,000","-46,407,000","6,702,000","6,695,000","5,739,000","10,385,000","8,885,000","10,279,000","9,692,000","7,935,000","6,495,000","7,622,000","7,721,000","6,370,000","5,223,000","6,069,000","6,092,000","5,190,000","4,246,000","5,178,000","4,460,000","4,016,000","3,001,000","3,498,000","3,309,000","2,578,000","2,259,000","2,794,000","2,321,000","1,873,000","1,550,000","2,126,000","1,464,000","1,103,000","756,000","-708,000","1,778,000","1,400,000","1,500,000","1,800,000","1,300,000","1,100,000","900,000","1,100,000","800,000","500,000","400,000","800,000","600,000","300,000","300,000","500,000","300,000","200,000","200,000","400,000","200,000","200,000","200,000","400,000","300,000","200,000","300,000","300,000","300,000","200,000","300,000","100,000","100,000",,,,,,,,
		NetIncomeIncludingNoncontrollingInterests,"119,199,000","28,005,000","29,371,000","33,396,000","28,427,000","33,715,000","32,726,000","15,062,000","25,873,000","32,918,000","54,154,000","34,761,000","33,048,000","42,655,000","48,075,000","33,325,000","30,171,000","41,635,000","67,734,000","28,274,000","15,239,000","32,645,000","36,692,000","-1,412,000","11,673,000","13,174,000","19,410,000","11,173,000","13,339,000","16,788,000","26,941,000","19,528,000","16,015,000","22,682,000","24,778,000","23,141,000","15,663,000","20,264,000","27,609,000","18,889,000","16,349,000","17,512,000","21,455,000","18,433,000","15,338,000","22,556,000","19,556,000","14,237,000","11,783,000","12,082,000","14,997,000","11,974,000","11,550,000","11,243,000","11,474,000","-46,407,000","6,702,000","6,695,000","5,739,000","10,385,000","8,885,000","10,279,000","9,692,000","7,935,000","6,495,000","7,622,000","7,721,000","6,370,000","5,223,000","6,069,000","6,092,000","5,190,000","4,246,000","5,178,000","4,460,000","4,016,000","3,001,000","3,498,000","3,309,000","2,578,000","2,259,000","2,794,000","2,321,000","1,873,000","1,550,000","2,126,000","1,464,000","1,103,000","756,000","-708,000","1,778,000","1,400,000","1,500,000","1,800,000","1,300,000","1,100,000","900,000","1,100,000","800,000","500,000","400,000","800,000","600,000","300,000","300,000","500,000","300,000","200,000","200,000","400,000","200,000","200,000","200,000","400,000","300,000","200,000","300,000","300,000","300,000","200,000","300,000","100,000","100,000",,,,,"0",,,
			NetIncomeContinuousOperations,"119,199,000","28,005,000","29,371,000","33,396,000","28,427,000","33,715,000","32,726,000","15,062,000","25,873,000","32,918,000","54,154,000","34,761,000","33,048,000","42,655,000","48,075,000","33,325,000","30,171,000","41,635,000","67,734,000","28,274,000","15,239,000","32,645,000","36,692,000","-1,412,000","11,673,000","13,174,000","19,410,000","11,173,000","13,339,000","16,788,000","26,941,000","19,528,000","16,015,000","22,954,000","25,411,000","23,141,000","15,663,000","20,264,000","27,684,000","19,636,000","16,349,000","17,512,000","21,472,000","18,284,000","15,204,000","15,905,000","18,575,000","13,956,000","11,197,000","11,044,000","12,203,000","10,610,000","9,419,000","9,574,000","10,704,000","8,874,000","6,757,000","6,397,000","3,161,000","10,385,000","8,885,000","10,279,000","9,692,000","7,935,000","6,495,000","7,622,000","7,721,000","6,370,000","5,223,000","6,069,000","6,092,000","5,190,000","4,246,000","5,178,000","4,817,000","4,016,000","3,001,000","3,498,000","3,309,000","2,578,000","2,259,000","2,794,000","2,463,000","1,873,000","1,550,000","2,126,000","1,464,000","1,103,000","756,000","1,579,000","1,778,000","1,400,000","1,500,000","1,800,000","1,300,000","1,100,000","900,000","1,100,000","800,000","500,000","400,000","800,000","600,000","300,000","300,000","500,000","300,000","200,000","200,000","400,000","200,000","200,000","200,000","400,000","300,000","200,000","300,000","300,000","300,000","200,000","300,000","100,000","100,000",,,,,"0",,,
			NetIncomeDiscontinuousOperations,,,,,,,,,,,,,,,,,,,,,,,,,,,"0","0","0","0","0","0","0","-272,000","-633,000","0","0","0","-75,000","-747,000","0","0","-17,000","149,000","134,000","6,651,000","981,000","281,000","586,000","1,038,000","2,794,000","1,364,000","2,131,000","1,669,000","770,000","-55,281,000","-55,000","298,000",,,,,,,,,,,,,,,,,,,,,,,,,,,,,,,,,,,,,,,,,,,,,,,,,,,,,,,,,,,,,,,,,,,,,,,,,
			NetIncomeExtraordinary,,,,,,,,,,,,,,,,,,,,,,,,,,,,,,,,,,,,,,,,,,,,,,,,,,,,,,,,,,,,,,,,,,,,,,,,,,,,,,,,,,,,,,,"0",,,"-2,287,000",,,,,,,,,,,,,,,,,,,,,,,,,,,,,,,,,,,,,,,,,
	PreferredStockDividends,,,,,,,,,,,,,,,,,,,,,,,,,,,,,,,,,,,,,,,,,,,,,,,,,,,,,,,,,,,,,,,,,,,,,,,,,,,,,,,,,,,,,,,,,,,,,,,,,,,,,,,,,,,,,,,,"0",,,,,,,,,,,,,,,,,,,
DilutedNIAvailtoComStockholders,"119,199,000","28,005,000","29,371,000","33,396,000","28,427,000","33,715,000","32,726,000","15,062,000","25,873,000","32,918,000","54,154,000","34,761,000","33,048,000","42,655,000","48,075,000","33,325,000","30,171,000","41,635,000","67,734,000","28,274,000","15,239,000","32,645,000","36,692,000","-1,412,000","11,673,000","13,174,000","19,410,000","11,173,000","13,339,000","16,788,000","26,941,000","19,528,000","16,015,000","22,682,000","24,778,000","23,141,000","15,663,000","20,264,000","27,609,000","18,889,000","16,349,000","17,512,000","21,455,000","18,433,000","15,338,000","22,556,000","19,556,000","14,237,000","11,783,000","12,082,000","14,997,000","11,974,000","11,550,000","11,243,000","11,474,000","-46,407,000","6,702,000","6,695,000","5,739,000","10,385,000","8,885,000","10,279,000","9,692,000","7,935,000","6,495,000","7,622,000","7,721,000","6,370,000","5,223,000","6,069,000","6,092,000","5,190,000","4,246,000","5,178,000","4,460,000","4,016,000","3,001,000","3,498,000","3,309,000","2,578,000","2,259,000","2,794,000","2,321,000","1,873,000","1,550,000","2,126,000","1,464,000","1,103,000","756,000","-708,000","1,778,000","1,400,000","1,500,000","1,800,000","1,300,000","1,100,000","900,000","1,100,000","800,000","500,000","400,000","800,000","600,000","300,000","300,000","500,000","300,000","200,000","200,000","400,000","200,000","200,000","200,000","400,000","300,000","200,000","300,000","300,000","300,000","200,000","300,000","100,000","100,000",,,,,,,,
BasicEPS,,"0.59","0.606","0.83","0.7","0.82","0.79","0.36","0.62","0.79","1.27","0.81","0.77","0.98","1.1","0.76","0.67","0.9","1.44","0.59","0.32","0.67",,"-0.04","0.41","0.47","0.69","0.4","0.47","0.59","0.95","0.69","0.55","0.78","0.85","0.8","0.54","0.69","0.96","0.66","0.57","0.59",,"0.6","0.49","0.72",,"0.47","0.39","0.4",,"0.4","0.39","0.39",,"-1.59","0.23","0.22",,"0.33","0.28","0.32",,"0.26","0.2","0.24",,"0.205","0.165","0.19",,"0.165","0.13","0.17",,"0.14","0.113","0.13",,"0.097","0.087","0.107",,"0.073","0.06","0.08",,"0.043","0.03","-0.027",,"0.053","0.057","0.07","0.057",,"0.067","0.08","0.05",,"0.037","0.07","0.05",,"0.027","0.043","0.03",,"0.02","0.037","0.023",,"0.013","0.03","0.027",,"0.027","0.03","0.03",,"0.053","0.02","0.013",,"0.003","0.003","0.003",,"-0.017","-0.017","-0.017"
DilutedEPS,,"0.58","0.606","0.82","0.7","0.82","0.79","0.36","0.62","0.78","1.27","0.81","0.76","0.98","1.09","0.76","0.67","0.9","1.43","0.59","0.32","0.67",,"-0.04","0.41","0.47","0.69","0.4","0.47","0.59","0.94","0.68","0.55","0.77","0.84","0.79","0.53","0.68","0.93","0.64","0.56","0.58",,"0.59","0.48","0.7",,"0.46","0.38","0.39",,"0.39","0.38","0.38",,"-1.59","0.23","0.22",,"0.32","0.27","0.31",,"0.25","0.2","0.23",,"0.195","0.16","0.18",,"0.155","0.125","0.15",,"0.123","0.1","0.12",,"0.09","0.077","0.1",,"0.067","0.057","0.08",,"0.043","0.03","-0.027",,"0.05","0.053","0.067","0.053",,"0.05","0.06","0.043",,"0.03","0.05","0.04",,"0.027","0.043","0.03",,"0.02","0.037","0.023",,"0.013","0.03","0.027",,"0.027","0.03","0.03",,"0.053","0.02","0.013",,"0.003","0.003","0.003",,"-0.017","-0.017","-0.017"
BasicAverageShares,,"47,448,000","48,479,000","40,453,000","40,754,000","41,034,000","41,218,000","41,440,000","41,440,000","41,912,000","42,534,000","42,957,000","43,081,000","43,518,000","43,795,000","43,981,000","44,942,000","46,426,000","47,154,000","47,628,000","48,261,000","48,389,000",,"34,631,000","28,243,000","28,241,000","27,933,000","28,019,000","28,196,000","28,402,000","28,397,000","28,397,000","28,938,000","28,952,000","28,933,000","28,904,000","29,167,000","29,313,000","28,795,000","28,616,000","28,658,000","29,580,000",,"30,348,000","31,087,000","31,311,000",,"30,253,000","30,121,000","29,981,000",,"29,801,000","29,338,000","29,248,000",,"29,235,000","29,233,000","30,431,818",,"31,469,697","31,732,143","32,121,875",,"30,519,231","32,475,000","31,758,333",,"31,073,171","31,654,545","31,942,105",,"31,454,545","32,661,538","30,458,824",,"28,685,714","26,479,412","26,907,692",,"26,668,966","26,065,385","26,193,750",,"25,540,909","25,833,333","26,575,000",,"25,453,846","25,200,000","26,550,000",,"26,236,882","26,457,360","25,701,435","22,929,712",,"13,493,253","13,743,128","15,992,004",,"10,903,639","11,422,860","11,994,003",,"11,244,378","11,532,695","9,995,002",,"9,995,002","10,903,639","8,567,145",,"11,244,378","13,326,670","11,244,378",,"11,244,378","9,995,002","9,995,002",,"5,622,189","4,997,501","4,797,602",,"4,797,602","4,797,602","4,797,602",,"4,797,602","4,797,602","4,797,602"
DilutedAverageShares,,"48,300,000","48,479,000","40,516,000","40,802,000","41,056,000","41,331,000","41,536,000","41,531,000","42,007,000","42,760,000","43,167,000","43,256,000","43,658,000","43,936,000","44,116,000","45,043,000","46,479,000","47,212,000","47,668,000","48,289,000","48,402,000",,"34,631,000","28,243,000","28,241,000","28,097,000","28,224,000","28,411,000","28,620,000","28,804,000","28,805,000","29,341,000","29,342,000","29,393,000","29,353,000","29,603,000","29,955,000","29,666,000","29,430,000","29,404,000","30,353,000",,"31,195,000","31,869,000","32,062,000",,"31,041,000","30,791,000","30,734,000",,"30,322,000","30,117,000","29,905,000",,"30,010,000","29,853,000","30,431,818",,"32,453,125","32,907,407","33,158,065",,"31,740,000","32,475,000","33,139,130",,"32,666,667","32,643,750","33,716,667",,"33,483,871","33,968,000","34,520,000",,"32,562,162","30,010,000","29,150,000",,"28,644,444","29,465,217","27,940,000",,"28,095,000","27,352,941","26,575,000",,"25,453,846","25,200,000","26,550,000",,"27,986,007","28,110,945","26,986,507","24,362,819",,"17,991,004","13,743,128","15,992,004",,"13,326,670","11,422,860","11,994,003",,"11,244,378","11,532,695","9,995,002",,"9,995,002","10,903,639","8,567,145",,"11,244,378","13,326,670","11,244,378",,"11,244,378","9,995,002","9,995,002",,"5,622,189","4,997,501","4,797,602",,"4,797,602","4,797,602","4,797,602",,"4,797,602","4,797,602","4,797,602"
TotalExpenses,"1,752,878,000","604,353,000","459,112,000","346,629,000","342,784,000","353,285,000","337,683,000","323,993,000","369,406,000","404,257,000","420,373,000","392,549,000","392,262,000","400,685,000","406,849,000","375,202,000","369,799,000","388,565,000","411,523,000","387,203,000","374,269,000","388,901,000","398,338,000","226,144,000","156,552,000","159,356,000","159,815,000","141,455,000","144,459,000","147,958,000","162,119,000","143,240,000","138,279,000","139,414,000","146,073,000","143,662,000","118,780,000","128,971,000","137,466,000","119,304,000","107,676,000","108,384,000","114,351,000","105,232,000","97,217,000","96,442,000","100,857,000","86,535,000","80,029,000","79,546,000","84,540,000","77,597,000","69,064,000","67,361,000","74,090,000","70,466,000","94,468,000","91,715,000","94,708,000","88,003,000","78,334,000","73,615,000","72,635,000","56,899,000","46,475,000","43,924,000","48,377,000","44,322,000","38,189,000","37,526,000","41,443,000","38,294,000","33,561,000","33,642,000","32,884,000","30,785,000","28,541,000","28,654,000","28,229,000","25,650,000","23,249,000","23,980,000","24,046,000","23,378,000","24,197,000","24,892,000","24,794,000","23,193,000","22,830,000","24,275,000","25,260,000","20,300,000","19,600,000","20,200,000","15,700,000","14,300,000","12,700,000","12,400,000","11,500,000","11,000,000","11,300,000","11,700,000","9,400,000","8,500,000","8,700,000","8,700,000","7,700,000","7,700,000","7,400,000","7,200,000","5,900,000","5,100,000","4,400,000","4,500,000","4,000,000","3,600,000","3,300,000","3,600,000","2,900,000","2,700,000","2,700,000","1,100,000","700,000","600,000","400,000","400,000",,,,,
NetIncomeFromContinuingAndDiscontinuedOperation,"119,199,000","28,005,000","29,371,000","33,396,000","28,427,000","33,715,000","32,726,000","15,062,000","25,873,000","32,918,000","54,154,000","34,761,000","33,048,000","42,655,000","48,075,000","33,325,000","30,171,000","41,635,000","67,734,000","28,274,000","15,239,000","32,645,000","36,692,000","-1,412,000","11,673,000","13,174,000","19,410,000","11,173,000","13,339,000","16,788,000","26,941,000","19,528,000","16,015,000","22,682,000","24,778,000","23,141,000","15,663,000","20,264,000","27,609,000","18,889,000","16,349,000","17,512,000","21,455,000","18,433,000","15,338,000","22,556,000","19,556,000","14,237,000","11,783,000","12,082,000","14,997,000","11,974,000","11,550,000","11,243,000","11,474,000","-46,407,000","6,702,000","6,695,000","5,739,000","10,385,000","8,885,000","10,279,000","9,692,000","7,935,000","6,495,000","7,622,000","7,721,000","6,370,000","5,223,000","6,069,000","6,092,000","5,190,000","4,246,000","5,178,000","4,817,000","4,016,000","3,001,000","3,498,000","3,309,000","2,578,000","2,259,000","2,794,000","2,321,000","1,873,000","1,550,000","2,126,000","1,464,000","1,103,000","756,000","1,579,000","1,778,000","1,400,000","1,500,000","1,800,000","1,300,000","1,100,000","900,000","1,100,000","800,000","500,000","400,000","800,000","600,000","300,000","300,000","500,000","300,000","200,000","200,000","400,000","200,000","200,000","200,000","400,000","300,000","200,000","300,000","300,000","300,000","200,000","300,000","100,000","100,000",,,,,,,,
NormalizedIncome,"133,189,190.441","30,224,524","40,193,893.132","34,097,974","29,094,030","34,670,719","35,996,550.212","25,412,948","25,665,592","38,881,760","53,050,747.98","36,502,630","33,101,290","42,589,750","50,229,304.245","35,760,832","31,679,682","41,813,294","71,272,800","28,907,269.036","26,386,000","33,049,375","37,503,425.629","16,378,600","14,434,483","13,174,000","19,410,000","16,617,144","13,339,000","16,788,000","26,941,000","19,528,000","16,015,000","22,954,000","25,411,000","23,141,000","15,663,000","20,264,000","27,684,000","19,636,000","16,349,000","17,512,000","21,472,000","18,284,000","15,204,000","15,905,000","18,575,000","13,956,000","11,197,000","11,044,000","12,203,000","10,610,000","9,419,000","9,574,000","10,704,000","8,874,000","6,757,000","6,397,000","3,161,000","10,385,000","8,885,000","10,279,000","9,692,000","7,935,000","6,495,000","7,622,000","7,721,000","6,370,000","5,223,000","5,870,235.011","6,092,000","5,190,000","4,246,000","4,967,815.87","4,817,000","4,016,000","3,001,000","3,306,551.601","3,309,000","2,578,000","2,259,000","2,794,000","2,463,000","1,873,000","1,550,000","2,126,000","1,464,000","1,103,000","756,000","1,579,000","1,778,000","1,400,000","1,500,000","1,800,000","1,300,000","1,100,000","835,714.286","1,100,000","800,000","500,000","400,000","800,000","533,333.333","300,000","300,000","500,000","300,000","200,000","200,000","333,333.333","200,000","200,000","200,000","400,000","300,000","200,000","300,000","300,000","300,000","200,000","300,000","100,000","100,000",,,,,,,,
InterestIncome,"1,214,000","676,000","276,000","143,000","119,000","158,000","331,000","499,000","525,000","185,000","267,000","429,000","155,000","204,000","228,000","495,000","740,000","981,000","459,000","418,000","393,000","327,000","115,000","138,000","224,000","274,000","423,000","406,000","393,000","344,000","160,000","179,000","262,000","81,000","55,000","69,000","51,000","147,000","69,000","30,000","36,000","81,000","57,000","56,000","66,000","99,000","52,000","22,000","19,000","4,000","7,000","3,000","7,000","50,000",,,,,,,,,,,,,,,,,,,,,,,,,,,,,,,,,,,,,,,,,,,,,,,,,,,,,,,,,,,,,,,,,,,,,,,,,,,,,
InterestExpense,"41,377,000","16,221,000","9,997,000","7,961,000","7,198,000","7,230,000","7,391,000","6,561,000","6,974,000","8,418,000","8,195,000","8,922,000","8,548,000","8,370,000","8,580,000","7,866,000","6,529,000","6,198,000","6,208,000","6,129,000","5,585,000","6,113,000","6,461,000","5,073,000","4,326,000","4,460,000","4,405,000","4,336,000","4,126,000","4,020,000","4,122,000","4,059,000","3,910,000","1,436,000","1,018,000","1,122,000","633,000","719,000","791,000","444,000","176,000","77,000","30,000","39,000","40,000","26,000","44,000","74,000","133,000","140,000","163,000","174,000","192,000","236,000",,,,,,,,,,,,,,,,,,,,,,,,,,,,,,,,,,,,,,,,,,,,,,,,,,,,,,,,,,,,,,,,,,,,,,,,,,,,,
NetInterestIncome,"-40,163,000","-15,545,000","-9,721,000","-7,818,000","-7,079,000","-7,072,000","-7,060,000","-6,062,000","-6,449,000","-8,233,000","-7,928,000","-8,493,000","-8,393,000","-8,166,000","-8,352,000","-7,371,000","-5,789,000","-5,217,000","-5,749,000","-5,711,000","-5,192,000","-5,786,000","-6,346,000","-4,935,000","-4,102,000","-4,186,000","-3,982,000","-3,930,000","-3,733,000","-3,676,000","-3,962,000","-3,880,000","-3,648,000","-1,355,000","-963,000","-1,053,000","-582,000","-572,000","-722,000","-414,000","-140,000","4,000","27,000","17,000","26,000","73,000","8,000","-52,000","-114,000","-136,000","-156,000","-171,000","-185,000","-186,000",,,,,,,,,,,,,,,,,,,,,,,,,,,,,,,,,,,,,,,,,,,,,,,,,,,,,,,,,,,,,,,,,,,,,,,,,,,,,
EBIT,"198,617,000","53,230,000","47,127,000","52,257,000","46,003,000","53,501,000","50,498,000","24,247,000","44,163,000","54,135,000","79,713,000","57,886,000","53,834,000","67,213,000","71,756,000","51,949,000","48,800,000","61,977,000","63,243,000","47,696,000","27,053,000","58,355,000","62,578,000","5,496,000","21,572,000","24,121,000","32,032,000","20,570,000","23,557,000","28,409,000","40,815,000","31,939,000","27,309,000","30,444,000","36,669,000","30,594,000","24,406,000","32,015,000","41,843,000","30,421,000","25,138,000","26,813,000","32,240,000","28,173,000","23,430,000","24,495,000","28,834,000","21,669,000","17,666,000","17,671,000","20,003,000","17,052,000","15,110,000","15,385,000","17,472,000","14,102,000","11,480,000","11,026,000","5,899,000","16,960,000","14,386,000","16,545,000","15,540,000","12,573,000","9,900,000","11,776,000","11,764,000","9,985,000","8,139,000","9,473,000","9,658,000","8,250,000","6,757,000","8,208,000","7,681,000","6,456,000","4,877,000","5,590,000","5,491,000","4,105,000","3,618,000","4,471,000","4,089,000","3,253,000","2,761,000","3,811,000","3,036,000","2,514,000","1,926,000","3,290,000","2,791,000","3,000,000","2,900,000","3,600,000","2,700,000","2,500,000","1,900,000","2,200,000","1,700,000","1,400,000","1,300,000","1,800,000","1,400,000","1,000,000","1,000,000","1,300,000","1,100,000","1,000,000","900,000","1,000,000","900,000","900,000","600,000","800,000","400,000","400,000","700,000","700,000","700,000","700,000","700,000","200,000","100,000","0","100,000","100,000","400,000","-800,000","300,000","300,000","300,000"
EBITDA,"365,985,000"
ReconciledCostOfRevenue,"867,583,000","274,946,000","260,696,000","166,585,000","165,356,000","174,350,000","166,167,000","157,152,000","189,645,000","207,181,000","231,098,000","201,480,000","201,709,000","211,805,000","219,208,000","192,620,000","191,544,000","210,719,000","231,069,000","204,366,000","192,205,000","204,676,000","207,927,000","113,789,000","80,518,000","81,340,000","88,499,000","74,090,000","73,577,000","77,252,000","91,141,000","76,137,000","71,405,000","73,321,000","84,498,000","79,634,000","58,385,000","68,757,000","79,398,000","63,754,000","57,705,000","56,723,000","67,041,000","57,319,000","51,647,000","50,533,000","53,984,000","43,772,000","39,831,000","39,660,000","47,441,000","39,920,000","33,065,000","31,059,000","38,541,000","32,841,000","54,097,000","52,259,000","57,854,000","52,118,000","43,366,000","39,504,000","39,178,000","27,692,000","20,868,000","18,394,000","23,101,000","19,964,000","16,446,000","16,257,000","-25,778,000","33,013,000","28,323,000","28,309,000","28,089,000","26,847,000","23,893,000","24,258,000","24,431,000","21,789,000","7,082,000","20,945,000","20,612,000","20,189,000","21,389,000","21,090,000","20,748,000","19,756,000","20,079,000","21,639,000","-17,440,000","18,100,000","17,400,000","18,100,000","13,900,000","12,700,000","11,100,000","11,200,000","10,100,000","9,600,000","10,100,000","10,300,000","8,200,000","7,300,000","7,600,000","7,800,000","6,700,000","14,700,000","3,700,000","3,400,000","2,500,000","9,700,000","2,000,000","3,800,000","3,300,000","7,200,000","1,500,000","1,600,000","2,600,000","2,500,000","2,400,000","1,000,000","300,000","200,000","200,000","200,000",,,,,
ReconciledDepreciation,"167,368,000","119,248,000","26,001,000","11,217,000","10,902,000","10,612,000","10,681,000","10,426,000","10,324,000","10,674,000","10,846,000","10,674,000","10,510,000","9,874,000","9,876,000","10,850,000","10,952,000","11,283,000","12,429,000","13,872,000","14,689,000","14,243,000","14,700,000","7,281,000","4,947,000","4,937,000","4,288,000","4,637,000","4,467,000","4,547,000","4,475,000","4,404,000","4,325,000","4,272,000","4,015,000","3,988,000","3,733,000","3,625,000","3,489,000","3,331,000","3,119,000","3,036,000","2,721,000","2,825,000","2,821,000","2,659,000","2,884,000","2,515,000","2,580,000","2,534,000","3,456,000","1,842,000","3,323,000","2,491,000","2,962,000","3,029,000","2,997,000","3,134,000","3,020,000","2,797,000","2,805,000","2,452,000","2,351,000","2,090,000","1,895,000","1,705,000","1,609,000","1,533,000","1,370,000","1,292,000","1,191,000","1,073,000","988,000","921,000","843,000","828,000","686,000","662,000","689,000","718,000","586,000","555,000","898,000","975,000","974,000","966,000","1,728,000","943,000","921,000","891,000","890,000","700,000","800,000","700,000","600,000","500,000","500,000","300,000","400,000","400,000","300,000","400,000","300,000","300,000","300,000","200,000","300,000","200,000","300,000","300,000","200,000","200,000","100,000","200,000","200,000","200,000","100,000","200,000","100,000","0","100,000",,,,,,,,,,
NetIncomeFromContinuingOperationNetMinorityInterest,"119,199,000","28,005,000","29,371,000","33,396,000","28,427,000","33,715,000","32,726,000","15,062,000","25,873,000","32,918,000","54,154,000","34,761,000","33,048,000","42,655,000","48,075,000","33,325,000","30,171,000","41,635,000","67,734,000","28,274,000","15,239,000","32,645,000","36,692,000","-1,412,000","11,673,000","13,174,000","19,410,000","11,173,000","13,339,000","16,788,000","26,941,000","19,528,000","16,015,000","22,954,000","25,411,000","23,141,000","15,663,000","20,264,000","27,684,000","19,636,000","16,349,000","17,512,000","21,472,000","18,284,000","15,204,000","15,905,000","18,575,000","13,956,000","11,197,000","11,044,000","12,203,000","10,610,000","9,419,000","9,574,000","10,704,000","8,874,000","6,757,000","6,397,000","3,161,000","10,385,000","8,885,000","10,279,000","9,692,000","7,935,000","6,495,000","7,622,000","7,721,000","6,370,000","5,223,000","6,069,000","6,092,000","5,190,000","4,246,000","5,178,000","4,817,000","4,016,000","3,001,000","3,498,000","3,309,000","2,578,000","2,259,000","2,794,000","2,463,000","1,873,000","1,550,000","2,126,000","1,464,000","1,103,000","756,000","1,579,000","1,778,000","1,400,000","1,500,000","1,800,000","1,300,000","1,100,000","900,000","1,100,000","800,000","500,000","400,000","800,000","600,000","300,000","300,000","500,000","300,000","200,000","200,000","400,000","200,000","200,000","200,000","400,000","300,000","200,000","300,000","300,000","300,000","200,000","300,000","100,000","100,000",,,,,,,,
TotalUnusualItemsExcludingGoodwill,"-18,455,000","-2,932,000","-13,682,000","-931,000","-910,000","-1,311,000","-4,308,000","-12,149,000","298,000","-8,283,000","1,457,000","-2,453,000","-73,000","90,000","-2,831,000","-3,222,000","-2,113,000","-239,000","-5,898,000","-931,000","-15,700,000","-647,000","-1,241,000","-29,651,000","-4,079,000",,"0","-7,913,000",,,,,,,,,,,,,,,,,,,,,,,,,,,,,,,,,,,,,,,,,,"313,000",,,,"332,000",,,,"306,000",,,,,,,,,,,,,,,,,,,"100,000",,,,,,"100,000",,,,,,,"100,000",,,,,,,,,,,,,,,,,,,,,
TotalUnusualItems,"-18,455,000","-2,932,000","-13,682,000","-931,000","-910,000","-1,311,000","-4,308,000","-12,149,000","298,000","-8,283,000","1,457,000","-2,453,000","-73,000","90,000","-2,831,000","-3,222,000","-2,113,000","-239,000","-5,898,000","-931,000","-15,700,000","-647,000","-1,241,000","-29,651,000","-4,079,000",,"0","-7,913,000",,,,,,,,,,,,,,,,,,,,,,,,,,,,,,,,,,,,,,,,,,"313,000",,,,"332,000",,,,"306,000",,,,,,,,,,,,,,,,,,,"100,000",,,,,,"100,000",,,,,,,"100,000",,,,,,,,,,,,,,,,,,,,,
NormalizedEBITDA,"384,440,000","175,410,000","86,810,000","64,405,000","57,815,000","65,424,000","65,487,000","46,822,000","54,189,000","73,092,000","89,102,000","71,013,000","64,417,000","76,997,000","84,463,000","66,021,000","61,865,000","73,499,000","81,570,000","62,499,000","57,442,000","73,245,000","78,519,000","42,428,000","30,598,000","29,058,000","36,320,000","33,120,000","28,024,000","32,956,000","45,290,000","36,343,000","31,634,000","34,716,000","40,684,000","34,582,000","28,139,000","35,640,000","45,332,000","33,752,000","28,257,000","29,849,000","34,961,000","30,998,000","26,251,000","27,154,000","31,718,000","24,187,000","20,246,000","20,205,000","23,459,000","19,633,000","18,433,000","17,878,000","20,434,000","17,131,000","14,477,000","14,160,000","8,919,000","19,757,000","17,191,000","18,997,000","17,891,000","14,663,000","11,795,000","13,481,000","13,373,000","11,518,000","9,509,000","10,452,000","10,849,000","9,323,000","7,745,000","8,797,000","8,524,000","7,284,000","5,563,000","5,946,000","6,180,000","4,823,000","4,204,000","5,026,000","4,987,000","4,228,000","3,735,000","4,777,000","4,764,000","3,457,000","2,847,000","4,181,000","3,681,000","3,700,000","3,700,000","4,300,000","3,300,000","3,000,000","2,300,000","2,600,000","2,100,000","1,800,000","1,600,000","2,200,000","1,600,000","1,300,000","1,300,000","1,600,000","1,400,000","1,200,000","1,200,000","1,200,000","1,100,000","1,100,000","800,000","1,000,000","600,000","600,000","900,000","900,000","800,000","700,000","800,000","200,000","100,000","0","100,000","100,000","400,000","-800,000","300,000","300,000","300,000"
TaxRateForCalcs,"0.242","0.243","0.209","0.246","0.267","0.271","0.241","0.148","0.304","0.28","0.243","0.29","0.27","0.275","0.239","0.244","0.286","0.254","0.4","0.32","0.29","0.375","0.346","0.4","0.323","0.33","0.297","0.312","0.314","0.312","0.266","0.3","0.316","0.209","0.287","0.215","0.341","0.353","0.326","0.345","0.345","0.345","0.333","0.35","0.35","0.35","0.355","0.354","0.361","0.37","0.385","0.371","0.369","0.368","0.378","0.367","0.37","0.369","0.364","0.359","0.367","0.366","0.349","0.365","0.365","0.365","0.349","0.365","0.365","0.365","0.37","0.37","0.373","0.367","0.378","0.38","0.388","0.374","0.395","0.36","0.36","0.36","0.36","0.36","0.36","0.36","0.38","0.385","0.383","0.375","0.149","0.391","0.348","0.4","0.381","0.389","0.357","0.353","0.385","0.375","0.4","0.333","0.333","0.4","0.4","0.375","0.4","0.333","0.333","0.333","0.4","0.4","0.333","0.333","0.4","0.4","0.4","0.4","0.4","0.4","0.4","0.4","0.4",,,,,,,,
TaxEffectOfUnusualItems,"-4,464,809.559","-712,476","-2,859,106.868","-229,026","-242,970","-355,281","-1,037,449.788","-1,798,052","90,592","-2,319,240","353,747.98","-711,370","-19,710","24,750","-676,695.755","-786,168","-604,318","-60,706","-2,359,200","-297,730.964","-4,553,000","-242,625","-429,574.371","-11,860,400","-1,317,517","0","0","-2,468,856","0","0","0","0","0","0","0","0","0","0","0","0","0","0","0","0","0","0","0","0","0","0","0","0","0","0","0","0","0","0","0","0","0","0","0","0","0","0","0","0","0","114,235.011","0","0","0","121,815.87","0","0","0","114,551.601","0","0","0","0","0","0","0","0","0","0","0","0","0","0","0","0","0","0","35,714.286","0","0","0","0","0","33,333.333","0","0","0","0","0","0","33,333.333","0","0","0","0","0","0","0","0","0","0","0","0","0",,,,,,,,