name,ttm,03/31/2022,12/31/2021,09/30/2021,06/30/2021,03/31/2021,12/31/2020,09/30/2020,06/30/2020,03/31/2020,12/31/2019,09/30/2019,06/30/2019,03/31/2019,12/31/2018,09/30/2018,06/30/2018,03/31/2018,12/31/2017,09/30/2017,06/30/2017,03/31/2017,12/31/2016,09/30/2016,06/30/2016,03/31/2016,12/31/2015,09/30/2015,06/30/2015,03/31/2015,12/31/2014,09/30/2014,06/30/2014,03/31/2014,12/31/2013,09/30/2013,06/30/2013,03/31/2013,12/31/2012,09/30/2012,06/30/2012,03/31/2012,12/31/2011,09/30/2011,06/30/2011,03/31/2011,12/31/2010,09/30/2010,06/30/2010,03/31/2010,12/31/2009,09/30/2009,06/30/2009,03/31/2009,12/31/2008,09/30/2008,06/30/2008,03/31/2008,12/31/2007,09/30/2007,06/30/2007,03/31/2007,12/31/2006,09/30/2006,06/30/2006,03/31/2006,12/31/2005,09/30/2005,06/30/2005,03/31/2005,12/31/2004,09/30/2004,06/30/2004,03/31/2004,12/31/2003,09/30/2003,06/30/2003,03/31/2003,12/31/2002,09/30/2002,06/30/2002,03/31/2002,12/31/2001,09/30/2001,06/30/2001,03/31/2001,12/31/2000,09/30/2000,06/30/2000,03/31/2000,12/31/1999,09/30/1999,06/30/1999,03/31/1999,12/31/1998,09/30/1998,06/30/1998,03/31/1998,12/31/1997,09/30/1997,06/30/1997,03/31/1997,12/31/1996,09/30/1996,06/30/1996,03/31/1996,12/31/1995,09/30/1995,06/30/1995,03/31/1995,12/31/1994,09/30/1994,06/30/1994,03/31/1994,12/31/1993,09/30/1993,06/30/1993,03/31/1993,12/31/1992,09/30/1992,06/30/1992,03/31/1992,12/31/1991,09/30/1991,06/30/1991,03/31/1991,12/31/1990,09/30/1990,06/30/1990,03/31/1990
TotalRevenue,"1,780,289,000","451,470,000","432,520,000","459,019,000","437,280,000","333,046,000","321,106,000","351,190,000","308,281,000","266,754,000","320,107,000","348,416,000","355,340,000","290,715,000","316,663,000","341,866,000","343,970,000","295,630,000","288,195,000","311,113,000","305,349,000","220,252,000","239,590,000","239,755,000","252,081,000","218,430,000","219,283,000","232,485,000","247,427,000","225,728,000","253,837,000","278,053,000","284,466,000","231,421,000","229,651,000","249,844,000","263,443,000","222,524,000","205,168,000","237,557,000","246,696,000","201,924,000","187,236,000","224,391,000","224,119,000","185,331,000","174,972,000","188,409,000","190,418,000","159,992,000","144,909,000","166,007,000","165,276,000","149,797,000","152,106,000","215,815,000","201,696,000","176,010,000","153,736,000","165,264,000","152,529,000","130,496,000","118,647,000","165,652,000","162,669,000","110,980,000","114,545,000","119,043,000","123,537,000","82,434,000","107,618,000","110,336,000","106,144,000","80,207,000","96,199,000","99,685,000","93,840,000","69,778,000","95,996,000","97,125,000","93,682,000","68,069,000","87,385,000","86,764,000","82,860,000","65,899,000","89,632,000","85,173,000","84,875,000","66,051,000","78,800,000","81,800,000","74,600,000","58,000,000","73,300,000","75,200,000","67,900,000","56,000,000","77,600,000","85,600,000","75,900,000","64,200,000","85,500,000","79,400,000","73,100,000","62,800,000","74,000,000","66,200,000","76,400,000","59,800,000","66,300,000","60,000,000","64,800,000","50,400,000","52,100,000","56,500,000","55,600,000","42,200,000","49,000,000","51,400,000","53,000,000","45,200,000","42,900,000","48,400,000","48,700,000","44,100,000","42,200,000","46,000,000","47,800,000","43,000,000"
	OperatingRevenue,"1,780,289,000","451,470,000","432,520,000","459,019,000","437,280,000","333,046,000","321,106,000","351,190,000","308,281,000","266,754,000","320,107,000","348,416,000","355,340,000","290,715,000","316,663,000","341,866,000","343,970,000","295,630,000","288,195,000","311,113,000","305,349,000","220,252,000","239,590,000","239,755,000","252,081,000","218,430,000","219,283,000","232,485,000","247,427,000","225,728,000","253,837,000","278,053,000","284,466,000","231,421,000","229,651,000","249,844,000","263,443,000","222,524,000","205,168,000","237,557,000","246,696,000","201,924,000","187,236,000","224,391,000","224,119,000","185,331,000","174,972,000","188,409,000","190,418,000","159,992,000","144,909,000","166,007,000","165,276,000","149,797,000","152,106,000","215,815,000","201,696,000","176,010,000","153,736,000","165,264,000","152,529,000","130,496,000","118,647,000","165,652,000","162,669,000","110,980,000","114,545,000","119,043,000","123,537,000","82,434,000","107,618,000","110,336,000","106,144,000","80,207,000","96,199,000","99,685,000","93,840,000","69,778,000","95,996,000","97,125,000","93,682,000","68,069,000","87,385,000","86,764,000","82,860,000","65,899,000","89,632,000","85,173,000","84,875,000","66,051,000","78,800,000","81,800,000","74,600,000","58,000,000","73,300,000","75,200,000","67,900,000","56,000,000","77,600,000","85,600,000","75,900,000","64,200,000","85,500,000","79,400,000","73,100,000","62,800,000","74,000,000","66,200,000","76,400,000","59,800,000","66,300,000","60,000,000","64,800,000","50,400,000","52,100,000","56,500,000","55,600,000","42,200,000","49,000,000","51,400,000","53,000,000","45,200,000","42,900,000","48,400,000","48,700,000","44,100,000","42,200,000","46,000,000","47,800,000","43,000,000"
CostOfRevenue,"1,174,412,000","306,136,000","287,332,000","295,903,000","285,041,000","217,500,000","209,703,000","226,893,000","201,159,000","176,437,000","218,851,000","230,793,000","235,622,000","201,209,000","212,321,000","228,900,000","227,894,000","196,648,000","193,624,000","207,271,000","202,596,000","144,436,000","158,567,000","154,286,000","161,403,000","144,194,000","150,165,000","155,693,000","167,219,000","154,238,000","176,083,000","188,902,000","185,072,000","153,310,000","153,640,000","162,873,000","168,852,000","148,583,000","136,695,000","154,976,000","162,358,000","135,652,000","126,391,000","150,674,000","146,904,000","124,800,000","118,849,000","129,138,000","125,950,000","109,556,000","99,673,000","115,764,000","116,119,000","106,601,000","107,825,000","149,347,000","136,979,000","124,551,000","111,115,000","117,307,000","109,216,000","91,567,000","72,882,000","110,219,000","108,902,000","74,388,000","73,953,000","78,720,000","82,117,000","56,955,000","71,621,000","74,280,000","71,632,000","56,587,000","64,726,000","68,917,000","64,900,000","49,963,000","65,065,000","67,572,000","67,082,000","50,218,000","54,586,000","61,729,000","59,704,000","48,786,000","62,907,000","61,733,000","58,716,000","46,350,000","53,200,000","56,300,000","51,200,000","40,900,000","48,000,000","52,200,000","45,900,000","39,000,000","50,000,000","60,000,000","54,200,000","45,900,000","58,600,000","57,200,000","51,700,000","45,700,000","52,600,000","51,700,000","53,900,000","44,000,000","45,000,000","43,800,000","46,300,000","36,700,000","35,700,000","41,500,000","41,200,000","30,600,000","35,200,000","37,700,000","38,200,000","33,200,000","31,700,000","35,700,000","35,500,000","32,300,000","32,300,000","34,500,000","34,500,000","31,900,000"
GrossProfit,"605,877,000","145,334,000","145,188,000","163,116,000","152,239,000","115,546,000","111,403,000","124,297,000","107,122,000","90,317,000","101,256,000","117,623,000","119,718,000","89,506,000","104,342,000","112,966,000","116,076,000","98,982,000","94,571,000","103,842,000","102,753,000","75,816,000","81,023,000","85,469,000","90,678,000","74,236,000","69,118,000","76,792,000","80,208,000","71,490,000","77,754,000","89,151,000","99,394,000","78,111,000","76,011,000","86,971,000","94,591,000","73,941,000","68,473,000","82,581,000","84,338,000","66,272,000","60,845,000","73,717,000","77,215,000","60,531,000","56,123,000","59,271,000","64,468,000","50,436,000","45,236,000","50,243,000","49,157,000","43,196,000","44,281,000","66,468,000","64,717,000","51,459,000","42,621,000","47,957,000","43,313,000","38,929,000","45,765,000","55,433,000","53,767,000","36,592,000","40,592,000","40,323,000","41,420,000","25,479,000","35,997,000","36,056,000","34,512,000","23,620,000","31,473,000","30,768,000","28,940,000","19,815,000","30,931,000","29,553,000","26,600,000","17,851,000","32,799,000","25,035,000","23,156,000","17,113,000","26,725,000","23,440,000","26,159,000","19,701,000","25,600,000","25,500,000","23,400,000","17,100,000","25,300,000","23,000,000","22,000,000","17,000,000","27,600,000","25,600,000","21,700,000","18,300,000","26,900,000","22,200,000","21,400,000","17,100,000","21,400,000","14,500,000","22,500,000","15,800,000","21,300,000","16,200,000","18,500,000","13,700,000","16,400,000","15,000,000","14,400,000","11,600,000","13,800,000","13,700,000","14,800,000","12,000,000","11,200,000","12,700,000","13,200,000","11,800,000","9,900,000","11,500,000","13,300,000","11,100,000"
OperatingExpense,"409,345,000","104,673,000","97,741,000","106,446,000","100,485,000","81,603,000","76,713,000","75,472,000","72,314,000","75,623,000","71,870,000","74,500,000","75,782,000","76,299,000","74,983,000","72,483,000","74,965,000","76,275,000","69,411,000","70,986,000","68,298,000","56,991,000","55,537,000","55,373,000","57,954,000","52,345,000","45,090,000","47,722,000","56,278,000","55,160,000","60,090,000","55,635,000","59,971,000","52,015,000","52,346,000","48,415,000","53,188,000","50,065,000","47,369,000","49,001,000","46,769,000","45,347,000","44,405,000","44,840,000","43,931,000","44,150,000","42,265,000","39,596,000","43,118,000","35,885,000","30,731,000","33,817,000","34,630,000","34,449,000","34,527,000","38,875,000","38,274,000","36,311,000","30,302,000","28,185,000","31,806,000","29,455,000","24,265,000","28,972,000","27,626,000","21,615,000","20,128,000","19,072,000","19,976,000","16,272,000","17,011,000","16,875,000","16,003,000","14,978,000","15,539,000","14,933,000","14,767,000","13,867,000","15,591,000","13,957,000","13,428,000","11,661,000","12,107,000","12,267,000","11,807,000","11,341,000","15,859,000","13,775,000","13,349,000","12,823,000","12,500,000","13,000,000","12,500,000","11,500,000","13,100,000","12,100,000","12,800,000","11,500,000","14,100,000","15,900,000","13,500,000","13,300,000","15,400,000","13,600,000","13,000,000","12,300,000","12,300,000","9,400,000","15,000,000","12,900,000","12,300,000","8,800,000","9,700,000","8,800,000","9,500,000","9,300,000","8,600,000","7,800,000","8,100,000","7,500,000","8,000,000","7,500,000","7,600,000","6,900,000","7,300,000","7,600,000","6,800,000","6,500,000","7,300,000","7,000,000"
	SellingGeneralAndAdministration,"409,345,000","104,673,000","97,741,000","106,446,000","100,485,000","81,603,000","76,713,000","75,472,000","72,314,000","75,623,000","71,870,000","74,500,000","75,782,000","76,299,000","74,983,000","72,483,000","74,965,000","76,275,000","69,411,000","70,986,000","68,298,000","56,991,000","55,537,000","55,373,000","57,954,000","52,345,000","45,090,000","47,722,000","56,278,000","55,160,000","60,090,000","55,635,000","59,971,000","52,015,000","52,346,000","48,415,000","53,188,000","50,065,000","47,369,000","49,001,000","46,769,000","45,347,000","44,405,000","44,840,000","43,931,000","44,150,000","42,265,000","39,596,000","43,118,000","35,885,000","30,731,000","33,817,000","34,630,000","34,449,000","34,527,000","38,875,000","38,274,000","36,311,000","30,302,000","28,185,000","31,806,000","29,455,000","24,265,000","28,972,000","27,626,000","21,615,000","20,128,000","19,072,000","19,976,000","16,272,000","17,011,000","16,875,000","16,003,000","14,978,000","15,539,000","14,933,000","14,767,000","13,867,000","15,591,000","13,957,000","13,428,000","11,661,000","12,107,000","12,267,000","11,807,000","11,341,000","12,623,000","11,253,000","10,782,000","10,309,000","11,000,000","10,600,000","10,600,000","9,800,000","10,400,000","10,700,000","11,200,000","9,700,000","12,300,000","13,900,000","11,500,000","11,500,000","13,500,000","11,400,000","10,800,000","10,200,000","10,400,000","9,900,000","10,000,000","10,400,000","9,300,000","7,700,000","8,500,000","7,700,000","8,600,000","8,200,000","7,500,000","6,700,000","7,100,000","6,500,000","7,000,000","6,500,000","6,700,000","5,900,000","6,300,000","6,600,000","5,900,000","5,500,000","6,200,000","5,900,000"
	DepreciationAmortizationDepletionIncomeStatement,,,,,,,,,,,,,,,,,,,,,,,,,,,,,,,,,,,,,,,,,,,,,,,,,,,,,,,,,,,,,,,,,,,,,,,,,,,,,,,,,,,,,,,"3,236,000","2,522,000","2,567,000","2,514,000","1,500,000","2,400,000","1,900,000","1,700,000","2,700,000","1,400,000","1,600,000","1,800,000","1,800,000","2,000,000","2,000,000","1,800,000","1,900,000","2,200,000","2,200,000","2,100,000","1,900,000","-500,000","5,000,000","2,500,000","3,000,000","1,100,000","1,200,000","1,100,000","900,000","1,100,000","1,100,000","1,100,000","1,000,000","1,000,000","1,000,000","1,000,000","900,000","1,000,000","1,000,000","1,000,000","900,000","1,000,000","1,100,000","1,100,000"
		DepreciationAndAmortizationInIncomeStatement,,,,,,,,,,,,,,,,,,,,,,,,,,,,,,,,,,,,,,,,,,,,,,,,,,,,,,,,,,,,,,,,,,,,,,,,,,,,,,,,,,,,,,,"3,236,000","2,522,000","2,567,000","2,514,000","1,500,000","2,400,000","1,900,000","1,700,000","2,700,000","1,400,000","1,600,000","1,800,000","1,800,000","2,000,000","2,000,000","1,800,000","1,900,000","2,200,000","2,200,000","2,100,000","1,900,000","-500,000","5,000,000","2,500,000","3,000,000","1,100,000","1,200,000","1,100,000","900,000","1,100,000","1,100,000","1,100,000","1,000,000","1,000,000","1,000,000","1,000,000","900,000","1,000,000","1,000,000","1,000,000","900,000","1,000,000","1,100,000","1,100,000"
OperatingIncome,"196,532,000","40,661,000","47,447,000","56,670,000","51,754,000","33,943,000","34,690,000","48,825,000","34,808,000","14,694,000","29,386,000","43,123,000","43,936,000","13,207,000","29,359,000","40,483,000","41,111,000","22,707,000","25,160,000","32,856,000","34,455,000","18,825,000","25,486,000","30,096,000","32,724,000","21,891,000","24,028,000","29,070,000","23,930,000","16,330,000","17,664,000","33,516,000","39,423,000","26,096,000","23,665,000","38,556,000","41,403,000","23,876,000","21,104,000","33,580,000","37,569,000","20,925,000","16,440,000","28,877,000","33,284,000","16,381,000","13,858,000","19,675,000","21,350,000","14,551,000","14,505,000","16,426,000","14,527,000","8,747,000","9,754,000","27,593,000","26,443,000","15,148,000","12,319,000","19,772,000","11,507,000","9,474,000","21,500,000","26,461,000","26,141,000","14,977,000","20,464,000","21,251,000","21,444,000","9,207,000","18,986,000","19,181,000","18,509,000","8,642,000","15,934,000","15,835,000","14,173,000","5,948,000","15,340,000","15,596,000","13,172,000","6,190,000","20,692,000","12,768,000","11,349,000","5,772,000","10,866,000","9,665,000","12,810,000","6,878,000","13,100,000","12,500,000","10,900,000","5,600,000","12,200,000","10,900,000","9,200,000","5,500,000","13,500,000","9,700,000","8,200,000","5,000,000","11,500,000","8,600,000","8,400,000","4,800,000","9,100,000","5,100,000","7,500,000","2,900,000","9,000,000","7,400,000","8,800,000","4,900,000","6,900,000","5,700,000","5,800,000","3,800,000","5,700,000","6,200,000","6,800,000","4,500,000","3,600,000","5,800,000","5,900,000","4,200,000","3,100,000","5,000,000","6,000,000","4,100,000"
NetNonOperatingInterestIncomeExpense,"-5,600,000","-1,494,000","-1,356,000","-1,384,000","-1,366,000","-1,090,000","-1,131,000","-1,130,000","-1,132,000","-1,234,000","-1,571,000","-2,037,000","-2,295,000","-2,342,000","-2,362,000","-2,443,000","-2,606,000","-2,428,000","-2,267,000","-2,297,000","-2,244,000","-3,514,000","-2,101,000","-1,983,000","-2,221,000","-2,427,000","-2,322,000","-2,604,000","-2,405,000","-2,708,000","-2,697,000","-2,744,000","-2,510,000","-2,784,000","-2,786,000","-2,665,000","-2,556,000","-2,590,000","-2,891,000","-2,367,000","-2,362,000","-2,588,000","-2,973,000","-2,917,000","-2,406,000","-2,206,000","-2,947,000","-2,254,000","-2,278,000","-2,213,000","-2,303,000","-2,471,000","-2,401,000","-2,373,000",,,,,,,,,,,,,,,,,,,,,,,,,,,,,,,,,,,,,,,,,,,,,,,,,,,,,,,,,,,,,,,,,,,,,,,,,,,,
	InterestExpenseNonOperating,"5,600,000","1,494,000","1,356,000","1,384,000","1,366,000","1,090,000","1,131,000","1,130,000","1,132,000","1,234,000","1,571,000","2,037,000","2,295,000","2,342,000","2,362,000","2,443,000","2,606,000","2,428,000","2,267,000","2,297,000","2,244,000","3,514,000","2,101,000","1,983,000","2,221,000","2,427,000","2,322,000","2,604,000","2,405,000","2,708,000","2,697,000","2,744,000","2,510,000","2,784,000","2,786,000","2,665,000","2,556,000","2,590,000","2,891,000","2,367,000","2,362,000","2,588,000","2,973,000","2,917,000","2,406,000","2,206,000","2,947,000","2,254,000","2,278,000","2,213,000","2,303,000","2,471,000","2,401,000","2,373,000",,,,,,,,,,,,,,,,,,,,,,,,,,,,,,,,,,,,,,,,,,,,,,,,,,,,,,,,,,,,,,,,,,,,,,,,,,,,
OtherIncomeExpense,"3,714,000","-1,683,000","5,592,000","1,577,000","-1,772,000","-309,000","-1,358,000","-1,044,000","-2,178,000","-113,000","-4,700,000","1,428,000","-1,042,000","-258,000","1,308,000","-2,369,000","-1,591,000","-762,000","-1,922,000","-242,000","4,950,000","827,000","-1,626,000","3,560,000","1,643,000","-929,000","-464,000","216,000","273,000","2,972,000","-15,693,000","-1,241,000","904,000","-231,000","-3,048,000","-998,000","-874,000","-434,000","227,000","-554,000","36,000","13,309,000","1,926,000","435,000","-490,000","780,000","1,943,000","11,000","-2,423,000","-4,199,000","-1,446,000","-1,039,000","-3,213,000","-523,000","-1,680,000","1,062,000","-378,000","62,000","-1,220,000","154,000","951,000","-693,000","291,000","102,000","534,000","400,000","490,000","-596,000","-358,000","-43,000","-1,885,000","-1,763,000","-1,551,000","-597,000","-108,000","-264,000","329,000","587,000","451,000","-266,000","1,293,000","18,000","-412,000","531,000","-305,000","-584,000","953,000","-3,845,000","9,000","-316,000","300,000","600,000","500,000","200,000","1,000,000","800,000","900,000","900,000","4,400,000","300,000","500,000","500,000","400,000","400,000","100,000","500,000","500,000","500,000","300,000","400,000","500,000","500,000","700,000","800,000","-400,000","1,900,000","1,500,000","600,000","-300,000","1,700,000","200,000","200,000","1,000,000","900,000","300,000","500,000","0","700,000","200,000","500,000"
	GainOnSaleOfSecurity,"-2,797,000","-585,000","-615,000","-408,000","-1,189,000","-57,000","-1,308,000","-140,000","-906,000","962,000","-3,807,000","2,082,000","-505,000","589,000","2,445,000","-1,601,000","-999,000","-551,000","729,000","193,000","-372,000","475,000","420,000","399,000","315,000","-77,000","-830,000","-96,000","-359,000","416,000","-397,000","-510,000","328,000","-420,000","-2,153,000","-466,000","-541,000","-171,000","-111,000","-896,000","-357,000","-298,000",,"-554,000","-938,000","-421,000",,,,,,,,,,,,,,,,,,,,,,,,,,,,,,,,,,,,,,,,,,,,,,,,,,,,,,,,,,,,,,,,,,,,,,,,,,,,,,,,,,,,
	SpecialIncomeCharges,"-1,189,000","-720,000","-240,000","-76,000","-153,000","-152,000","-317,000","-441,000","-875,000","-873,000","-784,000","-404,000","-245,000","-1,086,000","-676,000","-346,000","-637,000","-7,000","-2,732,000","-1,009,000","-251,000","-315,000","-252,000","1,715,000","-45,000","-820,000","-472,000","-1,304,000","-758,000","-463,000","-15,094,000","-1,086,000","-295,000","-136,000","-1,484,000","-828,000","-697,000","-710,000","338,000","342,000","393,000","13,607,000","15,000","989,000","448,000","1,201,000","1,943,000","11,000","-2,423,000","-4,199,000","-1,446,000","-1,039,000","-3,213,000","-523,000","-1,680,000","1,062,000","-378,000","62,000","-1,220,000","154,000","951,000","-693,000","291,000","102,000","534,000","400,000","490,000","-596,000","-358,000","-43,000","-1,885,000","-1,763,000","-1,551,000","-597,000","-108,000","-264,000","329,000","587,000","451,000","-266,000","1,293,000","18,000","-412,000","531,000","-305,000","-584,000","953,000","-3,845,000","9,000","-316,000","300,000","600,000","500,000","200,000","1,000,000","800,000","900,000","900,000","4,400,000","300,000","500,000","500,000","400,000","400,000","100,000","500,000","500,000","500,000","300,000","400,000","500,000","500,000","700,000","800,000","-400,000","1,900,000","1,500,000","600,000","-300,000","1,700,000","200,000","200,000","1,000,000","900,000","300,000","500,000","0","700,000","200,000","500,000"
		RestructuringAndMergernAcquisition,"1,189,000","720,000","240,000","76,000","153,000","152,000","317,000","441,000","875,000","873,000","784,000","404,000","245,000","1,086,000","676,000","346,000","637,000","7,000","2,732,000","1,009,000","251,000","315,000","252,000","-1,715,000","45,000","820,000","472,000","1,304,000","758,000","463,000","15,094,000","1,086,000","295,000","136,000","1,484,000","828,000","697,000","710,000","147,000","88,000","59,000","-73,000","114,000","553,000","501,000","418,000","-9,000","242,000","2,935,000","2,166,000","585,000","964,000","3,756,000","891,000","2,146,000",,,"82,000","1,949,000","342,000","369,000","1,238,000",,,,,"171,000","1,039,000","505,000","205,000","1,860,000","1,724,000","1,387,000","565,000",,,,,,,,,,,,,,,,,,,,,,,,,,,,,,,,,,,,,,,,,,,,,,,,,,,,,,,,
		OtherSpecialCharges,,,,,,,,,,,,,,,,,,,,,,,,,,,,,,,,,,,,,,,"-485,000","-430,000","-452,000","-13,534,000","-129,000","-1,542,000","-949,000","-1,619,000","-1,934,000","-253,000","-512,000","2,033,000","861,000","75,000","-543,000","-368,000","-466,000",,,"-144,000","-729,000","-496,000","-1,320,000","-545,000",,,,,"-661,000","-443,000","-147,000","-162,000","25,000","39,000","164,000","32,000",,,,,,,,,,,,,,,,,,,,,,,,,,,,,,,,,,,,,,,,,,,,,,,,,,,,,,,,
	OtherNonOperatingIncomeExpenses,"7,700,000","-378,000","6,447,000","2,061,000","-430,000","-100,000","267,000","-463,000","-397,000","-202,000","-109,000","-250,000","-292,000","239,000","-461,000","-422,000","45,000","-204,000","81,000","574,000","5,573,000","667,000","-1,794,000","1,446,000","1,373,000","-32,000","838,000","1,616,000","1,390,000","3,019,000","-202,000","355,000","871,000","325,000","589,000","296,000","364,000","447,000","485,000",,,,,,,,,,,,,,,,,,,,,,,,,,,,,,,,,,,,,,,,,,,,,,,,,,,,,,,,,,,,,,,,,,,,,,,,,,,,,,,,,,,,,,,,,,,
PretaxIncome,"194,646,000","37,484,000","51,683,000","56,863,000","48,616,000","32,544,000","32,201,000","46,651,000","31,498,000","13,347,000","23,115,000","42,514,000","40,599,000","10,607,000","28,305,000","35,671,000","36,914,000","19,517,000","20,971,000","30,317,000","37,161,000","16,138,000","21,759,000","31,673,000","32,146,000","18,535,000","21,242,000","26,682,000","21,798,000","16,594,000","-726,000","29,531,000","37,817,000","23,081,000","17,831,000","34,893,000","37,973,000","20,852,000","18,440,000","30,659,000","35,243,000","31,646,000","15,393,000","26,395,000","30,388,000","14,955,000","12,854,000","17,432,000","16,649,000","8,139,000","11,207,000","12,916,000","8,913,000","5,851,000","5,194,000","25,971,000","23,285,000","12,586,000","8,646,000","17,640,000","10,262,000","7,569,000","20,780,000","25,870,000","25,599,000","15,184,000","20,741,000","20,457,000","20,903,000","8,992,000","16,975,000","17,255,000","16,865,000","7,939,000","15,694,000","15,258,000","14,177,000","6,198,000","15,500,000","14,963,000","14,144,000","5,870,000","14,829,000","13,024,000","10,669,000","4,863,000","11,563,000","5,536,000","12,533,000","6,277,000","13,000,000","12,700,000","11,100,000","5,500,000","12,800,000","11,400,000","9,800,000","6,100,000","17,300,000","9,600,000","8,400,000","5,200,000","11,500,000","8,700,000","8,300,000","4,900,000","9,200,000","5,100,000","7,300,000","2,600,000","8,700,000","7,300,000","9,100,000","5,000,000","5,600,000","7,000,000","6,600,000","3,800,000","4,600,000","7,100,000","6,500,000","4,500,000","4,300,000","6,100,000","5,700,000","4,200,000","2,700,000","5,300,000","5,600,000","4,200,000"
TaxProvision,"37,715,000","7,365,000","10,688,000","10,409,000","9,253,000","4,381,000","5,213,000","8,076,000","6,696,000","2,555,000","3,130,000","8,439,000","7,787,000","1,480,000","3,974,000","5,739,000","6,875,000","-1,698,000","13,104,000","5,769,000","6,917,000","204,000","3,958,000","7,926,000","7,959,000","4,955,000","4,991,000","5,656,000","5,360,000","-3,382,000","-3,894,000","6,726,000","10,359,000","5,660,000","4,484,000","9,596,000","9,534,000","5,237,000","5,111,000","8,653,000","10,001,000","8,485,000","3,881,000","7,098,000","8,381,000","4,053,000","4,133,000","4,960,000","5,311,000","702,000","3,367,000","4,094,000","2,906,000","1,800,000","1,772,000","8,711,000","8,004,000","4,438,000","3,184,000","5,956,000","3,622,000","2,672,000","6,942,000","9,087,000","9,157,000","5,485,000","7,334,000","7,211,000","7,358,000","3,181,000","6,021,000","6,125,000","5,987,000","2,818,000","5,123,000","4,745,000","4,809,000","2,170,000","5,612,000","5,335,000","5,138,000","2,188,000","5,501,000","4,832,000","4,055,000","1,847,000","4,467,000","2,094,000","4,748,000","2,374,000","4,800,000","4,600,000","4,100,000","2,000,000","4,700,000","4,400,000","3,800,000","2,400,000","6,400,000","3,500,000","3,100,000","2,000,000","3,700,000","3,100,000","3,200,000","1,900,000","3,200,000","1,800,000","2,800,000","1,000,000","3,500,000","2,800,000","3,400,000","1,700,000","1,700,000","2,200,000","1,800,000","1,200,000","1,800,000","2,900,000","2,600,000","1,700,000","1,500,000","2,200,000","2,100,000","1,500,000","700,000","2,000,000","2,200,000","1,600,000"
NetIncomeCommonStockholders,"154,885,000","29,765,000","39,807,000","46,172,000","38,941,000","27,880,000","26,794,000","38,372,000","24,451,000","10,643,000","20,275,000","33,707,000","32,545,000","9,000,000","24,023,000","29,806,000","30,497,000","21,000,000","8,000,000","24,300,000","29,900,000","15,500,000","17,300,000","23,400,000","23,500,000","12,900,000","15,500,000","20,400,000","16,000,000","19,500,000","2,800,000","22,100,000","26,600,000","16,700,000","13,000,000","24,800,000","27,800,000","15,300,000","12,581,000","21,866,000","24,807,000","23,046,000","11,545,000","19,220,000","21,650,000","10,679,000","8,510,000","12,219,000","11,022,000","7,213,000","7,681,000","8,632,000","5,823,000","3,847,000","3,422,000","17,260,000","15,281,000","8,148,000","5,462,000","11,684,000","6,640,000","4,897,000","14,074,000","16,783,000","16,442,000","9,699,000","13,407,000","13,246,000","13,545,000","5,811,000","10,954,000","11,130,000","10,878,000","5,121,000","10,571,000","10,513,000","9,368,000","4,028,000","9,888,000","9,628,000","9,006,000","3,682,000","9,328,000","8,192,000","6,614,000","3,016,000","7,096,000","3,442,000","7,785,000","3,903,000","8,200,000","8,100,000","7,000,000","3,500,000","8,100,000","7,000,000","6,000,000","3,700,000","10,900,000","6,100,000","5,300,000","3,200,000","7,800,000","5,600,000","5,100,000","3,000,000","6,000,000","3,300,000","4,500,000","1,600,000","5,200,000","4,500,000","5,700,000","3,100,000","3,800,000","4,600,000","4,600,000","3,400,000","2,700,000","4,000,000","3,900,000","2,200,000","2,100,000","3,200,000","2,900,000","1,900,000","1,100,000","2,500,000","2,500,000","1,700,000"
	NetIncome,"155,745,000","29,765,000","40,667,000","46,172,000","39,141,000","27,880,000","26,794,000","38,372,000","24,651,000","10,643,000","19,775,000","33,907,000","32,745,000","9,056,000","24,200,000","30,006,000","30,497,000","21,174,000","8,071,000","24,470,000","29,909,000","15,730,000","17,642,000","23,664,000","23,982,000","13,457,000","16,161,000","20,825,000","16,164,000","19,795,000","3,102,000","22,673,000","27,074,000","16,957,000","13,306,000","25,061,000","28,135,000","15,456,000","13,145,000","21,866,000","24,807,000","23,046,000","11,545,000","19,220,000","21,650,000","10,679,000","8,510,000","12,219,000","11,022,000","7,213,000","7,681,000","8,632,000","5,823,000","3,847,000","3,422,000","17,260,000","15,281,000","8,148,000","5,462,000","11,684,000","6,640,000","4,897,000","14,074,000","16,783,000","16,442,000","9,699,000","13,407,000","13,246,000","13,545,000","5,811,000","10,954,000","11,130,000","10,878,000","5,121,000","10,571,000","10,513,000","9,368,000","4,028,000","9,888,000","9,628,000","9,006,000","3,682,000","9,328,000","8,192,000","6,614,000","3,016,000","7,096,000","3,442,000","7,785,000","3,903,000","8,200,000","8,100,000","7,000,000","3,500,000","8,100,000","7,000,000","6,000,000","3,700,000","10,900,000","6,100,000","5,300,000","3,200,000","7,800,000","5,600,000","5,100,000","3,000,000","6,000,000","3,300,000","4,500,000","1,600,000","5,200,000","4,500,000","5,700,000","3,300,000","3,900,000","4,800,000","4,800,000","3,600,000","2,900,000","4,200,000","3,900,000","2,900,000","2,800,000","3,900,000","3,600,000","2,700,000","2,000,000","3,300,000","3,400,000","2,600,000"
		NetIncomeIncludingNoncontrollingInterests,"156,931,000","30,119,000","40,995,000","46,454,000","39,363,000","28,163,000","26,988,000","38,575,000","24,802,000","10,792,000","19,985,000","34,075,000","32,812,000","9,127,000","24,331,000","29,932,000","30,039,000","21,215,000","7,867,000","24,548,000","30,244,000","15,934,000","17,801,000","23,747,000","24,187,000","13,580,000","16,251,000","21,026,000","16,438,000","19,976,000","3,168,000","22,805,000","27,458,000","17,421,000","13,347,000","25,297,000","28,439,000","15,615,000","13,329,000","22,006,000","25,242,000","23,161,000","11,512,000","19,297,000","22,007,000","10,902,000","8,721,000","12,472,000","11,338,000","7,437,000","7,840,000","8,822,000","6,007,000","4,051,000","3,422,000","17,260,000","15,281,000","8,148,000","5,462,000","11,684,000","6,640,000","4,897,000","14,074,000","16,783,000","16,442,000","9,699,000","13,407,000","13,246,000","13,545,000","5,811,000","10,954,000","11,130,000","10,878,000","5,121,000","10,571,000","10,513,000","9,368,000","4,028,000","9,888,000","9,628,000","9,006,000","3,682,000","9,328,000","8,192,000","6,614,000","3,016,000","7,096,000","3,442,000","7,785,000","3,903,000","8,200,000","8,100,000","7,000,000","3,500,000","8,100,000","7,000,000","6,000,000","3,700,000","10,900,000","6,100,000","5,300,000","3,200,000","7,800,000","5,600,000","5,100,000","3,000,000","6,000,000","3,300,000","4,500,000","1,600,000","5,200,000","4,500,000","5,700,000","3,300,000","3,900,000","4,800,000","4,800,000","3,600,000","2,900,000","4,200,000","3,900,000","2,600,000","2,800,000","3,900,000","3,600,000","2,700,000","2,000,000","3,300,000","3,400,000","2,600,000"
			NetIncomeContinuousOperations,"156,931,000","30,119,000","40,995,000","46,454,000","39,363,000","28,163,000","26,988,000","38,575,000","24,802,000","10,792,000","19,985,000","34,075,000","32,812,000","9,127,000","24,331,000","29,932,000","30,039,000","21,215,000","7,867,000","24,548,000","30,244,000","15,934,000","17,801,000","23,747,000","24,187,000","13,580,000","16,251,000","21,026,000","16,438,000","19,976,000","3,168,000","22,805,000","27,458,000","17,421,000","13,347,000","25,297,000","28,439,000","15,615,000","13,329,000","22,006,000","25,242,000","23,161,000","11,512,000","19,297,000","22,007,000","10,902,000","8,721,000","12,472,000","11,338,000","7,437,000","7,840,000","8,822,000","6,007,000","4,051,000","3,422,000","17,260,000","15,281,000","8,148,000","5,462,000","11,684,000","6,640,000","4,897,000","13,838,000","16,783,000","16,442,000","9,699,000","13,407,000","13,246,000","13,545,000","5,811,000","10,954,000","11,130,000","10,878,000","5,121,000","10,571,000","10,513,000","9,368,000","4,028,000","9,888,000","9,628,000","9,006,000","3,682,000","9,328,000","8,192,000","6,614,000","3,016,000","7,096,000","3,442,000","7,785,000","3,903,000","8,200,000","8,100,000","7,000,000","3,500,000","8,100,000","7,000,000","6,000,000","3,700,000","10,900,000","6,100,000","5,300,000","3,200,000","7,800,000","5,600,000","5,100,000","3,000,000","6,000,000","3,300,000","4,500,000","1,600,000","5,200,000","4,500,000","5,700,000","3,300,000","3,900,000","4,800,000","4,800,000","2,600,000","2,800,000","4,200,000","3,900,000","2,800,000","2,800,000","3,900,000","3,600,000","2,700,000","2,000,000","3,300,000","3,400,000","2,600,000"
			NetIncomeExtraordinary,,,,,,,,,,,,,,,,,,,,,,,,,,,,,,,,,,,,,,,,,,,,,,,,,,,,,,,,,,,,,,,,,,,,,,,,,,,,,,,,,,,,,,,,,,,,,,,,,,,,,,,,,,,,,,,,,,,"0",,,"1,000,000",,,,,,,,,,,,
			NetIncomeFromTaxLossCarryforward,,,,,,,,,,,,,,,,,,,,,,,,,,,,,,,,,,,,,,,,,,,,,,,,,,,,,,,,,,,,,,,,,,,,,,,,,,,,,,,,,,,,,,,,,,,,,,,,,,,,,,,,,,,,,,,,,,,,,,,"100,000",,,"100,000",,,,,,,,
		MinorityInterests,"-1,186,000","-354,000","-328,000","-282,000","-222,000","-283,000","-194,000","-203,000","-151,000","-149,000","-210,000","-168,000","-67,000","-71,000","-131,000","74,000","458,000","-41,000","204,000","-78,000","-335,000","-204,000","-159,000","-83,000","-205,000","-123,000","-90,000","-201,000","-274,000","-181,000","-66,000","-132,000","-384,000","-464,000","-41,000","-236,000","-304,000","-159,000","-184,000","-140,000","-435,000","-115,000","33,000","-77,000","-357,000","-223,000","-211,000","-253,000","-316,000","-224,000","-159,000","-190,000","-184,000","-204,000",,,,,,,,,,,,,,,,,,,,,,,,,,,,,,,,,,,,,,,,,,,,,,,,,,,,,,,,,,,,,,,,,,,,"300,000",,,,,,,,
	PreferredStockDividends,,,,,,,,,,,,,,,,,,,,,,,,,,,,,,,,,,,,,,,,,,,,,,,,,,,,,,,,,,,,,,,,,,,,,,,,,,,,,,,,,,,,,,,,,,,,,,,,,,,,,,,,,,,,,,,"0",,,"200,000","100,000","200,000","200,000","200,000","200,000","200,000",,"700,000","700,000","700,000","700,000","800,000","900,000","800,000","900,000","900,000"
	OtherunderPreferredStockDividend,,,,,,,,,"200,000",,,"200,000","200,000","100,000","200,000","200,000",,"200,000","100,000","200,000","0","200,000","300,000","300,000","500,000","600,000","600,000","400,000","200,000","300,000","300,000","600,000","500,000","300,000","300,000","300,000","300,000","200,000",,,,,,,,,,,,,,,,,,,,,,,,,,,,,,,,,,,,,,,,,,,,,,,,,,,,,,,,,,,,,,,,,,,,,,,,,,,,,,,,,,,,,,,,,,,,
DilutedNIAvailtoComStockholders,"154,885,000","29,765,000","39,807,000","46,172,000","38,941,000","27,880,000","26,794,000","38,372,000","24,451,000","10,643,000","20,275,000","33,707,000","32,545,000","9,000,000","24,023,000","29,806,000","30,497,000","21,000,000","8,000,000","24,300,000","29,900,000","15,500,000","17,300,000","23,400,000","23,500,000","12,900,000","15,500,000","20,400,000","16,000,000","19,500,000","2,800,000","22,100,000","26,600,000","16,700,000","13,000,000","24,800,000","27,800,000","15,300,000","12,581,000","21,866,000","24,807,000","23,046,000","11,545,000","19,220,000","21,650,000","10,679,000","8,510,000","12,219,000","11,022,000","7,213,000","7,681,000","8,632,000","5,823,000","3,847,000","3,422,000","17,260,000","15,281,000","8,148,000","5,462,000","11,684,000","6,640,000","4,897,000","14,074,000","16,783,000","16,442,000","9,699,000","13,407,000","13,246,000","13,545,000","5,811,000","10,954,000","11,130,000","10,878,000","5,121,000","10,571,000","10,513,000","9,368,000","4,028,000","9,888,000","9,628,000","9,006,000","3,682,000","9,328,000","8,192,000","6,614,000","3,016,000","7,096,000","3,442,000","7,785,000","3,903,000","8,200,000","8,100,000","7,000,000","3,500,000","8,100,000","7,000,000","6,000,000","3,700,000","10,900,000","6,100,000","5,300,000","3,200,000","7,800,000","5,600,000","5,100,000","3,000,000","6,000,000","3,300,000","4,500,000","1,600,000","5,200,000","4,500,000","5,700,000","3,100,000","3,800,000","4,600,000","4,600,000","3,400,000","2,700,000","4,000,000","3,900,000","2,200,000","2,100,000","3,200,000","2,900,000","1,900,000","1,100,000","2,500,000","2,500,000","1,700,000"
BasicEPS,,"0.64","0.87","0.99","0.84","0.6","0.58","0.82","0.53","0.23","0.42","0.73","0.7","0.19","0.52","0.64","0.65","0.45","0.17","0.52","0.64","0.33","0.37","0.51","0.51","0.28","0.34","0.44","0.33","0.41","0.06","0.46","0.56","0.35","0.27","0.52","0.59","0.32","0.275","0.465","0.53","0.495",,"0.41","0.46","0.23",,"0.265","0.235","0.155",,"0.185","0.125","0.085",,"0.375","0.335","0.175",,"0.255","0.145","0.105",,"0.365","0.36","0.215",,"0.295","0.305","0.13",,"0.255","0.25","0.118",,"0.243","0.218","0.093",,"0.223","0.208","0.085",,"0.188","0.15","0.069",,"0.079","0.18","0.09",,"0.186","0.158","0.079",,"0.153","0.128","0.079",,"0.12","0.105","0.061",,"0.105","0.095","0.056",,"0.063","0.086","0.031",,"0.086","0.109","0.06",,"0.089","0.089","0.066",,"0.078","0.064","0.041",,"0.064","0.056","0.036",,"0.05","0.051","0.034"
DilutedEPS,,"0.63","0.85","0.98","0.83","0.59","0.57","0.82","0.52","0.23","0.42","0.72","0.7","0.19","0.51","0.63","0.64","0.45","0.17","0.52","0.64","0.33","0.37","0.5","0.5","0.28","0.33","0.43","0.33","0.41","0.06","0.46","0.55","0.35","0.27","0.51","0.58","0.32","0.275","0.455","0.52","0.48",,"0.4","0.455","0.225",,"0.26","0.235","0.155",,"0.185","0.125","0.085",,"0.37","0.33","0.175",,"0.25","0.14","0.105",,"0.36","0.35","0.21",,"0.285","0.295","0.125",,"0.24","0.24","0.113",,"0.233","0.208","0.09",,"0.213","0.198","0.08",,"0.18","0.145","0.066",,"0.076","0.173","0.086",,"0.175","0.149","0.074",,"0.143","0.119","0.073",,"0.12","0.105","0.061",,"0.105","0.095","0.056",,"0.063","0.086","0.031",,"0.086","0.109","0.06",,"0.089","0.089","0.066",,"0.078","0.064","0.041",,"0.064","0.056","0.036",,"0.05","0.051","0.034"
BasicAverageShares,,"46,507,812","46,743,678","46,638,384","46,596,429","46,466,667","46,196,552","46,795,122","46,133,962","46,273,913","47,083,333","46,447,945","46,778,571","47,663,158","46,538,462","46,884,375","46,918,462","47,053,333","47,476,471","47,057,692","46,732,812","47,666,667","47,681,081","46,400,000","47,023,529","48,060,714","47,532,353","47,329,545","48,981,818","48,280,488","51,700,000","49,289,130","48,346,429","48,448,571","49,281,481","48,194,231","47,686,441","48,300,000","47,800,000","47,023,656","46,805,660","46,557,576",,"46,384,000","46,444,000","46,528,000",,"46,414,000","46,540,000","46,312,000",,"46,204,000","46,148,000","46,000,000",,"46,000,000","45,800,000","46,000,000",,"45,819,608","45,793,103","46,638,095",,"45,980,822","45,672,222","45,200,000",,"44,901,695","44,409,836","44,200,000",,"43,647,059","43,512,000","43,808,000",,"43,352,577","43,071,264","43,056,000",,"43,271,910","43,402,410","42,788,000",,"43,690,667","44,093,333","43,869,091",,"43,707,937","43,250,000","43,392,000",,"43,489,933","44,444,444","44,444,444",,"45,901,639","47,058,824","46,984,127",,"50,833,333","50,476,190","52,244,898",,"53,333,333","53,684,211","53,333,333",,"52,800,000","52,173,913","51,200,000",,"52,173,913","52,413,793","51,666,667",,"51,830,986","51,830,986","51,320,755",,"51,612,903","61,176,471","53,333,333",,"50,196,078","51,555,556","52,413,793",,"50,000,000","48,780,488","50,370,370"
DilutedAverageShares,,"47,100,000","47,843,529","47,000,000","47,100,000","46,900,000","46,800,000","46,795,122","46,500,000","46,800,000","47,083,333","46,700,000","46,778,571","47,663,158","46,800,000","47,200,000","47,000,000","47,100,000","47,476,471","47,057,692","46,732,812","47,666,667","47,681,081","46,900,000","47,023,529","48,060,714","47,532,353","47,329,545","48,981,818","48,280,488","51,700,000","49,289,130","48,346,429","48,448,571","49,281,481","48,200,000","48,100,000","48,300,000","48,000,000","47,800,000","47,800,000","47,800,000",,"47,326,000","47,434,000","47,488,000",,"47,048,000","47,174,000","46,870,000",,"46,840,000","46,572,000","46,200,000",,"46,600,000","46,400,000","46,600,000",,"46,736,000","47,428,571","46,638,095",,"46,619,444","46,977,143","46,200,000",,"46,477,193","45,915,254","46,400,000",,"46,375,000","45,325,000","45,660,000",,"45,217,204","45,146,988","44,920,000",,"45,308,235","45,600,000","45,524,000",,"45,511,111","45,613,793","45,524,528",,"45,140,984","45,130,435","45,264,000",,"46,285,714","47,058,824","47,457,627",,"49,122,807","50,526,316","51,034,483",,"50,833,333","50,476,190","52,244,898",,"53,333,333","53,684,211","53,333,333",,"52,800,000","52,173,913","51,200,000",,"52,173,913","52,413,793","51,666,667",,"51,830,986","51,830,986","51,320,755",,"51,612,903","61,176,471","53,333,333",,"50,196,078","51,555,556","52,413,793",,"50,000,000","48,780,488","50,370,370"
TotalOperatingIncomeAsReported,"195,343,000","39,941,000","47,207,000","56,594,000","51,601,000","33,791,000","34,373,000","48,384,000","33,933,000","13,821,000","28,602,000","42,719,000","43,691,000","12,121,000","28,683,000","40,137,000","40,474,000","22,700,000","22,428,000","31,847,000","34,204,000","18,510,000","25,234,000","31,811,000","32,679,000","21,071,000","23,556,000","27,766,000","23,172,000","15,867,000","2,570,000","32,430,000","39,128,000","25,960,000","22,181,000","37,728,000","40,706,000","23,166,000","20,957,000","33,492,000","37,510,000","20,998,000","16,326,000","28,324,000","32,783,000","15,963,000","13,867,000","19,433,000","18,415,000","12,385,000","13,920,000","15,462,000","10,771,000","7,856,000","7,608,000","27,593,000","26,443,000","15,066,000","10,370,000","19,430,000","11,138,000","8,236,000","21,500,000","26,461,000","26,141,000","14,977,000","20,293,000","20,212,000","20,939,000","9,002,000","17,126,000","17,457,000","17,122,000","8,077,000","15,934,000","15,835,000","14,173,000","5,948,000","15,340,000","15,596,000","13,172,000","6,190,000","15,460,000","12,768,000","11,349,000","5,772,000","10,866,000","9,665,000","12,810,000","6,878,000","13,100,000","12,500,000","10,900,000","5,600,000","12,200,000","10,900,000","9,200,000","5,500,000","13,500,000","9,700,000","8,200,000","5,000,000","11,500,000","8,600,000","8,400,000","4,800,000","9,100,000","5,100,000","7,500,000","2,900,000","9,000,000","7,400,000","8,800,000","4,900,000","6,900,000","5,700,000","5,800,000","3,800,000","5,700,000","6,200,000","6,800,000","4,500,000","3,600,000","5,800,000","5,900,000","4,200,000","3,100,000","5,000,000","6,000,000","4,100,000"
TotalExpenses,"1,583,757,000","410,809,000","385,073,000","402,349,000","385,526,000","299,103,000","286,416,000","302,365,000","273,473,000","252,060,000","290,721,000","305,293,000","311,404,000","277,508,000","287,304,000","301,383,000","302,859,000","272,923,000","263,035,000","278,257,000","270,894,000","201,427,000","214,104,000","209,659,000","219,357,000","196,539,000","195,255,000","203,415,000","223,497,000","209,398,000","236,173,000","244,537,000","245,043,000","205,325,000","205,986,000","211,288,000","222,040,000","198,648,000","184,064,000","203,977,000","209,127,000","180,999,000","170,796,000","195,514,000","190,835,000","168,950,000","161,114,000","168,734,000","169,068,000","145,441,000","130,404,000","149,581,000","150,749,000","141,050,000","142,352,000","188,222,000","175,253,000","160,862,000","141,417,000","145,492,000","141,022,000","121,022,000","97,147,000","139,191,000","136,528,000","96,003,000","94,081,000","97,792,000","102,093,000","73,227,000","88,632,000","91,155,000","87,635,000","71,565,000","80,265,000","83,850,000","79,667,000","63,830,000","80,656,000","81,529,000","80,510,000","61,879,000","66,693,000","73,996,000","71,511,000","60,127,000","78,766,000","75,508,000","72,065,000","59,173,000","65,700,000","69,300,000","63,700,000","52,400,000","61,100,000","64,300,000","58,700,000","50,500,000","64,100,000","75,900,000","67,700,000","59,200,000","74,000,000","70,800,000","64,700,000","58,000,000","64,900,000","61,100,000","68,900,000","56,900,000","57,300,000","52,600,000","56,000,000","45,500,000","45,200,000","50,800,000","49,800,000","38,400,000","43,300,000","45,200,000","46,200,000","40,700,000","39,300,000","42,600,000","42,800,000","39,900,000","39,100,000","41,000,000","41,800,000","38,900,000"
NetIncomeFromContinuingAndDiscontinuedOperation,"155,745,000","29,765,000","40,667,000","46,172,000","39,141,000","27,880,000","26,794,000","38,372,000","24,651,000","10,643,000","19,775,000","33,907,000","32,745,000","9,056,000","24,200,000","30,006,000","30,497,000","21,174,000","8,071,000","24,470,000","29,909,000","15,730,000","17,642,000","23,664,000","23,982,000","13,457,000","16,161,000","20,825,000","16,164,000","19,795,000","3,102,000","22,673,000","27,074,000","16,957,000","13,306,000","25,061,000","28,135,000","15,456,000","13,145,000","21,866,000","24,807,000","23,046,000","11,545,000","19,220,000","21,650,000","10,679,000","8,510,000","12,219,000","11,022,000","7,213,000","7,681,000","8,632,000","5,823,000","3,847,000","3,422,000","17,260,000","15,281,000","8,148,000","5,462,000","11,684,000","6,640,000","4,897,000","14,074,000","16,783,000","16,442,000","9,699,000","13,407,000","13,246,000","13,545,000","5,811,000","10,954,000","11,130,000","10,878,000","5,121,000","10,571,000","10,513,000","9,368,000","4,028,000","9,888,000","9,628,000","9,006,000","3,682,000","9,328,000","8,192,000","6,614,000","3,016,000","7,096,000","3,442,000","7,785,000","3,903,000","8,200,000","8,100,000","7,000,000","3,500,000","8,100,000","7,000,000","6,000,000","3,700,000","10,900,000","6,100,000","5,300,000","3,200,000","7,800,000","5,600,000","5,100,000","3,000,000","6,000,000","3,300,000","4,500,000","1,600,000","5,200,000","4,500,000","5,700,000","3,300,000","3,900,000","4,800,000","4,800,000","2,600,000","2,800,000","4,200,000","3,900,000","2,800,000","2,800,000","3,900,000","3,600,000","2,700,000","2,000,000","3,300,000","3,400,000","2,600,000"
NormalizedIncome,"158,958,664.632","30,812,915","41,345,186.735","46,567,428","40,228,020","28,060,785","28,155,929.754","38,854,230","26,052,647","10,570,999","23,744,333.117","32,561,244","33,351,000","9,483,917","22,679,366.225","31,639,533","31,828,704","21,581,340","9,272,800","25,130,960","30,416,122","15,572,080","17,504,559.493","22,078,500","23,779,500","14,114,501","17,157,083.325","21,931,000","17,001,750","19,832,600","13,171,150","23,901,920","27,049,910","17,374,000","16,028,395.771","25,992,680","29,063,500","16,116,750","12,980,917.408","22,263,642.585","24,781,215.816","13,305,440.403","10,104,597.739","18,901,977.837","22,004,858.168","10,110,390.171","7,191,740.859","12,211,129.876","12,672,067.512","11,049,830.446","8,692,567.77","9,341,666.925","7,988,431.505","4,209,104.427","4,528,846.361","16,554,208.155","15,529,066.051","8,107,862.069","6,232,719.408","11,581,996.825","6,024,657.961","5,345,357.907","13,644,214.726","16,716,828.141","16,099,016.758","9,443,494.204","13,090,263.584","13,631,912.695","13,776,981.534","5,838,788.367","12,170,394.109","12,267,188.641","11,878,401.897","5,506,090.943","10,643,745.508","10,694,900.118","9,150,600.55","3,646,516.296","9,600,291.097","9,799,158.725","8,182,699.802","3,670,709.37","9,587,163.531","7,858,004.914","6,803,077.702","3,378,192.885","6,511,161.463","5,832,623.194","7,779,409.559","4,099,486.857","8,010,769.231","7,717,322.835","6,684,684.685","3,372,727.273","7,467,187.5","6,508,771.93","5,448,979.592","3,154,098.361","8,127,745.665","5,909,375","4,984,523.81","2,892,307.692","7,528,695.652","5,342,528.736","5,038,554.217","2,693,877.551","5,673,913.043","2,976,470.588","4,315,068.493","1,353,846.154","4,900,000","4,191,780.822","5,261,538.462","2,772,000","4,178,571.429","3,497,142.857","3,709,090.909","2,189,473.684","2,982,608.696","3,180,000","3,780,000","2,675,555.556","2,148,837.209","3,324,590.164","3,410,526.316","2,378,571.429","2,000,000","2,864,150.943","3,278,571.429","2,290,476.19"
InterestExpense,"5,600,000","1,494,000","1,356,000","1,384,000","1,366,000","1,090,000","1,131,000","1,130,000","1,132,000","1,234,000","1,571,000","2,037,000","2,295,000","2,342,000","2,362,000","2,443,000","2,606,000","2,428,000","2,267,000","2,297,000","2,244,000","3,514,000","2,101,000","1,983,000","2,221,000","2,427,000","2,322,000","2,604,000","2,405,000","2,708,000","2,697,000","2,744,000","2,510,000","2,784,000","2,786,000","2,665,000","2,556,000","2,590,000","2,891,000","2,367,000","2,362,000","2,588,000","2,973,000","2,917,000","2,406,000","2,206,000","2,947,000","2,254,000","2,278,000","2,213,000","2,303,000","2,471,000","2,401,000","2,373,000",,,,,,,,,,,,,,,,,,,,,,,,,,,,,,,,,,,,,,,,,,,,,,,,,,,,,,,,,,,,,,,,,,,,,,,,,,,,
NetInterestIncome,"-5,600,000","-1,494,000","-1,356,000","-1,384,000","-1,366,000","-1,090,000","-1,131,000","-1,130,000","-1,132,000","-1,234,000","-1,571,000","-2,037,000","-2,295,000","-2,342,000","-2,362,000","-2,443,000","-2,606,000","-2,428,000","-2,267,000","-2,297,000","-2,244,000","-3,514,000","-2,101,000","-1,983,000","-2,221,000","-2,427,000","-2,322,000","-2,604,000","-2,405,000","-2,708,000","-2,697,000","-2,744,000","-2,510,000","-2,784,000","-2,786,000","-2,665,000","-2,556,000","-2,590,000","-2,891,000","-2,367,000","-2,362,000","-2,588,000","-2,973,000","-2,917,000","-2,406,000","-2,206,000","-2,947,000","-2,254,000","-2,278,000","-2,213,000","-2,303,000","-2,471,000","-2,401,000","-2,373,000",,,,,,,,,,,,,,,,,,,,,,,,,,,,,,,,,,,,,,,,,,,,,,,,,,,,,,,,,,,,,,,,,,,,,,,,,,,,
EBIT,"200,246,000","38,978,000","53,039,000","58,247,000","49,982,000","33,634,000","33,332,000","47,781,000","32,630,000","14,581,000","24,686,000","44,551,000","42,894,000","12,949,000","30,667,000","38,114,000","39,520,000","21,945,000","23,238,000","32,614,000","39,405,000","19,652,000","23,860,000","33,656,000","34,367,000","20,962,000","23,564,000","29,286,000","24,203,000","19,302,000","1,971,000","32,275,000","40,327,000","25,865,000","20,617,000","37,558,000","40,529,000","23,442,000","21,331,000","33,026,000","37,605,000","34,234,000","18,366,000","29,312,000","32,794,000","17,161,000","15,801,000","19,686,000","18,927,000","10,352,000","13,510,000","15,387,000","11,314,000","8,224,000","9,754,000","27,593,000","26,443,000","15,148,000","12,319,000","19,772,000","11,507,000","9,474,000","21,500,000","26,461,000","26,141,000","14,977,000","20,464,000","21,251,000","21,444,000","9,207,000","18,986,000","19,181,000","18,509,000","8,642,000","15,934,000","15,835,000","14,173,000","5,948,000","15,340,000","15,596,000","13,172,000","6,190,000","20,692,000","12,768,000","11,349,000","5,772,000","10,866,000","9,665,000","12,810,000","6,878,000","13,100,000","12,500,000","10,900,000","5,600,000","12,200,000","10,900,000","9,200,000","5,500,000","13,500,000","9,700,000","8,200,000","5,000,000","11,500,000","8,600,000","8,400,000","4,800,000","9,100,000","5,100,000","7,500,000","2,900,000","9,000,000","7,400,000","8,800,000","4,900,000","6,900,000","5,700,000","5,800,000","3,800,000","5,700,000","6,200,000","6,800,000","4,500,000","3,600,000","5,800,000","5,900,000","4,200,000","3,100,000","5,000,000","6,000,000","4,100,000"
EBITDA,"247,322,000"
ReconciledCostOfRevenue,"1,174,412,000","306,136,000","287,332,000","295,903,000","285,041,000","217,500,000","209,703,000","226,893,000","201,159,000","176,437,000","218,851,000","230,793,000","235,622,000","201,209,000","212,321,000","228,900,000","227,894,000","196,648,000","193,624,000","207,271,000","202,596,000","144,436,000","158,567,000","154,286,000","161,403,000","144,194,000","150,165,000","155,693,000","167,219,000","154,238,000","176,083,000","188,902,000","185,072,000","153,310,000","153,640,000","162,873,000","168,852,000","148,583,000","136,695,000","154,976,000","162,358,000","135,652,000","126,391,000","150,674,000","146,904,000","124,800,000","118,849,000","129,138,000","125,950,000","109,556,000","99,673,000","115,764,000","116,119,000","106,601,000","107,825,000","149,347,000","136,979,000","124,551,000","111,115,000","117,307,000","109,216,000","91,567,000","72,882,000","110,219,000","108,902,000","74,388,000","73,953,000","78,720,000","82,117,000","56,955,000","71,621,000","74,280,000","71,632,000","56,587,000","64,726,000","68,917,000","64,900,000","49,963,000","65,065,000","67,572,000","67,082,000","50,218,000","54,586,000","61,729,000","59,704,000","48,786,000","62,907,000","61,733,000","58,716,000","46,350,000","53,200,000","56,300,000","51,200,000","40,900,000","48,000,000","52,200,000","45,900,000","39,000,000","50,000,000","60,000,000","54,200,000","45,900,000","58,600,000","57,200,000","51,700,000","45,700,000","52,600,000","49,200,000","56,400,000","44,000,000","45,000,000","43,800,000","46,300,000","36,700,000","35,700,000","41,500,000","41,200,000","30,600,000","35,200,000","37,700,000","38,200,000","33,200,000","31,700,000","35,700,000","35,400,000","32,300,000","32,300,000","34,500,000","34,500,000","31,900,000"
ReconciledDepreciation,"47,076,000","12,078,000","11,805,000","12,232,000","10,961,000","9,574,000","9,571,000","8,927,000","8,791,000","9,199,000","9,272,000","9,355,000","9,082,000","9,268,000","9,617,000","9,392,000","9,699,000","9,896,000","10,088,000","10,006,000","9,488,000","8,924,000","8,782,000","9,119,000","8,881,000","8,752,000","8,672,000","8,760,000","9,204,000","8,840,000","9,419,000","9,618,000","9,326,000","8,847,000","8,550,000","7,929,000","7,510,000","7,367,000","8,857,000","6,593,000","6,727,000","6,158,000","6,018,000","6,548,000","6,889,000","5,840,000","5,402,000","5,920,000","6,339,000","6,379,000","6,607,000","6,212,000","6,417,000","6,149,000","5,815,000","6,031,000","6,089,000","6,229,000","5,630,000","4,753,000","5,246,000","4,730,000","4,332,000","5,205,000","4,377,000","4,075,000","3,390,000","3,798,000","3,839,000","3,944,000","3,489,000","3,896,000","3,880,000","3,878,000","3,419,000","3,579,000","3,421,000","3,329,000","3,030,000","3,274,000","3,390,000","3,184,000","2,743,000","3,354,000","3,433,000","3,130,000","3,236,000","2,522,000","2,567,000","2,514,000","1,500,000","2,400,000","1,900,000","1,700,000","2,700,000","1,400,000","1,600,000","1,800,000","1,800,000","2,000,000","2,000,000","1,800,000","1,900,000","2,200,000","2,200,000","2,100,000","1,900,000","2,000,000","2,500,000","2,500,000","3,000,000","1,100,000","1,200,000","1,100,000","900,000","1,100,000","1,100,000","1,100,000","1,000,000","1,000,000","1,000,000","1,000,000","900,000","1,000,000","1,100,000","1,000,000","900,000","1,000,000","1,100,000","1,100,000"
NetIncomeFromContinuingOperationNetMinorityInterest,"155,745,000","29,765,000","40,667,000","46,172,000","39,141,000","27,880,000","26,794,000","38,372,000","24,651,000","10,643,000","19,775,000","33,907,000","32,745,000","9,056,000","24,200,000","30,006,000","30,497,000","21,174,000","8,071,000","24,470,000","29,909,000","15,730,000","17,642,000","23,664,000","23,982,000","13,457,000","16,161,000","20,825,000","16,164,000","19,795,000","3,102,000","22,673,000","27,074,000","16,957,000","13,306,000","25,061,000","28,135,000","15,456,000","13,145,000","21,866,000","24,807,000","23,046,000","11,545,000","19,220,000","21,650,000","10,679,000","8,510,000","12,219,000","11,022,000","7,213,000","7,681,000","8,632,000","5,823,000","3,847,000","3,422,000","17,260,000","15,281,000","8,148,000","5,462,000","11,684,000","6,640,000","4,897,000","13,838,000","16,783,000","16,442,000","9,699,000","13,407,000","13,246,000","13,545,000","5,811,000","10,954,000","11,130,000","10,878,000","5,121,000","10,571,000","10,513,000","9,368,000","4,028,000","9,888,000","9,628,000","9,006,000","3,682,000","9,328,000","8,192,000","6,614,000","3,016,000","7,096,000","3,442,000","7,785,000","3,903,000","8,200,000","8,100,000","7,000,000","3,500,000","8,100,000","7,000,000","6,000,000","3,700,000","10,900,000","6,100,000","5,300,000","3,200,000","7,800,000","5,600,000","5,100,000","3,000,000","6,000,000","3,300,000","4,500,000","1,600,000","5,200,000","4,500,000","5,700,000","3,300,000","3,900,000","4,800,000","4,800,000","2,600,000","2,800,000","4,200,000","3,900,000","2,800,000","2,800,000","3,900,000","3,600,000","2,700,000","2,000,000","3,300,000","3,400,000","2,600,000"
TotalUnusualItemsExcludingGoodwill,"-3,986,000","-1,305,000","-855,000","-484,000","-1,342,000","-209,000","-1,625,000","-581,000","-1,781,000","89,000","-4,591,000","1,678,000","-750,000","-497,000","1,769,000","-1,947,000","-1,636,000","-558,000","-2,003,000","-816,000","-623,000","160,000","168,000","2,114,000","270,000","-897,000","-1,302,000","-1,400,000","-1,117,000","-47,000","-15,491,000","-1,596,000","33,000","-556,000","-3,637,000","-1,294,000","-1,238,000","-881,000","227,000","-554,000","36,000","13,309,000","1,926,000","435,000","-490,000","780,000","1,943,000","11,000","-2,423,000","-4,199,000","-1,446,000","-1,039,000","-3,213,000","-523,000","-1,680,000","1,062,000","-378,000","62,000","-1,220,000","154,000","951,000","-693,000","291,000","102,000","534,000","400,000","490,000","-596,000","-358,000","-43,000","-1,885,000","-1,763,000","-1,551,000","-597,000","-108,000","-264,000","329,000","587,000","451,000","-266,000","1,293,000","18,000","-412,000","531,000","-305,000","-584,000","953,000","-3,845,000","9,000","-316,000","300,000","600,000","500,000","200,000","1,000,000","800,000","900,000","900,000","4,400,000","300,000","500,000","500,000","400,000","400,000","100,000","500,000","500,000","500,000","300,000","400,000","500,000","500,000","700,000","800,000","-400,000","1,900,000","1,500,000","600,000","-300,000","1,700,000","200,000","200,000","1,000,000","900,000","300,000","500,000","0","700,000","200,000","500,000"
TotalUnusualItems,"-3,986,000","-1,305,000","-855,000","-484,000","-1,342,000","-209,000","-1,625,000","-581,000","-1,781,000","89,000","-4,591,000","1,678,000","-750,000","-497,000","1,769,000","-1,947,000","-1,636,000","-558,000","-2,003,000","-816,000","-623,000","160,000","168,000","2,114,000","270,000","-897,000","-1,302,000","-1,400,000","-1,117,000","-47,000","-15,491,000","-1,596,000","33,000","-556,000","-3,637,000","-1,294,000","-1,238,000","-881,000","227,000","-554,000","36,000","13,309,000","1,926,000","435,000","-490,000","780,000","1,943,000","11,000","-2,423,000","-4,199,000","-1,446,000","-1,039,000","-3,213,000","-523,000","-1,680,000","1,062,000","-378,000","62,000","-1,220,000","154,000","951,000","-693,000","291,000","102,000","534,000","400,000","490,000","-596,000","-358,000","-43,000","-1,885,000","-1,763,000","-1,551,000","-597,000","-108,000","-264,000","329,000","587,000","451,000","-266,000","1,293,000","18,000","-412,000","531,000","-305,000","-584,000","953,000","-3,845,000","9,000","-316,000","300,000","600,000","500,000","200,000","1,000,000","800,000","900,000","900,000","4,400,000","300,000","500,000","500,000","400,000","400,000","100,000","500,000","500,000","500,000","300,000","400,000","500,000","500,000","700,000","800,000","-400,000","1,900,000","1,500,000","600,000","-300,000","1,700,000","200,000","200,000","1,000,000","900,000","300,000","500,000","0","700,000","200,000","500,000"
NormalizedEBITDA,"251,308,000","52,361,000","65,699,000","70,963,000","62,285,000","43,417,000","44,528,000","57,289,000","43,202,000","23,691,000","38,549,000","52,228,000","52,726,000","22,714,000","38,515,000","49,453,000","50,855,000","32,399,000","35,329,000","43,436,000","49,516,000","28,416,000","32,474,000","40,661,000","42,978,000","30,611,000","33,538,000","39,446,000","34,524,000","28,189,000","26,881,000","43,489,000","49,620,000","35,268,000","32,804,000","46,781,000","49,277,000","31,690,000","29,961,000","40,173,000","44,296,000","27,083,000","22,458,000","35,425,000","40,173,000","22,221,000","19,260,000","25,595,000","27,689,000","20,930,000","21,563,000","22,638,000","20,944,000","14,896,000","17,249,000","32,562,000","32,910,000","21,315,000","19,169,000","24,371,000","15,802,000","14,897,000","25,541,000","31,564,000","29,984,000","18,652,000","23,364,000","25,645,000","25,641,000","13,194,000","24,360,000","24,840,000","23,940,000","13,117,000","19,461,000","19,678,000","17,265,000","8,690,000","17,919,000","19,136,000","15,269,000","9,356,000","23,847,000","15,591,000","15,087,000","9,486,000","13,149,000","16,032,000","15,368,000","9,708,000","14,300,000","14,300,000","12,300,000","7,100,000","13,900,000","11,500,000","9,900,000","6,400,000","10,900,000","11,400,000","9,700,000","6,300,000","13,000,000","10,400,000","10,500,000","6,400,000","10,500,000","6,600,000","12,200,000","5,000,000","11,500,000","8,000,000","9,300,000","5,200,000","8,200,000","4,900,000","5,400,000","4,300,000","7,000,000","5,500,000","7,600,000","5,300,000","3,500,000","5,900,000","6,700,000","4,700,000","4,000,000","5,300,000","6,900,000","4,700,000"
TaxRateForCalcs,"0.194","0.197","0.207","0.183","0.19","0.135","0.162","0.17","0.213","0.191","0.135","0.198","0.192","0.139","0.14","0.161","0.186","0.27","0.4","0.19","0.186","0.013","0.182","0.25","0.25","0.267","0.235","0.21","0.25","0.2","0.35","0.23","0.27","0.25","0.251","0.28","0.25","0.25","0.277","0.282","0.284","0.268","0.252","0.269","0.276","0.271","0.322","0.285","0.319","0.086","0.3","0.317","0.326","0.308","0.341","0.335","0.344","0.353","0.368","0.338","0.353","0.353","0.334","0.351","0.358","0.361","0.354","0.352","0.352","0.354","0.355","0.355","0.355","0.355","0.326","0.311","0.339","0.35","0.362","0.357","0.363","0.373","0.371","0.371","0.38","0.38","0.386","0.378","0.379","0.378","0.369","0.362","0.369","0.364","0.367","0.386","0.388","0.393","0.37","0.365","0.369","0.385","0.322","0.356","0.386","0.388","0.348","0.353","0.384","0.385","0.4","0.384","0.374","0.34","0.304","0.314","0.273","0.316","0.391","0.4","0.4","0.378","0.349","0.361","0.368","0.357","0.259","0.377","0.393","0.381"
TaxEffectOfUnusualItems,"-772,335.368","-257,085","-176,813.265","-88,572","-254,980","-28,215","-263,070.246","-98,770","-379,353","16,999","-621,666.883","332,244","-144,000","-69,083","248,366.225","-313,467","-304,296","-150,660","-801,200","-155,040","-115,878","2,080","30,559.493","528,500","67,500","-239,499","-305,916.675","-294,000","-279,250","-9,400","-5,421,850","-367,080","8,910","-139,000","-914,604.229","-362,320","-309,500","-220,250","62,917.408","-156,357.415","10,215.816","3,568,440.403","485,597.739","116,977.837","-135,141.832","211,390.171","624,740.859","3,129.876","-772,932.488","-362,169.554","-434,432.23","-329,333.075","-1,047,568.495","-160,895.573","-573,153.639","356,208.155","-129,933.949","21,862.069","-449,280.592","51,996.825","335,657.961","-244,642.093","97,214.726","35,828.141","191,016.758","144,494.204","173,263.584","-210,087.305","-126,018.466","-15,211.633","-668,605.891","-625,811.359","-550,598.103","-211,909.057","-35,254.492","-82,099.882","111,600.55","205,516.296","163,291.097","-94,841.275","469,699.802","6,709.37","-152,836.469","197,004.914","-115,922.298","-221,807.115","368,161.463","-1,454,376.806","3,409.559","-119,513.143","110,769.231","217,322.835","184,684.685","72,727.273","367,187.5","308,771.93","348,979.592","354,098.361","1,627,745.665","109,375","184,523.81","192,307.692","128,695.652","142,528.736","38,554.217","193,877.551","173,913.043","176,470.588","115,068.493","153,846.154","200,000","191,780.822","261,538.462","272,000","-121,428.571","597,142.857","409,090.909","189,473.684","-117,391.304","680,000","80,000","75,555.556","348,837.209","324,590.164","110,526.316","178,571.429","0","264,150.943","78,571.429","190,476.19"