name,ttm,03/31/2022,12/31/2021,09/30/2021,06/30/2021,03/31/2021,12/31/2020,09/30/2020,06/30/2020,03/31/2020,12/31/2019,09/30/2019,06/30/2019,03/31/2019,12/31/2018,09/30/2018,06/30/2018,03/31/2018,12/31/2017,09/30/2017,06/30/2017,03/31/2017,12/31/2016,09/30/2016,06/30/2016,03/31/2016,12/31/2015,09/30/2015,06/30/2015,03/31/2015,12/31/2014,09/30/2014,06/30/2014,03/31/2014,12/31/2013,09/30/2013,06/30/2013,03/31/2013,12/31/2012,09/30/2012,06/30/2012,03/31/2012,12/31/2011,09/30/2011,06/30/2011,03/31/2011,12/31/2010,09/30/2010,06/30/2010,03/31/2010,12/31/2009,09/30/2009,06/30/2009,03/31/2009,12/31/2008,09/30/2008,06/30/2008,03/31/2008,12/31/2007,09/30/2007,06/30/2007,03/31/2007,12/31/2006,09/30/2006,06/30/2006,03/31/2006,12/31/2005,09/30/2005,06/30/2005,03/31/2005,12/31/2004,09/30/2004,06/30/2004,03/31/2004,12/31/2003,09/30/2003,06/30/2003,03/31/2003,12/31/2002,09/30/2002,06/30/2002,03/31/2002,12/31/2001,09/30/2001,06/30/2001,03/31/2001,12/31/2000,09/30/2000,06/30/2000,03/31/2000,12/31/1999,09/30/1999,06/30/1999,03/31/1999,12/31/1998,09/30/1998,06/30/1998,03/31/1998,12/31/1997,09/30/1997,06/30/1997,03/31/1997,12/31/1996,09/30/1996,06/30/1996,03/31/1996,12/31/1995,09/30/1995,06/30/1995,03/31/1995,12/31/1994,09/30/1994,06/30/1994,03/31/1994,12/31/1993,09/30/1993,06/30/1993,03/31/1993
TotalRevenue,"505,967,000","127,098,000","126,240,000","130,306,000","122,323,000","120,696,000","123,193,000","124,721,000","123,317,000","106,445,000","100,061,000","98,509,000","96,988,000","91,397,000","92,299,000","93,946,000","90,686,000","87,539,000","81,055,000","81,732,000","80,221,000","76,376,000","76,141,000","76,780,000","75,944,000","74,910,000","75,502,000","74,797,000","68,311,000","65,049,000","65,010,000","64,169,000","62,178,000","61,870,000","60,742,000","60,842,000","55,084,000","51,089,000","47,397,000","54,618,000","52,020,000","51,555,000","50,977,000","52,221,000","50,070,000","50,169,000","49,024,000","46,840,000","46,028,000","43,756,000","44,606,235","45,461,615","44,240,456","43,459,547","44,041,052","43,689,862","43,475,668","42,141,723","41,643,143","39,730,227","40,217,784","37,493,340","38,017,332","37,891,076","37,496,646","37,129,239","34,753,909","34,143,000","34,263,553","36,207,302","31,679,373","31,148,057","29,605,411","30,286,538","27,577,963","27,967,992","29,016,308","27,706,444","28,300,787","28,022,251","27,364,050","26,325,127","25,714,670","25,391,498","24,494,582","23,620,696","24,131,388","23,804,438","23,691,821","23,441,216","23,300,000","23,000,000","22,700,000","22,400,000","25,700,000","21,100,000","20,800,000","20,400,000","22,100,000","18,100,000","17,600,000","17,200,000","16,800,000","16,700,000","16,400,000","16,300,000","14,200,000","13,900,000","15,700,000","13,500,000","13,100,000","13,000,000","12,700,000","12,800,000",,,,
	OperatingRevenue,"505,967,000","127,098,000","126,240,000","130,306,000","122,323,000","120,696,000","123,193,000","124,721,000","123,317,000","106,445,000","100,061,000","98,509,000","96,988,000","91,397,000","92,299,000","93,946,000","90,686,000","87,539,000","81,055,000","81,732,000","80,221,000","76,376,000","76,141,000","76,780,000","75,944,000","74,910,000","75,502,000","74,797,000","68,311,000","65,049,000","65,010,000","64,169,000","62,178,000","61,870,000","60,742,000","60,842,000","55,084,000","51,089,000","47,397,000","54,618,000","52,020,000","51,555,000","50,977,000","52,221,000","50,070,000","50,169,000","49,024,000","46,840,000","46,028,000","43,756,000","44,606,235","45,461,615","44,240,456","43,459,547","44,041,052","43,689,862","43,475,668","42,141,723","41,643,143","39,730,227","40,217,784","37,493,340","38,017,332","37,891,076","37,496,646","37,129,239","34,753,909","34,143,000","34,263,553","36,207,302","31,679,373","31,148,057","29,605,411","30,286,538","27,577,963","27,967,992","29,016,308","27,706,444","28,300,787","28,022,251","27,364,050","26,325,127","25,714,670","25,391,498","24,494,582","23,620,696","24,131,388","23,804,438","23,691,821","23,441,216","23,300,000","23,000,000","22,700,000","22,400,000","25,700,000","21,100,000","20,800,000","20,400,000","22,100,000","18,100,000","17,600,000","17,200,000","16,800,000","16,700,000","16,400,000","16,300,000","14,200,000","13,900,000","15,700,000","13,500,000","13,100,000","13,000,000","12,700,000","12,800,000",,,,
PretaxIncome,"270,311,000","66,313,000","65,975,000","70,569,000","67,454,000","67,972,000","70,574,000","63,192,000","64,133,000","44,466,000","49,781,000","51,947,000","50,687,000","45,619,000","45,036,000","47,525,000","44,850,000","40,764,000","37,661,000","38,569,000","36,755,000","34,204,000","34,275,000","33,043,000","35,175,000","33,435,000","32,762,000","33,907,000","33,387,000","31,763,000","29,915,000","31,274,000","27,963,000","29,440,000","28,216,000","25,683,000","25,910,000","24,759,000","24,425,000","26,628,000","24,516,000","23,791,000","23,499,000","24,547,000","22,258,000","21,881,000","20,772,000","20,146,000","19,104,000","18,408,000","16,566,008","18,737,749","18,294,860","18,751,383","17,825,843","18,540,613","19,025,790","18,411,863","17,536,326","17,272,608","18,733,075","16,136,156","16,638,199","16,147,049","16,266,862","16,285,014","14,963,372","15,100,000","15,078,848","17,255,454","14,136,185","13,803,620","12,799,080","14,218,986","11,746,535","12,830,608","13,270,310","12,083,392","12,245,020","12,468,331","12,176,898","11,692,307","10,789,007","10,804,299","10,488,846","10,099,428","10,420,267","10,448,918","10,348,771","9,760,687","9,400,000","9,400,000","9,400,000","8,900,000","9,800,000","8,400,000","8,300,000","8,100,000","8,000,000","7,600,000","7,400,000","7,200,000","7,000,000","7,000,000","6,700,000","6,700,000","6,100,000","6,100,000","7,300,000","5,400,000","5,200,000","5,000,000","4,700,000","4,500,000",,,,
TaxProvision,"43,695,000","10,341,000","10,638,000","11,641,000","11,075,000","11,054,000","12,098,000","10,335,000","10,663,000","7,234,000","8,393,000","8,867,000","8,594,000","7,367,000","6,600,000","7,475,000","7,217,000","6,245,000","1,517,000","9,195,000","8,500,000","7,605,000","7,609,000","7,440,000","8,366,000","7,739,000","7,570,000","8,021,000","8,080,000","7,766,000","7,328,000","7,843,000","6,758,000","7,104,000","6,977,000","6,121,000","6,420,000","6,182,000","6,107,000","6,828,000","6,165,000","6,035,000","6,032,000","6,460,000","5,738,000","5,586,000","5,257,000","5,213,000","4,906,000","4,691,000","4,024,682","4,751,641","4,728,865","5,047,811","4,786,851","5,179,134","5,423,608","5,250,231","5,030,212","5,021,823","5,462,779","4,673,746","4,929,173","4,742,288","4,818,760","4,817,687","4,382,392","4,338,000","4,474,882","5,179,455","4,078,205","3,950,793","3,631,567","4,126,068","3,226,270","3,716,483","4,049,492","3,633,803","3,693,538","3,768,124","3,655,140","3,513,651","3,258,140","3,271,428","3,201,825","3,095,678","3,191,450","3,236,767","3,220,204","3,014,174","2,800,000","2,900,000","2,900,000","2,800,000","3,100,000","2,700,000","2,700,000","2,700,000","2,600,000","2,600,000","2,500,000","2,400,000","2,400,000","2,400,000","2,300,000","2,300,000","2,100,000","2,100,000","2,500,000","1,800,000","1,700,000","1,700,000","1,500,000","1,400,000",,,,
NetIncomeCommonStockholders,"226,616,000","55,972,000","55,337,000","58,928,000","56,379,000","56,918,000","58,476,000","52,857,000","53,470,000","37,232,000","41,388,000","43,080,000","42,093,000","38,252,000","38,436,000","40,050,000","37,633,000","34,519,000","36,144,000","29,374,000","28,255,000","26,599,000","26,666,000","25,603,000","26,809,000","25,696,000","25,192,000","25,886,000","25,307,000","23,997,000","22,587,000","23,431,000","21,205,000","22,336,000","21,239,000","19,562,000","19,490,000","18,577,000","18,318,000","19,800,000","18,351,000","17,756,000","17,467,000","18,087,000","16,520,000","16,295,000","15,515,000","16,229,000","14,198,000","13,717,000","12,541,326","13,986,108","13,565,995","13,703,572","13,038,992","13,361,479","13,602,182","13,161,632","12,506,114","12,250,785","13,270,296","11,462,410","11,709,026","11,404,761","11,448,102","11,467,327","10,580,980","10,762,000","10,603,966","12,075,999","10,057,980","9,852,827","9,167,513","10,092,918","8,520,265","9,114,125","9,220,818","8,449,589","8,551,482","8,700,207","8,521,758","8,178,656","7,530,867","7,532,871","7,287,021","7,003,750","7,228,817","7,212,151","7,128,567","6,746,513","6,600,000","6,500,000","6,500,000","6,100,000","6,700,000","5,700,000","5,600,000","5,400,000","5,400,000","5,000,000","4,900,000","4,800,000","4,600,000","4,600,000","4,400,000","4,400,000","4,000,000","4,000,000","4,800,000","3,600,000","3,500,000","3,300,000","3,200,000","3,100,000","3,100,000","3,400,000","3,400,000","3,400,000"
	NetIncome,"226,616,000","55,972,000","55,337,000","58,928,000","56,379,000","56,918,000","58,476,000","52,857,000","53,470,000","37,232,000","41,388,000","43,080,000","42,093,000","38,252,000","38,436,000","40,050,000","37,633,000","34,519,000","36,144,000","29,374,000","28,255,000","26,599,000","26,666,000","25,603,000","26,809,000","25,696,000","25,192,000","25,886,000","25,307,000","23,997,000","22,587,000","23,431,000","21,205,000","22,336,000","21,239,000","19,562,000","19,490,000","18,577,000","18,318,000","19,800,000","18,351,000","17,756,000","17,467,000","18,087,000","16,520,000","16,295,000","15,515,000","16,229,000","14,198,000","13,717,000","12,541,326","13,986,108","13,565,995","13,703,572","13,038,992","13,361,479","13,602,182","13,161,632","12,506,114","12,250,785","13,270,296","11,462,410","11,709,026","11,404,761","11,448,102","11,467,327","10,580,980","10,762,000","10,603,966","12,075,999","10,057,980","9,852,827","9,167,513","10,092,918","8,520,265","9,114,125","9,220,818","8,449,589","8,551,482","8,700,207","8,521,758","8,178,656","7,530,867","7,532,871","7,287,021","7,003,750","7,228,817","7,212,151","7,128,567","6,746,513","6,600,000","6,500,000","6,500,000","6,100,000","6,700,000","5,700,000","5,600,000","5,400,000","5,400,000","5,000,000","4,900,000","4,800,000","4,600,000","4,600,000","4,400,000","4,400,000","4,000,000","4,000,000","4,800,000","3,600,000","3,500,000","3,300,000","3,200,000","3,100,000","3,100,000","3,400,000","3,400,000","3,400,000"
		NetIncomeIncludingNoncontrollingInterests,"226,616,000","55,972,000","55,337,000","58,928,000","56,379,000","56,918,000","58,476,000","52,857,000","53,470,000","37,232,000","41,388,000","43,080,000","42,093,000","38,252,000","38,436,000","40,050,000","37,633,000","34,519,000","36,144,000","29,374,000","28,255,000","26,599,000","26,666,000","25,603,000","26,809,000","25,696,000","25,192,000","25,886,000","25,307,000","23,997,000","22,587,000","23,431,000","21,205,000","22,336,000","21,239,000","19,562,000","19,490,000","18,577,000","18,318,000","19,800,000","18,351,000","17,756,000","17,467,000","18,087,000","16,520,000","16,295,000","15,515,000","16,229,000","14,198,000","13,717,000","12,541,326","13,986,108","13,565,995","13,703,572","13,038,992","13,361,479","13,602,182","13,161,632","12,506,114","12,250,785","13,270,296","11,462,410","11,709,026","11,404,761","11,448,102","11,467,327","10,580,980","10,762,000","10,603,966","12,075,999","10,057,980","9,852,827","9,167,513","10,092,918","8,520,265","9,114,125","9,220,818","8,449,589","8,551,482","8,700,207","8,521,758","8,178,656","7,530,867","7,532,871","7,287,021","7,003,750","7,228,817","7,212,151","7,128,567","6,746,513","6,600,000","6,500,000","6,500,000","6,100,000","6,700,000","5,700,000","5,600,000","5,400,000","5,400,000","5,000,000","4,900,000","4,800,000","4,600,000","4,600,000","4,400,000","4,400,000","4,000,000","4,000,000","4,800,000","3,600,000","3,500,000","3,300,000","3,200,000","3,100,000","3,100,000","3,400,000","3,400,000","3,400,000"
			NetIncomeContinuousOperations,"226,616,000","55,972,000","55,337,000","58,928,000","56,379,000","56,918,000","58,476,000","52,857,000","53,470,000","37,232,000","41,388,000","43,080,000","42,093,000","38,252,000","38,436,000","40,050,000","37,633,000","34,519,000","36,144,000","29,374,000","28,255,000","26,599,000","26,666,000","25,603,000","26,809,000","25,696,000","25,192,000","25,886,000","25,307,000","23,997,000","22,587,000","23,431,000","21,205,000","22,336,000","21,239,000","19,562,000","19,490,000","18,577,000","18,318,000","19,800,000","18,351,000","17,756,000","17,467,000","18,087,000","16,520,000","16,295,000","15,515,000","14,933,000","14,198,000","13,717,000","12,541,326","13,986,108","13,565,995","13,703,572","13,038,992","13,361,479","13,602,182","13,161,632","12,506,114","12,250,785","13,270,296","11,462,410","11,709,026","11,404,761","11,448,102","11,467,327","10,580,980","10,762,000","10,603,966","12,075,999","10,057,980","9,852,827","9,167,513","10,092,918","8,520,265","9,114,125","9,220,818","8,449,589","8,551,482","8,700,207","8,521,758","8,178,656","7,530,867","7,532,871","7,287,021","7,003,750","7,228,817","7,212,151","7,128,567","6,746,513","6,600,000","6,500,000","6,500,000","6,100,000","6,700,000","5,700,000","5,600,000","5,400,000","5,400,000","5,000,000","4,900,000","4,800,000","4,600,000","4,600,000","4,400,000","4,400,000","4,000,000","4,000,000","4,800,000","3,600,000","3,500,000","3,300,000","3,200,000","3,100,000","3,000,000","3,000,000","3,000,000","3,000,000"
			NetIncomeDiscontinuousOperations,,,,,,,,,,,,,,,,,,,,,,,,,,,,,,,,,,,,,,,,,,,"0","0",,,,,,,,,,,,,,,,,,,,,,,,,,,,,,,,,,,,,,,,,,,,,,,,,,,,,,,,,,,,,,,,,,,,,,,,,,
			NetIncomeExtraordinary,,,,,,,,,,,,,,,,,,,,,,,,,,,,,,,,,,,,,,,,,,,,"0",,,"0","1,296,000",,,,,,,,,,,,,,,,,,,,,,,,,,,,,,,,,,,,,,,,,,,,,,,,,,,,,,,,,,,,,,,,,,,"100,000","400,000","400,000","400,000"
			NetIncomeFromTaxLossCarryforward,,,,,,,,,,,,,,,"0","0","0","0","7,650,000",,,,,,,,,,,,,,,,,,,,,,,,,,,,,,,,,,,,,,,,,,,,,,,,,,,,,,,,,,,,,,,,,,,,,,,,,,,,,,,,,,,,,,,,,,,,,,,,,,,
DilutedNIAvailtoComStockholders,"226,616,000","55,972,000","55,337,000","58,928,000","56,379,000","56,918,000","58,476,000","52,857,000","53,470,000","37,232,000","41,388,000","43,080,000","42,093,000","38,252,000","38,436,000","40,050,000","37,633,000","34,519,000","36,144,000","29,374,000","28,255,000","26,599,000","26,666,000","25,603,000","26,809,000","25,696,000","25,192,000","25,886,000","25,307,000","23,997,000","22,587,000","23,431,000","21,205,000","22,336,000","21,239,000","19,562,000","19,490,000","18,577,000","18,318,000","19,800,000","18,351,000","17,756,000","17,467,000","18,087,000","16,520,000","16,295,000","15,515,000","16,229,000","14,198,000","13,717,000","12,541,326","13,986,108","13,565,995","13,703,572","13,038,992","13,361,479","13,602,182","13,161,632","12,506,114","12,250,785","13,270,296","11,462,410","11,709,026","11,404,761","11,448,102","11,467,327","10,580,980","10,762,000","10,603,966","12,075,999","10,057,980","9,852,827","9,167,513","10,092,918","8,520,265","9,114,125","9,220,818","8,449,589","8,551,482","8,700,207","8,521,758","8,178,656","7,530,867","7,532,871","7,287,021","7,003,750","7,228,817","7,212,151","7,128,567","6,746,513","6,600,000","6,500,000","6,500,000","6,100,000","6,700,000","5,700,000","5,600,000","5,400,000","5,400,000","5,000,000","4,900,000","4,800,000","4,600,000","4,600,000","4,400,000","4,400,000","4,000,000","4,000,000","4,800,000","3,600,000","3,500,000","3,300,000","3,200,000","3,100,000","3,100,000","3,400,000","3,400,000","3,400,000"
BasicEPS,,"0.39","0.39","0.41","0.4","0.4","0.41","0.37","0.38","0.26","0.3","0.32","0.31","0.28","0.285","0.295","0.28","0.255","0.275","0.22","0.215","0.2","0.2","0.195","0.205","0.195","0.19","0.2","0.195","0.185","0.175","0.185","0.165","0.175",,"0.153","0.155","0.148","0.145","0.158","0.145","0.14",,"0.145","0.133","0.13",,"0.13","0.113","0.11",,"0.112","0.108","0.11",,"0.107","0.108","0.105",,"0.098","0.107","0.092",,"0.092","0.092","0.092",,"0.087","0.085","0.073",,"0.08","0.074","0.081",,"0.074","0.075","0.055",,"0.07","0.069","0.066",,"0.061","0.059","0.057",,"0.058","0.057","0.054",,"0.025","0.025","0.024",,"0.021","0.021","0.02",,"0.019","0.019","0.015",,"0.014","0.013","0.011",,"0.01","0.013","0.009",,"0.009","0.008","0.006",,"0.007","0.007","0.007"
DilutedEPS,,"0.39","0.39","0.41","0.39","0.4","0.41","0.37","0.38","0.26","0.3","0.32","0.31","0.28","0.28","0.295","0.275","0.255","0.27","0.22","0.215","0.2","0.2","0.195","0.205","0.195","0.19","0.2","0.195","0.185","0.175","0.18","0.165","0.175",,"0.153","0.153","0.148","0.145","0.158","0.145","0.14",,"0.143","0.13","0.13",,"0.13","0.113","0.11",,"0.112","0.108","0.11",,"0.107","0.108","0.105",,"0.098","0.107","0.092",,"0.092","0.092","0.092",,"0.087","0.085","0.073",,"0.079","0.074","0.081",,"0.074","0.074","0.054",,"0.07","0.069","0.066",,"0.061","0.059","0.057",,"0.058","0.057","0.054",,"0.025","0.025","0.024",,"0.021","0.02","0.02",,"0.019","0.019","0.015",,"0.014","0.013","0.011",,"0.01","0.013","0.009",,"0.009","0.008","0.006",,"0.007","0.007","0.007"
BasicAverageShares,,"142,558,743","142,437,804","142,334,449","142,245,555","142,146,275","142,057,705","141,980,707","141,973,522","142,118,864","135,747,381","135,693,901","135,650,599","135,494,254","135,352,408","135,270,116","135,194,550","135,054,020","132,383,990","132,281,036","132,200,178","132,146,798","132,074,894","132,046,138","132,033,124","131,949,118","131,880,254","130,670,914","128,296,712","128,245,930","128,150,668","128,077,052","128,090,564","128,020,152",,"127,881,620","126,733,420","126,031,900","125,961,608","125,937,500","125,915,920","125,866,824",,"125,806,748","125,771,912","125,702,334",,"125,099,412","125,086,410","125,009,832",,"124,916,388","124,854,366","124,810,086",,"125,263,866","125,558,603","125,348,876",,"124,584,254","124,409,025","125,044,473",,"124,415,575","124,888,385","124,292,904",,"124,176,923","124,752,541","123,298,789",,"123,157,258","124,302,153","124,217,424",,"123,578,266","122,941,166","153,625,050",,"124,285,564","123,500,652","123,915,932",,"123,486,601","123,505,743","123,302,375",,"123,492,649","125,499,803","124,013,683",,"124,584,385","124,534,386","124,459,388",,"119,110,109","119,110,109","119,097,611",,"115,785,525","115,748,029","115,635,537",,"115,223,099","115,035,622","114,923,150",,"107,599,998","107,599,998","107,575,002",,"107,312,502","107,025,000","106,687,506",,"458,365,015","463,954,832","463,954,832"
DilutedAverageShares,,"143,302,063","143,251,521","143,218,920","143,164,611","143,002,658","142,644,088","142,529,242","142,454,083","142,735,208","136,539,286","136,369,328","136,218,235","136,286,862","136,191,224","136,107,448","135,848,336","135,599,090","132,857,742","132,834,562","132,689,886","132,726,444","132,614,238","132,294,404","132,276,550","132,237,996","132,210,196","131,003,394","128,709,440","128,597,792","128,633,630","128,605,230","128,602,612","128,424,036",,"128,487,084","127,239,360","126,405,456","126,123,628","126,008,688","125,988,964","125,918,972",,"125,924,368","125,870,468","125,778,342",,"125,126,934","125,214,828","125,206,668",,"125,067,402","124,985,790","125,087,802",,"125,263,866","125,558,603","125,348,876",,"124,584,254","124,409,025","125,044,473",,"124,415,575","124,888,385","124,641,696",,"124,176,923","124,752,541","123,298,789",,"125,112,136","124,302,153","124,217,424",,"123,578,266","125,024,915","156,469,959",,"124,285,564","123,500,652","123,915,932",,"123,486,601","123,505,743","123,302,375",,"125,207,825","125,499,803","124,013,683",,"124,584,385","124,534,386","124,459,388",,"119,110,109","119,110,109","119,097,611",,"115,785,525","115,748,029","115,635,537",,"115,223,099","115,035,622","114,923,150",,"107,599,998","107,599,998","107,575,002",,"107,312,502","107,025,000","106,687,506",,"458,365,015","463,954,832","463,954,832"
NetIncomeFromContinuingAndDiscontinuedOperation,"226,616,000","55,972,000","55,337,000","58,928,000","56,379,000","56,918,000","58,476,000","52,857,000","53,470,000","37,232,000","41,388,000","43,080,000","42,093,000","38,252,000","38,436,000","40,050,000","37,633,000","34,519,000","36,144,000","29,374,000","28,255,000","26,599,000","26,666,000","25,603,000","26,809,000","25,696,000","25,192,000","25,886,000","25,307,000","23,997,000","22,587,000","23,431,000","21,205,000","22,336,000","21,239,000","19,562,000","19,490,000","18,577,000","18,318,000","19,800,000","18,351,000","17,756,000","17,467,000","18,087,000","16,520,000","16,295,000","15,515,000","14,933,000","14,198,000","13,717,000","12,541,326","13,986,108","13,565,995","13,703,572","13,038,992","13,361,479","13,602,182","13,161,632","12,506,114","12,250,785","13,270,296","11,462,410","11,709,026","11,404,761","11,448,102","11,467,327","10,580,980","10,762,000","10,603,966","12,075,999","10,057,980","9,852,827","9,167,513","10,092,918","8,520,265","9,114,125","9,220,818","8,449,589","8,551,482","8,700,207","8,521,758","8,178,656","7,530,867","7,532,871","7,287,021","7,003,750","7,228,817","7,212,151","7,128,567","6,746,513","6,600,000","6,500,000","6,500,000","6,100,000","6,700,000","5,700,000","5,600,000","5,400,000","5,400,000","5,000,000","4,900,000","4,800,000","4,600,000","4,600,000","4,400,000","4,400,000","4,000,000","4,000,000","4,800,000","3,600,000","3,500,000","3,300,000","3,200,000","3,100,000","3,000,000","3,000,000","3,000,000","3,000,000"
NormalizedIncome,"225,547,938.456","55,065,436.6","55,249,769.261","58,910,465","56,316,315","56,750,520","58,385,685.096","52,842,779.5","53,446,656.4","37,134,035.9","41,255,807.155","42,826,234.2","42,044,006.4","38,194,143.5","38,504,276.046","40,030,617.9","37,617,057.1","34,512,225.6","36,329,225.884","29,393,801.6","28,464,086.4","26,564,003.5","26,658,219.985","25,740,914.4","26,653,511.2","25,243,353.5","25,408,072.035","25,873,022.2","25,347,174","23,970,557.5","22,515,271.269","23,225,719.2","21,135,994.7","21,990,791.5","21,017,697.689","19,534,578.8","19,476,464","18,688,000","18,041,261.331","19,878,819.288","18,653,406.755","17,751,522.004","17,585,186.008","18,073,737.035","17,344,589.81","16,341,916.731","15,459,727.999","14,700,992.207","14,154,151.487","13,708,803.183","12,814,706.486","14,081,369.764","13,492,238.282","13,819,571.672","14,291,512.833","13,359,558.441","12,589,483.153","12,884,752.436","12,436,847.42","12,225,147.347","12,125,617.303","11,337,891.754","11,686,036.808","11,272,950.841","11,103,373.761","11,466,574.952","10,504,539.747","10,407,780.53","9,997,238.488","9,066,121.271","10,000,071.952","9,755,450.923","8,710,687.344","8,739,836.756","8,467,724.066","8,602,591.093","8,104,812.405","8,449,589","8,551,482","8,700,207","8,521,758","8,178,656","7,530,867","7,532,871","7,287,021","7,003,750","7,228,817","7,212,151","7,128,567","6,746,513","6,600,000","6,500,000","6,500,000","6,100,000","6,700,000","5,700,000","5,600,000","5,400,000","5,400,000","5,000,000","4,900,000","4,800,000","4,600,000","4,600,000","4,400,000","4,400,000","4,000,000","4,000,000","3,484,931.507","3,600,000","3,500,000","3,300,000","3,200,000","3,100,000","3,000,000","3,000,000","3,000,000","3,000,000"
InterestIncome,"386,744,000","97,292,000","97,202,000","98,944,000","93,306,000","90,992,000","92,692,000","91,575,000","92,351,000","88,365,000","82,400,000","81,166,000","80,479,000","77,239,000","76,812,000","74,248,000","72,367,000","69,201,000","63,688,000","62,959,000","61,519,000","58,937,000","58,121,000","58,802,000","58,510,000","58,968,000","59,263,000","57,486,000","53,747,000","52,177,000","51,285,000","50,005,000","49,361,000","48,490,000","48,232,000","46,655,000","42,514,000","39,813,000","40,119,000","40,287,000","39,911,000","39,797,000","39,889,000","40,164,000","40,241,000","39,727,000","39,041,000","37,259,000","37,054,000","36,345,000","36,417,413","36,597,328","36,468,122","36,962,137","39,238,995","39,217,748","38,951,032","41,746,255","43,481,929","42,555,633","42,259,250","41,072,151","40,564,169","39,388,193","38,140,680","36,400,904","33,811,050","31,305,000","30,294,148","28,533,992","26,662,233","25,390,757","23,827,514","24,010,808","23,728,987","23,209,264","23,989,717","24,589,326","25,698,608","26,316,419","26,414,277","26,472,688","27,813,996","29,500,045","29,212,294","29,946,512","30,675,144","29,848,356","29,167,553","28,258,863","28,100,000","27,700,000","27,100,000","27,000,000","32,200,000","26,700,000","26,600,000","26,400,000","29,200,000","22,800,000","22,200,000","21,700,000","21,500,000","21,000,000","20,700,000","21,000,000","18,400,000","18,100,000","17,500,000","16,700,000","16,100,000","15,500,000","15,200,000","14,900,000",,,,
InterestExpense,"5,826,000","1,570,000","1,187,000","1,416,000","1,653,000","1,786,000","1,920,000","2,163,000","2,962,000","7,198,000","6,801,000","7,953,000","7,961,000","7,387,000","6,207,000","4,623,000","4,467,000","3,633,000","2,562,000","2,866,000","2,097,000","1,763,000","1,443,000","1,366,000","1,330,000","1,312,000","1,046,000","1,065,000","1,008,000","970,000","1,038,000","1,069,000","1,037,000","1,036,000","1,074,000","1,164,000","946,000","904,000","1,049,000","1,168,000","1,355,000","1,540,000","1,704,000","1,854,000","2,065,000","2,400,000","2,887,000","3,345,000","3,596,000","3,699,000","3,872,925","4,015,007","4,347,364","5,038,704","6,592,899","7,818,520","8,930,761","11,916,670","14,228,926","14,816,094","15,013,029","14,499,290","13,594,205","12,685,119","11,598,435","10,749,924","9,023,166","7,488,000","6,569,134","5,677,221","4,699,430","4,093,584","3,575,239","3,626,983","3,828,855","4,097,659","4,482,133","4,718,339","5,243,531","5,818,001","6,245,703","7,072,466","9,070,490","10,957,965","11,778,939","13,026,617","13,312,343","12,493,757","11,738,165","11,284,100","11,000,000","10,800,000","10,600,000","10,700,000","13,100,000","11,000,000","11,000,000","11,200,000","12,300,000","9,400,000","9,000,000","8,800,000","8,700,000","8,400,000","8,300,000","8,400,000","7,400,000","7,300,000","6,900,000","6,200,000","5,900,000","5,400,000","5,200,000","5,000,000",,,,
NetInterestIncome,"380,918,000","95,722,000","96,015,000","97,528,000","91,653,000","89,206,000","90,772,000","89,412,000","89,389,000","81,167,000","75,599,000","73,213,000","72,518,000","69,852,000","70,605,000","69,625,000","67,900,000","65,568,000","61,126,000","60,093,000","59,422,000","57,174,000","56,678,000","57,436,000","57,180,000","57,656,000","58,217,000","56,421,000","52,739,000","51,207,000","50,247,000","48,936,000","48,324,000","47,454,000","47,158,000","45,491,000","41,568,000","38,909,000","39,070,000","39,119,000","38,556,000","38,257,000","38,185,000","38,310,000","38,176,000","37,327,000","36,154,000","33,914,000","33,458,000","32,646,000","32,544,488","32,582,321","32,120,758","31,923,433","32,646,096","31,399,228","30,020,271","29,829,585","29,253,003","27,739,539","27,246,221","26,572,861","26,969,964","26,703,074","26,542,245","25,650,980","24,787,884","23,817,000","23,725,014","22,856,771","21,962,803","21,297,173","20,252,275","20,383,825","19,900,132","19,111,605","19,507,584","19,870,987","20,455,077","20,498,418","20,168,574","19,400,222","18,743,506","18,542,080","17,433,355","16,919,895","17,362,801","17,354,599","17,429,388","16,974,763","17,100,000","16,900,000","16,500,000","16,300,000","19,100,000","15,700,000","15,600,000","15,200,000","16,900,000","13,400,000","13,200,000","12,900,000","12,800,000","12,600,000","12,400,000","12,600,000","11,000,000","10,800,000","10,600,000","10,500,000","10,200,000","10,100,000","10,000,000","9,900,000",,,,
ReconciledDepreciation,"13,121,000","3,231,000","3,315,000","3,339,000","3,236,000","3,171,000","3,300,000","3,558,000","2,848,000","3,087,000","2,935,000","2,784,000","2,964,000","2,982,000","2,995,000","3,121,000","3,255,000","3,178,000","3,469,000","3,238,000","3,304,000","2,905,000","2,946,000","2,940,000","2,882,000","2,805,000","3,076,000","2,995,000","2,601,000","2,473,000","3,018,000","1,671,000","2,257,000","2,316,000","2,262,000","2,255,000","2,114,000","2,007,000","2,012,000","1,995,000","2,026,000","1,887,000","1,891,000","1,861,000","1,810,000","1,790,000","1,827,000","1,749,000","1,749,000","1,777,000","1,903,585","1,944,559","1,942,113","1,955,743","2,028,492","1,844,202","2,176,715","1,964,275","1,797,925","1,822,023","1,764,660","1,797,150","1,902,004","1,948,731","2,511,437","1,808,386","2,352,785","2,409,358","2,360,742","2,237,900","-1,403,009","2,052,138","2,362,614","2,009,704","2,326,489","2,438,551","2,546,468","2,154,999","-678,704","2,692,481","1,885,065","2,304,171","466,745","2,032,959","1,500,251","1,679,127","1,210,748","1,823,536","1,918,224","1,908,840","2,100,000","2,300,000","2,300,000","2,100,000","2,600,000","1,800,000","2,300,000","1,800,000","1,900,000","1,200,000","1,000,000","1,500,000","1,300,000","1,700,000","1,300,000","1,700,000","1,200,000","1,300,000","1,200,000","1,600,000","2,800,000","1,900,000","1,900,000","1,700,000",,,,
NetIncomeFromContinuingOperationNetMinorityInterest,"226,616,000","55,972,000","55,337,000","58,928,000","56,379,000","56,918,000","58,476,000","52,857,000","53,470,000","37,232,000","41,388,000","43,080,000","42,093,000","38,252,000","38,436,000","40,050,000","37,633,000","34,519,000","36,144,000","29,374,000","28,255,000","26,599,000","26,666,000","25,603,000","26,809,000","25,696,000","25,192,000","25,886,000","25,307,000","23,997,000","22,587,000","23,431,000","21,205,000","22,336,000","21,239,000","19,562,000","19,490,000","18,577,000","18,318,000","19,800,000","18,351,000","17,756,000","17,467,000","18,087,000","16,520,000","16,295,000","15,515,000","14,933,000","14,198,000","13,717,000","12,541,326","13,986,108","13,565,995","13,703,572","13,038,992","13,361,479","13,602,182","13,161,632","12,506,114","12,250,785","13,270,296","11,462,410","11,709,026","11,404,761","11,448,102","11,467,327","10,580,980","10,762,000","10,603,966","12,075,999","10,057,980","9,852,827","9,167,513","10,092,918","8,520,265","9,114,125","9,220,818","8,449,589","8,551,482","8,700,207","8,521,758","8,178,656","7,530,867","7,532,871","7,287,021","7,003,750","7,228,817","7,212,151","7,128,567","6,746,513","6,600,000","6,500,000","6,500,000","6,100,000","6,700,000","5,700,000","5,600,000","5,400,000","5,400,000","5,000,000","4,900,000","4,800,000","4,600,000","4,600,000","4,400,000","4,400,000","4,000,000","4,000,000","4,800,000","3,600,000","3,500,000","3,300,000","3,200,000","3,100,000","3,000,000","3,000,000","3,000,000","3,000,000"
TotalUnusualItemsExcludingGoodwill,"1,274,000","1,074,000","104,000","21,000","75,000","200,000","109,000","17,000","28,000","117,000","159,000","306,000","59,000","69,000","-80,000","23,000","19,000","8,000","-193,000","-26,000","-272,000","45,000","10,000","-178,000","204,000","589,000","-281,000","17,000","-53,000","35,000","95,000","274,000","91,000","455,000","294,000","36,000","18,000","-148,000","369,000","-106,000","-404,000","6,000","-159,000","18,000","-1,111,000","-63,000","74,000","313,000","59,000","11,000","-361,112","-127,626","99,467","-158,729","-1,712,344","2,665","1,416,493","387,328","97,127","36,147","1,615,891","175,290","32,667","186,619","489,832","1,068","108,100","497,000","862,767","4,300,829","81,388","136,422","637,790","1,906,232","72,436","720,123","1,606,120",,,,,,,,,,,,,,,,,,,,,,,,,,,,,,,,"2,000,000",,,,,,,,,
TotalUnusualItems,"1,274,000","1,074,000","104,000","21,000","75,000","200,000","109,000","17,000","28,000","117,000","159,000","306,000","59,000","69,000","-80,000","23,000","19,000","8,000","-193,000","-26,000","-272,000","45,000","10,000","-178,000","204,000","589,000","-281,000","17,000","-53,000","35,000","95,000","274,000","91,000","455,000","294,000","36,000","18,000","-148,000","369,000","-106,000","-404,000","6,000","-159,000","18,000","-1,111,000","-63,000","74,000","313,000","59,000","11,000","-361,112","-127,626","99,467","-158,729","-1,712,344","2,665","1,416,493","387,328","97,127","36,147","1,615,891","175,290","32,667","186,619","489,832","1,068","108,100","497,000","862,767","4,300,829","81,388","136,422","637,790","1,906,232","72,436","720,123","1,606,120",,,,,,,,,,,,,,,,,,,,,,,,,,,,,,,,"2,000,000",,,,,,,,,
TaxRateForCalcs,"0.162","0.156","0.161","0.165","0.164","0.163","0.171","0.164","0.166","0.163","0.169","0.171","0.17","0.162","0.147","0.157","0.161","0.153","0.04","0.238","0.231","0.222","0.222","0.225","0.238","0.232","0.231","0.237","0.242","0.245","0.245","0.251","0.242","0.241","0.247","0.238","0.248","0.25","0.25","0.256","0.251","0.254","0.257","0.263","0.258","0.255","0.253","0.259","0.257","0.255","0.243","0.254","0.258","0.269","0.269","0.279","0.285","0.285","0.287","0.291","0.292","0.29","0.296","0.294","0.296","0.296","0.293","0.287","0.297","0.3","0.288","0.286","0.284","0.29","0.275","0.29","0.305","0.301","0.302","0.302","0.3","0.301","0.302","0.303","0.305","0.307","0.306","0.31","0.311","0.309","0.298","0.309","0.309","0.315","0.316","0.321","0.325","0.333","0.325","0.342","0.338","0.333","0.343","0.343","0.343","0.343","0.344","0.344","0.342","0.333","0.327","0.34","0.319","0.311","0.4","0.4","0.4","0.4"
TaxEffectOfUnusualItems,"205,938.456","167,436.6","16,769.261","3,465","12,315","32,520","18,685.096","2,779.5","4,656.4","19,035.9","26,807.155","52,234.2","10,006.4","11,143.5","-11,723.954","3,617.9","3,057.1","1,225.6","-7,774.116","-6,198.4","-62,913.6","10,003.5","2,219.985","-40,085.6","48,511.2","136,353.5","-64,927.965","4,022.2","-12,826","8,557.5","23,271.269","68,719.2","21,994.7","109,791.5","72,697.689","8,578.8","4,464","-37,000","92,261.331","-27,180.712","-101,593.245","1,522.004","-40,813.992","4,737.035","-286,410.19","-16,083.269","18,727.999","80,992.207","15,151.487","2,803.183","-87,731.514","-32,364.236","25,710.282","-42,729.328","-459,823.167","744.441","403,794.153","110,448.436","27,860.42","10,509.347","471,212.303","50,771.754","9,677.808","54,808.841","145,103.761","315.952","31,659.747","142,780.53","256,039.488","1,290,951.271","23,479.952","39,045.923","180,964.344","553,150.756","19,895.066","208,589.093","490,114.405","0","0","0","0","0","0","0","0","0","0","0","0","0","0","0","0","0","0","0","0","0","0","0","0","0","0","0","0","0","0","0","684,931.507","0","0","0","0","0","0","0","0","0"