name,ttm,04/30/2022,01/31/2022,10/31/2021,07/31/2021,04/30/2021,01/31/2021,10/31/2020,07/31/2020,04/30/2020,01/31/2020,10/31/2019,07/31/2019,04/30/2019,01/31/2019,10/31/2018,07/31/2018,04/30/2018,01/31/2018,10/31/2017,07/31/2017,04/30/2017,01/31/2017,10/31/2016,07/31/2016,04/30/2016,01/31/2016,10/31/2015,07/31/2015,04/30/2015,01/31/2015,10/31/2014,07/31/2014,04/30/2014,01/31/2014,10/31/2013,07/31/2013,04/30/2013,01/31/2013,10/31/2012,07/31/2012,04/30/2012,01/31/2012,10/31/2011,07/31/2011,04/30/2011,01/31/2011,10/31/2010,07/31/2010,04/30/2010,01/31/2010,10/31/2009,07/31/2009,04/30/2009,01/31/2009,10/31/2008,07/31/2008,04/30/2008,01/31/2008,10/31/2007,07/31/2007,04/30/2007,01/31/2007,10/31/2006,07/31/2006,04/30/2006,01/31/2006,10/31/2005,07/31/2005,04/30/2005,01/31/2005,10/31/2004,07/31/2004,04/30/2004,01/31/2004,10/31/2003,07/31/2003,04/30/2003,01/31/2003,10/31/2002,07/31/2002,04/30/2002,01/31/2002,10/31/2001,07/31/2001,04/30/2001,01/31/2001,10/31/2000,07/31/2000,04/30/2000,01/31/2000,10/31/1999,07/31/1999,04/30/1999,01/31/1999,10/31/1998,07/31/1998,04/30/1998,01/31/1998,10/31/1997,07/31/1997,04/30/1997,01/31/1997,10/31/1996,07/31/1996,04/30/1996,01/31/1996,10/31/1995,07/31/1995,04/30/1995,01/31/1995,10/31/1994,07/31/1994,04/30/1994,01/31/1994,10/31/1993,07/31/1993,04/30/1993,01/31/1993,10/31/1992,07/31/1992,04/30/1992,01/31/1992,10/31/1991,07/31/1991,04/30/1991,01/31/1991,10/31/1990,07/31/1990,04/30/1990,01/31/1990,10/31/1989,07/31/1989,04/30/1989,01/31/1989,10/31/1988,07/31/1988,04/30/1988,01/31/1988,10/31/1987,07/31/1987,04/30/1987,01/31/1987,10/31/1986,07/31/1986,04/30/1986,01/31/1986,10/31/1985
TotalRevenue,"8,980,000,000","2,175,000,000","2,341,000,000","2,189,000,000","2,275,000,000","2,153,000,000","2,189,000,000","2,106,000,000","2,077,000,000","1,176,000,000","2,221,000,000","1,932,000,000","1,774,000,000","2,078,000,000","2,272,000,000","1,860,000,000","1,782,000,000","2,025,000,000","2,210,000,000","1,870,000,000","1,701,000,000","2,001,000,000","2,113,000,000","1,886,000,000","1,780,000,000","1,987,000,000","2,007,000,000","1,794,000,000","1,695,000,000","1,916,000,000","1,911,000,000","1,731,000,000","1,641,000,000","1,868,000,000","1,791,000,000","1,622,000,000","1,454,000,000","1,638,000,000","1,713,000,000","1,524,000,000","1,367,000,000","1,578,000,000","1,502,000,000","1,394,000,000","1,275,000,000","1,452,000,000","1,392,000,000","1,280,000,000","1,096,000,000","1,281,000,000","1,325,000,000","1,214,000,000","1,099,000,000","1,216,000,000","1,317,000,000","1,309,000,000","1,302,000,000","1,309,000,000","1,482,000,000","1,356,000,000","1,283,000,000","1,316,000,000","1,652,000,000","1,430,000,000","1,303,000,000","1,365,000,000","1,564,000,000","1,408,000,000","1,304,000,000","1,377,000,000","1,535,000,000","1,366,000,000","1,268,000,000","1,186,000,000","1,334,000,000","1,194,000,000","1,123,000,000","1,128,000,000","1,214,000,000","1,120,000,000","1,085,000,000","1,090,000,000","1,155,000,000","1,104,000,000","1,048,000,000","1,072,000,000","1,047,000,000","1,160,000,000","1,041,000,000","1,108,000,000","1,327,000,000","1,178,000,000","1,063,000,000","1,079,000,000","1,332,000,000","1,122,000,000","1,465,000,000","1,466,000,000","2,002,000,000","1,583,000,000","1,500,000,000","1,768,000,000","2,368,000,000","2,048,000,000","1,856,000,000","1,820,000,000","2,437,000,000","2,071,000,000","1,922,000,000","1,794,000,000","2,560,000,000","2,097,000,000","1,876,000,000","1,760,000,000","2,816,000,000","2,387,000,000","2,288,000,000","2,135,000,000","3,135,000,000","2,501,000,000","2,230,000,000","2,096,000,000","3,136,000,000","2,423,000,000","2,228,000,000","2,127,000,000","3,064,000,000","2,469,000,000","2,191,000,000","2,065,000,000","2,795,000,000","2,165,000,000","1,983,000,000","1,877,000,000","2,546,000,000","1,974,000,000","1,847,000,000","1,721,000,000","1,783,500,000","1,783,500,000","1,783,500,000","1,783,500,000","2,020,000,000","1,601,000,000","1,515,000,000","1,365,000,000","1,852,000,000","1,470,000,000"
	OperatingRevenue,"8,980,000,000","2,175,000,000","2,341,000,000","2,189,000,000","2,275,000,000","2,153,000,000","2,189,000,000","2,106,000,000","2,077,000,000","1,176,000,000","2,221,000,000","1,932,000,000","1,774,000,000","2,078,000,000","2,272,000,000","1,860,000,000","1,782,000,000","2,025,000,000","2,210,000,000","1,870,000,000","1,701,000,000","2,001,000,000","2,113,000,000","1,886,000,000","1,780,000,000","1,987,000,000","2,007,000,000","1,794,000,000","1,695,000,000","1,916,000,000","1,911,000,000","1,731,000,000","1,641,000,000","1,868,000,000","1,791,000,000","1,622,000,000","1,454,000,000","1,638,000,000","1,713,000,000","1,524,000,000","1,367,000,000","1,578,000,000","1,502,000,000","1,394,000,000","1,275,000,000","1,452,000,000","1,392,000,000","1,280,000,000","1,096,000,000","1,281,000,000","1,325,000,000","1,214,000,000","1,099,000,000","1,216,000,000","1,317,000,000","1,309,000,000","1,302,000,000","1,309,000,000","1,482,000,000","1,356,000,000","1,283,000,000","1,316,000,000","1,652,000,000","1,430,000,000","1,303,000,000","1,365,000,000","1,564,000,000","1,408,000,000","1,304,000,000","1,377,000,000","1,535,000,000","1,366,000,000","1,268,000,000","1,186,000,000","1,334,000,000","1,194,000,000","1,123,000,000","1,128,000,000","1,214,000,000","1,120,000,000","1,085,000,000","1,090,000,000","1,155,000,000","1,104,000,000","1,048,000,000","1,072,000,000","1,047,000,000","1,160,000,000","1,041,000,000","1,108,000,000","1,327,000,000","1,178,000,000","1,063,000,000","1,079,000,000","1,332,000,000","1,122,000,000","1,465,000,000","1,466,000,000","2,002,000,000","1,583,000,000","1,500,000,000","1,768,000,000","2,368,000,000","2,048,000,000","1,856,000,000","1,820,000,000","2,437,000,000","2,071,000,000","1,922,000,000","1,794,000,000","2,560,000,000","2,097,000,000","1,876,000,000","1,760,000,000","2,816,000,000","2,387,000,000","2,288,000,000","2,135,000,000","3,135,000,000","2,501,000,000","2,230,000,000","2,096,000,000","3,136,000,000","2,423,000,000","2,228,000,000","2,127,000,000","3,064,000,000","2,469,000,000","2,191,000,000","2,065,000,000","2,795,000,000","2,165,000,000","1,983,000,000","1,877,000,000","2,546,000,000","1,974,000,000","1,847,000,000","1,721,000,000","1,783,500,000","1,783,500,000","1,783,500,000","1,783,500,000","2,020,000,000","1,601,000,000","1,515,000,000","1,365,000,000","1,852,000,000","1,470,000,000"
CostOfRevenue,"5,909,000,000","1,435,000,000","1,568,000,000","1,429,000,000","1,477,000,000","1,404,000,000","1,465,000,000","1,456,000,000","1,539,000,000","905,000,000","1,521,000,000","1,312,000,000","1,240,000,000","1,389,000,000","1,537,000,000","1,272,000,000","1,243,000,000","1,359,000,000","1,517,000,000","1,290,000,000","1,198,000,000","1,321,000,000","1,400,000,000","1,246,000,000","1,193,000,000","1,291,000,000","1,332,000,000","1,187,000,000","1,142,000,000","1,246,000,000","1,282,000,000","1,157,000,000","1,116,000,000","1,222,000,000","1,209,000,000","1,085,000,000","1,001,000,000","1,077,000,000","1,149,000,000","1,019,000,000","939,000,000","1,041,000,000","1,022,000,000","941,000,000","887,000,000","977,000,000","962,000,000","892,000,000","791,000,000","888,000,000","958,000,000","885,000,000","819,000,000","860,000,000","939,000,000","954,000,000","941,000,000","943,000,000","1,105,000,000","975,000,000","981,000,000","956,000,000","1,118,000,000","1,008,000,000","942,000,000","946,000,000","1,080,000,000","978,000,000","927,000,000","959,000,000","1,055,000,000","941,000,000","900,000,000","826,000,000","922,000,000","805,000,000","792,000,000","783,000,000","845,000,000","777,000,000","773,000,000","770,000,000","806,000,000","777,000,000","742,000,000","746,000,000","713,000,000","804,000,000","743,000,000","787,000,000","951,000,000","848,000,000","791,000,000","791,000,000","1,009,000,000","840,000,000","1,052,000,000","1,046,000,000","1,367,000,000","1,090,000,000","1,037,000,000","1,253,000,000","1,628,000,000","1,385,000,000","1,273,000,000","1,295,000,000","1,677,000,000","1,419,000,000","1,334,000,000","1,305,000,000","1,705,000,000","1,400,000,000","1,292,000,000","1,229,000,000","2,100,000,000","1,619,000,000","1,582,000,000","1,446,000,000","2,162,000,000","1,644,000,000","1,484,000,000","1,393,000,000","2,129,000,000","1,625,000,000","1,509,000,000","1,421,000,000","2,122,000,000","1,624,000,000","1,441,000,000","1,347,000,000",,,,,,,,,,,,,,,,,,
GrossProfit,"3,071,000,000","740,000,000","773,000,000","760,000,000","798,000,000","749,000,000","724,000,000","650,000,000","538,000,000","271,000,000","700,000,000","620,000,000","534,000,000","689,000,000","735,000,000","588,000,000","539,000,000","666,000,000","693,000,000","580,000,000","503,000,000","680,000,000","713,000,000","640,000,000","587,000,000","696,000,000","675,000,000","607,000,000","553,000,000","670,000,000","629,000,000","574,000,000","525,000,000","646,000,000","582,000,000","537,000,000","453,000,000","561,000,000","564,000,000","505,000,000","428,000,000","537,000,000","480,000,000","453,000,000","388,000,000","475,000,000","430,000,000","388,000,000","305,000,000","393,000,000","367,000,000","329,000,000","280,000,000","356,000,000","378,000,000","355,000,000","361,000,000","366,000,000","377,000,000","381,000,000","302,000,000","360,000,000","534,000,000","422,000,000","361,000,000","419,000,000","484,000,000","430,000,000","377,000,000","418,000,000","480,000,000","425,000,000","368,000,000","360,000,000","412,000,000","389,000,000","331,000,000","345,000,000","369,000,000","343,000,000","312,000,000","320,000,000","349,000,000","327,000,000","306,000,000","326,000,000","334,000,000","356,000,000","298,000,000","321,000,000","376,000,000","330,000,000","272,000,000","288,000,000","323,000,000","282,000,000","413,000,000","420,000,000","635,000,000","493,000,000","463,000,000","515,000,000","740,000,000","663,000,000","583,000,000","525,000,000","760,000,000","652,000,000","588,000,000","489,000,000","855,000,000","697,000,000","584,000,000","531,000,000","716,000,000","768,000,000","706,000,000","689,000,000","973,000,000","857,000,000","746,000,000","703,000,000","1,007,000,000","798,000,000","719,000,000","706,000,000","942,000,000","845,000,000","750,000,000","718,000,000",,,,,,,,,,,,,,,,,,
OperatingExpense,"2,102,000,000","517,000,000","580,000,000","507,000,000","498,000,000","463,000,000","506,000,000","468,000,000","431,000,000","360,000,000","479,000,000","455,000,000","439,000,000","460,000,000","496,000,000","442,000,000","424,000,000","430,000,000","469,000,000","412,000,000","381,000,000","412,000,000","435,000,000","406,000,000","389,000,000","400,000,000","426,000,000","390,000,000","367,000,000","380,000,000","408,000,000","387,000,000","379,000,000","391,000,000","401,000,000","375,000,000","345,000,000","346,000,000","393,000,000","349,000,000","335,000,000","335,000,000","353,000,000","347,000,000","329,000,000","325,000,000","330,000,000","314,000,000","294,000,000","306,000,000","322,000,000","303,000,000","280,000,000","306,000,000","322,000,000","319,000,000","332,000,000","331,000,000","345,000,000","334,000,000","330,000,000","333,000,000","367,000,000","328,000,000","317,000,000","326,000,000","344,000,000","326,000,000","306,000,000","324,000,000","347,000,000","308,000,000","305,000,000","282,000,000","298,000,000","287,000,000","271,000,000","278,000,000","291,000,000","272,000,000","258,000,000","256,000,000","276,000,000","267,000,000","265,000,000","273,000,000","242,000,000","304,000,000","282,000,000","298,000,000","360,000,000","303,000,000","295,000,000","302,000,000","383,000,000","340,000,000","427,000,000","435,000,000","453,000,000","408,000,000","413,000,000","504,000,000","560,000,000","550,000,000","541,000,000","542,000,000","642,000,000","567,000,000","591,000,000","605,000,000","709,000,000","612,000,000","574,000,000","569,000,000","820,000,000","696,000,000","684,000,000","672,000,000","702,000,000","729,000,000","670,000,000","654,000,000","799,000,000","706,000,000","664,000,000","667,000,000","698,000,000","691,000,000","642,000,000","636,000,000",,,,,,,,,,,,,,,,,,
	SellingGeneralAndAdministration,"1,896,000,000","463,000,000","525,000,000","458,000,000","450,000,000","418,000,000","462,000,000","424,000,000","387,000,000","316,000,000","434,000,000","411,000,000","393,000,000","416,000,000","451,000,000","398,000,000","380,000,000","385,000,000","423,000,000","368,000,000","339,000,000","371,000,000","395,000,000","366,000,000","350,000,000","361,000,000","387,000,000","352,000,000","331,000,000","345,000,000","375,000,000","353,000,000","343,000,000","355,000,000","365,000,000","340,000,000","314,000,000","315,000,000","363,000,000","319,000,000","306,000,000","306,000,000","325,000,000","320,000,000","301,000,000","298,000,000","303,000,000","287,000,000","268,000,000","280,000,000","295,000,000","274,000,000","252,000,000","278,000,000","289,000,000","287,000,000","299,000,000","299,000,000","311,000,000","289,000,000","286,000,000","290,000,000","323,000,000","284,000,000","273,000,000","283,000,000","301,000,000","280,000,000","265,000,000","283,000,000","302,000,000","270,000,000","268,000,000","248,000,000","263,000,000","250,000,000","233,000,000","241,000,000","253,000,000","235,000,000","220,000,000","220,000,000","236,000,000","229,000,000","227,000,000","231,000,000","212,000,000","264,000,000","241,000,000","258,000,000","316,000,000","256,000,000","249,000,000","257,000,000","339,000,000","302,000,000","380,000,000","391,000,000","410,000,000","367,000,000","370,000,000","459,000,000","524,000,000","499,000,000","491,000,000","492,000,000","580,000,000","508,000,000","532,000,000","546,000,000","650,000,000","553,000,000","516,000,000","512,000,000","755,000,000","633,000,000","618,000,000","609,000,000","637,000,000","664,000,000","606,000,000","594,000,000","727,000,000","641,000,000","602,000,000","605,000,000","632,000,000","633,000,000","585,000,000","583,000,000",,,,,,,,,,,,,,,,,,
		GeneralAndAdministrativeExpense,,,,,,"418,000,000",,,,,,,,,,,,,,,,,,,,,,,,,,,,,,,,,,,,,,,,,,,,,,,,,,,,,,,,,,,,,,,,,,,,,,,,,,,,,,,,,,,,,,,,,,,,,,,,,,,,,,,,,,,,,,,,,,,,,,,,,,,,,,,,,,,,,,,,,,,,,,
			SalariesAndWages,,,,,,"0",,,,,,,,,,,,,,,,,,,,,,,,,,,,,,,,,,,,,,,,,,,,,,,,,,,,,,,,,,,,,,,,,,,,,,,,,,,,,,,,,,,,,,,,,,,,,,,,,,,,,,,,,,,,,,,,,,,,,,,,,,,,,,,,,,,,,,,,,,,,,,
			OtherGandA,,,,,,"418,000,000",,,,,,,,,,,,,,,,,,,,,,,,,,,,,,,,,,,,,,,,,,,,,,,,,,,,,,,,,,,,,,,,,,,,,,,,,,,,,,,,,,,,,,,,,,,,,,,,,,,,,,,,,,,,,,,,,,,,,,,,,,,,,,,,,,,,,,,,,,,,,,
	DepreciationAmortizationDepletionIncomeStatement,"206,000,000","54,000,000","55,000,000","49,000,000","48,000,000","45,000,000","44,000,000","44,000,000","44,000,000","44,000,000","45,000,000","44,000,000","46,000,000","44,000,000","45,000,000","44,000,000","44,000,000","45,000,000","46,000,000","44,000,000","42,000,000","41,000,000","40,000,000","40,000,000","39,000,000","39,000,000","39,000,000","38,000,000","36,000,000","35,000,000","33,000,000","34,000,000","36,000,000","36,000,000","36,000,000","35,000,000","31,000,000","31,000,000","30,000,000","30,000,000","29,000,000","29,000,000","28,000,000","27,000,000","28,000,000","27,000,000","27,000,000","27,000,000","26,000,000","26,000,000","27,000,000","29,000,000","28,000,000","28,000,000","33,000,000","32,000,000","33,000,000","32,000,000","34,000,000","45,000,000","44,000,000","43,000,000","44,000,000","44,000,000","44,000,000","43,000,000","43,000,000","46,000,000","41,000,000","41,000,000","45,000,000","38,000,000","37,000,000","34,000,000","35,000,000","37,000,000","38,000,000","37,000,000","38,000,000","37,000,000","38,000,000","36,000,000","40,000,000","38,000,000","38,000,000","38,000,000","30,000,000","40,000,000","41,000,000","40,000,000","44,000,000","47,000,000","46,000,000","45,000,000","44,000,000","38,000,000","47,000,000","44,000,000","43,000,000","41,000,000","43,000,000","45,000,000","36,000,000","51,000,000","50,000,000","50,000,000","62,000,000","59,000,000","59,000,000","59,000,000","59,000,000","59,000,000","58,000,000","57,000,000","65,000,000","63,000,000","66,000,000","63,000,000","65,000,000","65,000,000","64,000,000","60,000,000","72,000,000","65,000,000","62,000,000","62,000,000","66,000,000","58,000,000","57,000,000","53,000,000",,,,,,,,,,,,,,,,,,
		DepreciationAndAmortizationInIncomeStatement,"206,000,000","54,000,000","55,000,000","49,000,000","48,000,000","45,000,000","44,000,000","44,000,000","44,000,000","44,000,000","45,000,000","44,000,000","46,000,000","44,000,000","45,000,000","44,000,000","44,000,000","45,000,000","46,000,000","44,000,000","42,000,000","41,000,000","40,000,000","40,000,000","39,000,000","39,000,000","39,000,000","38,000,000","36,000,000","35,000,000","33,000,000","34,000,000","36,000,000","36,000,000","36,000,000","35,000,000","31,000,000","31,000,000","30,000,000","30,000,000","29,000,000","29,000,000","28,000,000","27,000,000","28,000,000","27,000,000","27,000,000","27,000,000","26,000,000","26,000,000","27,000,000","29,000,000","28,000,000","28,000,000","33,000,000","32,000,000","33,000,000","32,000,000","34,000,000","45,000,000","44,000,000","43,000,000","44,000,000","44,000,000","44,000,000","43,000,000","43,000,000","46,000,000","41,000,000","41,000,000","45,000,000","38,000,000","37,000,000","34,000,000","35,000,000","37,000,000","38,000,000","37,000,000","38,000,000","37,000,000","38,000,000","36,000,000","40,000,000","38,000,000","38,000,000","38,000,000","30,000,000","40,000,000","41,000,000","40,000,000","44,000,000","47,000,000","46,000,000","45,000,000","44,000,000","38,000,000","47,000,000","44,000,000","43,000,000","41,000,000","43,000,000","45,000,000","36,000,000","51,000,000","50,000,000","50,000,000","62,000,000","59,000,000","59,000,000","59,000,000","59,000,000","59,000,000","58,000,000","57,000,000","65,000,000","63,000,000","66,000,000","63,000,000","65,000,000","65,000,000","64,000,000","60,000,000","72,000,000","65,000,000","62,000,000","62,000,000","66,000,000","58,000,000","57,000,000","53,000,000",,,,,,,,,,,,,,,,,,
	OtherOperatingExpenses,,,,,,,,,,,,,,,,,,,,,,,,,,,,,,,,,,,,,,,,,,,,,,"-2,000,000",,,"-1,000,000",,,,,,,,,,,,,,,,,,,,,,,,,,,,,,,,,,,,,"4,000,000",,,,,,,,,,,,,,,,,,,,,,,,,,,,,,,,,,,,,,,,,,,,,,,,,,,,,,,,,,,,,,
OperatingIncome,"969,000,000","223,000,000","193,000,000","253,000,000","300,000,000","286,000,000","218,000,000","182,000,000","107,000,000","-89,000,000","221,000,000","165,000,000","95,000,000","229,000,000","239,000,000","146,000,000","115,000,000","236,000,000","224,000,000","168,000,000","122,000,000","268,000,000","278,000,000","234,000,000","198,000,000","296,000,000","249,000,000","217,000,000","186,000,000","290,000,000","221,000,000","187,000,000","146,000,000","255,000,000","181,000,000","162,000,000","108,000,000","215,000,000","171,000,000","156,000,000","93,000,000","202,000,000","127,000,000","106,000,000","59,000,000","150,000,000","100,000,000","74,000,000","11,000,000","87,000,000","45,000,000","26,000,000","0","50,000,000","56,000,000","36,000,000","29,000,000","35,000,000","32,000,000","47,000,000","-28,000,000","27,000,000","167,000,000","94,000,000","44,000,000","93,000,000","140,000,000","104,000,000","71,000,000","94,000,000","133,000,000","117,000,000","63,000,000","78,000,000","114,000,000","102,000,000","60,000,000","67,000,000","78,000,000","71,000,000","54,000,000","64,000,000","73,000,000","60,000,000","41,000,000","53,000,000","92,000,000","52,000,000","16,000,000","23,000,000","16,000,000","27,000,000","-23,000,000","-14,000,000","-60,000,000","-58,000,000","-14,000,000","-15,000,000","182,000,000","85,000,000","50,000,000","11,000,000","180,000,000","113,000,000","42,000,000","-17,000,000","118,000,000","85,000,000","-3,000,000","-116,000,000","146,000,000","85,000,000","10,000,000","-38,000,000","-104,000,000","72,000,000","22,000,000","17,000,000","271,000,000","128,000,000","76,000,000","49,000,000","208,000,000","92,000,000","55,000,000","39,000,000","244,000,000","154,000,000","108,000,000","82,000,000","-5,410,000,000","2,165,000,000","1,983,000,000","1,877,000,000","-5,027,000,000","1,974,000,000","1,847,000,000","1,721,000,000","-4,936,500,000","1,783,500,000","1,783,500,000","1,783,500,000","-4,081,000,000","1,601,000,000","1,515,000,000","1,365,000,000","-3,756,000,000","1,470,000,000"
NetNonOperatingInterestIncomeExpense,"-17,000,000","-5,000,000","-6,000,000","-4,000,000","-2,000,000","-2,000,000","-2,000,000","-2,000,000","-2,000,000","-1,000,000","2,000,000","3,000,000","2,000,000","4,000,000","4,000,000","2,000,000","1,000,000","2,000,000","1,000,000","0","1,000,000","0","0","-1,000,000","-1,000,000","0","-1,000,000","-1,000,000","-1,000,000","-1,000,000","-2,000,000","-1,000,000","-1,000,000","-1,000,000","-1,000,000","-2,000,000","-1,000,000","-1,000,000","-2,000,000","-1,000,000","-1,000,000","-1,000,000","-2,000,000","-1,000,000","-1,000,000","-2,000,000","16,000,000","-2,000,000","-2,000,000","-3,000,000","-2,000,000","-3,000,000","-3,000,000","-2,000,000",,,,,,,,,,,,,,,,,,,,,,,,,,,,,,,,,,,,,,,,,,,,,,,,,,,,,,,,,,,,,,,,,,,,,,,,,,,,,,,,,,,,,,,,,,,,,,
	InterestIncomeNonOperating,"3,000,000","1,000,000","1,000,000","0","1,000,000","1,000,000","1,000,000","1,000,000","2,000,000","2,000,000","4,000,000","6,000,000","5,000,000","6,000,000","6,000,000","5,000,000","4,000,000","5,000,000","4,000,000","3,000,000","4,000,000","3,000,000","2,000,000","2,000,000","2,000,000","3,000,000","2,000,000","2,000,000","1,000,000","2,000,000","1,000,000","2,000,000","1,000,000","2,000,000","2,000,000","1,000,000","1,000,000","2,000,000","1,000,000","2,000,000","1,000,000","2,000,000","2,000,000","1,000,000","2,000,000","2,000,000","11,000,000","1,000,000","1,000,000","1,000,000",,"1,000,000","0","1,000,000",,,,,,,,,,,,,,,,,,,,,,,,,,,,,,,,,,,,,,,,,,,,,,,,,,,,,,,,,,,,,,,,,,,,,,,,,,,,,,,,,,,,,,,,,,,,,,
	InterestExpenseNonOperating,"20,000,000","6,000,000","7,000,000","4,000,000","3,000,000","3,000,000","3,000,000","3,000,000","4,000,000","3,000,000","2,000,000","3,000,000","3,000,000","2,000,000","2,000,000","3,000,000","3,000,000","3,000,000","3,000,000","3,000,000","3,000,000","3,000,000","2,000,000","3,000,000","3,000,000","3,000,000","3,000,000","3,000,000","2,000,000","3,000,000","3,000,000","3,000,000","2,000,000","3,000,000","3,000,000","3,000,000","2,000,000","3,000,000","3,000,000","3,000,000","2,000,000","3,000,000","4,000,000","2,000,000","3,000,000","4,000,000","-5,000,000","3,000,000","3,000,000","4,000,000","0","4,000,000","3,000,000","3,000,000",,,,,,,,,,,,,,,,,,,,,,,,,,,,,,,,,,,,,,,,,,,,,,,,,,,,,,,,,,,,,,,,,,,,,,,,,,,,,,,,,,,,,,,,,,,,,,
	TotalOtherFinanceCost,,,,,"2,000,000",,"2,000,000","2,000,000","2,000,000","1,000,000","-2,000,000","-3,000,000","-2,000,000","-4,000,000","-4,000,000","-2,000,000","-1,000,000","-2,000,000","-1,000,000",,"-1,000,000",,,"1,000,000","1,000,000",,"1,000,000","1,000,000","1,000,000","1,000,000","2,000,000","1,000,000","1,000,000","1,000,000","1,000,000","2,000,000","1,000,000","1,000,000","2,000,000","1,000,000","1,000,000","1,000,000",,"1,000,000",,,,,,,,"3,000,000",,,,,,,,,,,,,,,,,,,,,,,,,,,,,,,,,,,,,,,,,,,,,,,,,,,,,,,,,,,,,,,,,,,,,,,,,,,,,,,,,,,,,,,,,,,,,,,,
OtherIncomeExpense,,"-28,000,000","-40,000,000","-27,000,000","289,000,000",,"-56,000,000","189,000,000","-35,000,000","-15,000,000","-41,000,000","3,000,000","-12,000,000","1,000,000","-20,000,000","-2,000,000","-1,000,000","-9,000,000","-145,000,000","-12,000,000","-50,000,000","1,000,000","3,000,000","-6,000,000","1,000,000","2,000,000","-3,000,000","-99,000,000",,"1,000,000","5,000,000","1,000,000","-1,000,000",,"1,000,000",,"-1,000,000","2,000,000","-11,000,000",,"1,000,000",,"-2,000,000",,,"-1,000,000","-8,000,000","1,000,000","1,000,000",,"-10,000,000","-36,000,000","1,000,000","1,000,000","-235,000,000","2,000,000","1,000,000","-19,000,000","-21,000,000","-105,000,000","-1,000,000",,"7,000,000","8,000,000","-18,000,000",,"3,000,000",,"3,000,000",,,,"-2,000,000",,"0",,"-1,000,000",,"0","1,000,000","4,000,000",,"0","-1,000,000","-31,000,000",,"3,000,000","-4,000,000","6,000,000","10,000,000","98,000,000","-8,000,000","-27,000,000","6,000,000","82,000,000",,"3,000,000","19,000,000","12,000,000","11,000,000","2,000,000","5,000,000","1,000,000","20,000,000","14,000,000",,"-232,000,000","2,000,000","17,000,000","15,000,000",,,"-30,000,000",,"49,000,000","-775,000,000",,,,,,,,,,,,,,,,,,,,,,,,,,,,,,,,
	SpecialIncomeCharges,"-174,000,000","-6,000,000","-75,000,000","-57,000,000","-36,000,000","-4,000,000","-57,000,000","-4,000,000","-38,000,000","-16,000,000","-45,000,000","-1,000,000","-14,000,000","-1,000,000","-20,000,000","-2,000,000","-3,000,000","-12,000,000","-148,000,000","-13,000,000","-50,000,000",,"0","-6,000,000",,,"-5,000,000","-100,000,000","0","0","-1,000,000","0","-2,000,000","-1,000,000","0","0","-2,000,000",,"-12,000,000",,,,"-6,000,000","0","0","-1,000,000","-8,000,000","1,000,000","1,000,000","0","-10,000,000","-36,000,000","1,000,000","1,000,000","-235,000,000","2,000,000","1,000,000","-19,000,000","-21,000,000","-105,000,000","-1,000,000",,"7,000,000","8,000,000","-18,000,000",,"3,000,000",,"3,000,000",,,,"-2,000,000",,"0",,"-1,000,000",,"0","1,000,000","4,000,000",,"0","-1,000,000","-31,000,000",,"3,000,000","-4,000,000","6,000,000","10,000,000","98,000,000","-8,000,000","-27,000,000","6,000,000","82,000,000",,"3,000,000","19,000,000","12,000,000","11,000,000","2,000,000","5,000,000","1,000,000","20,000,000","14,000,000",,"-232,000,000","2,000,000","17,000,000","15,000,000",,,"-30,000,000",,"49,000,000","-775,000,000",,,,,,,,,,,,,,,,,,,,,,,,,,,,,,,,
		RestructuringAndMergernAcquisition,,"2,000,000",,"14,000,000",,"2,000,000","4,000,000","3,000,000","19,000,000",,,,,,,,,,,,,,,,,,,,,,,,,,,,,,,,,,,,,,,,,,,,,,,,"1,000,000",,,,,,,,,,,,,,,,"2,000,000",,"0",,"1,000,000",,"0","-1,000,000","-1,000,000",,"1,000,000","1,000,000","32,000,000",,,,,,,,,,,,,,,,,,,,,,,,,,,,,,,,,,,,,,,,,,,,,,,,,,,,,,,,,,,,,,,
		ImpairmentOfCapitalAssets,,"3,000,000",,"13,000,000","39,000,000","0","62,000,000","0","0","15,000,000","39,000,000",,,,,,,,,,,,"0","6,000,000",,,,,"0","0","1,000,000","0","2,000,000","1,000,000","-2,000,000","0","2,000,000",,"12,000,000",,,,,,,,"10,000,000","0",,,"5,000,000","36,000,000","0","0",,,,,,,,,,,,,,,,,,,,,,,,,,,,,,,,,,,,,,,,,,,,,,,,,,,,,,,,,,,,,,,,,,,,,,,,,,,,,,,,,,,,,,,,,,,,,,
		WriteOff,"171,000,000","1,000,000","140,000,000","30,000,000","36,000,000","2,000,000","59,000,000","4,000,000","34,000,000",,"39,000,000",,,,,,,,,,,,,"6,000,000",,,,,"0","0","1,000,000","0","2,000,000","1,000,000","0","0","2,000,000",,"12,000,000",,,,,,,,,,,,,,,,,,,,,,,,,,,,,,,,,,,,,,,,,,,,,,,,,,,,,,,,,,,,,,,,,,,,,,,,,,,,,,,,,,,,,,,,,,,,,,,,,,,,,,,,,,,,,
		OtherSpecialCharges,,,,,"-3,000,000",,"-13,000,000","1,000,000","19,000,000","1,000,000",,"1,000,000","14,000,000","1,000,000","20,000,000","2,000,000","3,000,000","12,000,000","148,000,000","13,000,000","50,000,000",,,"6,000,000",,,"0","100,000,000",,,,,,,,,,,,,,,,,,,"-2,000,000","-1,000,000",,,"5,000,000",,"-1,000,000","-1,000,000",,,"-2,000,000",,,,,,,,,,,,,,,,,,,,,,"0",,"-3,000,000",,"-1,000,000",,"-1,000,000",,,,,,,,,,,,,,,,,,,,,,,,,,,,,,,,,,,,,,,,,,,,,,,,,,,,,,,,,,,,,,,
	OtherNonOperatingIncomeExpenses,"368,000,000","-22,000,000","35,000,000","30,000,000","325,000,000","4,000,000","1,000,000","193,000,000","3,000,000","1,000,000","4,000,000","4,000,000","2,000,000","2,000,000","0",,"2,000,000","3,000,000","3,000,000","1,000,000",,"1,000,000","3,000,000",,"1,000,000","2,000,000","2,000,000","1,000,000",,"1,000,000","6,000,000","1,000,000","1,000,000","1,000,000","1,000,000",,"1,000,000","2,000,000","1,000,000",,"1,000,000",,,,,,,,,,,,,,,,,,,,,,,,,,,,,,,,,,,,,,,,,,,,,,,,,,,,,,,,,,,,,,,,,,,,,,,,,,,,,,,,,,,,,,,,,,,,,,,,,,,,,,,,,,,
PretaxIncome,"1,146,000,000","190,000,000","147,000,000","222,000,000","587,000,000","284,000,000","160,000,000","369,000,000","70,000,000","-105,000,000","182,000,000","171,000,000","85,000,000","234,000,000","223,000,000","146,000,000","115,000,000","229,000,000","80,000,000","156,000,000","73,000,000","269,000,000","281,000,000","227,000,000","198,000,000","298,000,000","245,000,000","117,000,000","185,000,000","290,000,000","224,000,000","187,000,000","144,000,000","254,000,000","181,000,000","160,000,000","106,000,000","216,000,000","158,000,000","155,000,000","93,000,000","201,000,000","123,000,000","105,000,000","58,000,000","149,000,000","90,000,000","73,000,000","10,000,000","84,000,000","39,000,000","-13,000,000","-2,000,000","49,000,000","-180,000,000","37,000,000","28,000,000","15,000,000","10,000,000","-58,000,000","-29,000,000","27,000,000","174,000,000","101,000,000","25,000,000","92,000,000","141,000,000","102,000,000","71,000,000","91,000,000","130,000,000","113,000,000","57,000,000","74,000,000","110,000,000","97,000,000","55,000,000","62,000,000","71,000,000","67,000,000","51,000,000","57,000,000","67,000,000","51,000,000","4,000,000","53,000,000","96,000,000","40,000,000","16,000,000","24,000,000","102,000,000","2,000,000","-67,000,000","-19,000,000","13,000,000","-76,000,000","-20,000,000","-8,000,000","182,000,000","86,000,000","41,000,000","2,000,000","165,000,000","115,000,000","37,000,000","-37,000,000","-138,000,000","57,000,000","-19,000,000","-133,000,000","146,000,000","55,000,000","-47,000,000","-58,000,000","-75,000,000","-727,000,000","3,000,000",,"255,000,000","103,000,000","52,000,000","27,000,000","-202,000,000","65,000,000","33,000,000","21,000,000","225,000,000","128,000,000","80,000,000","60,000,000",,,,,,,,,,,,,,,,,,
TaxProvision,"324,000,000","58,000,000","45,000,000","64,000,000","157,000,000","82,000,000","37,000,000","104,000,000","25,000,000","5,000,000","48,000,000","46,000,000","25,000,000","62,000,000","65,000,000","16,000,000","27,000,000","64,000,000","129,000,000","54,000,000","22,000,000","89,000,000","92,000,000","70,000,000","71,000,000","107,000,000","87,000,000","37,000,000","66,000,000","106,000,000","78,000,000","67,000,000","52,000,000","92,000,000","60,000,000","56,000,000","40,000,000","78,000,000","54,000,000","49,000,000","34,000,000","73,000,000","42,000,000","39,000,000","21,000,000","55,000,000","33,000,000","21,000,000","4,000,000","30,000,000","16,000,000","-7,000,000","-1,000,000","18,000,000","-56,000,000","13,000,000","10,000,000","12,000,000","-74,000,000","-24,000,000","-11,000,000","10,000,000","64,000,000","36,000,000","11,000,000","34,000,000","45,000,000","37,000,000","27,000,000","33,000,000","41,000,000","39,000,000","12,000,000","27,000,000","39,000,000","35,000,000","18,000,000","23,000,000","23,000,000","24,000,000","18,000,000","19,000,000","25,000,000","18,000,000",,"21,000,000","38,000,000","15,000,000","7,000,000","9,000,000","40,000,000","-5,000,000","-26,000,000","-8,000,000","-16,000,000","-36,000,000","-7,000,000","-3,000,000","67,000,000","31,000,000","15,000,000","1,000,000","65,000,000","46,000,000","15,000,000","-15,000,000","-31,000,000","23,000,000","-8,000,000","-53,000,000","56,000,000","18,000,000","-5,000,000","-20,000,000","-29,000,000","-275,000,000","1,000,000",,"90,000,000","38,000,000","19,000,000","10,000,000","-74,000,000","24,000,000","12,000,000","8,000,000","76,000,000","48,000,000","30,000,000","22,000,000",,,,,,,,,,,,,,,,,,
NetIncomeCommonStockholders,"824,000,000","133,000,000","103,000,000","158,000,000","430,000,000","202,000,000","123,000,000","265,000,000","45,000,000","-110,000,000","134,000,000","125,000,000","60,000,000","172,000,000","158,000,000","130,000,000","88,000,000","165,000,000","-49,000,000","102,000,000","51,000,000","180,000,000","189,000,000","157,000,000","127,000,000","191,000,000","158,000,000","80,000,000","119,000,000","184,000,000","146,000,000","120,000,000","92,000,000","162,000,000","121,000,000","104,000,000","66,000,000","138,000,000","104,000,000","106,000,000","59,000,000","128,000,000","81,000,000","66,000,000","37,000,000","94,000,000","57,000,000","52,000,000","6,000,000","54,000,000","23,000,000","-6,000,000","0","31,000,000","-125,000,000","24,000,000","18,000,000","3,000,000","85,000,000","-33,000,000","-18,000,000","17,000,000","113,000,000","65,000,000","14,000,000","59,000,000","96,000,000","66,000,000","44,000,000","58,000,000","89,000,000","74,000,000","82,000,000","48,000,000","71,000,000","62,000,000","36,000,000","38,000,000","57,000,000","45,000,000","31,000,000","20,000,000","36,000,000","33,000,000","-14,000,000","37,000,000","-289,000,000","25,000,000","9,000,000","15,000,000","83,000,000","7,000,000","-31,000,000","-11,000,000","37,000,000","-155,000,000","-13,000,000","-5,000,000","115,000,000","55,000,000","-181,000,000","1,000,000","100,000,000","69,000,000","22,000,000","-22,000,000","-107,000,000","34,000,000","-11,000,000","-80,000,000","90,000,000","37,000,000","-42,000,000","-38,000,000","-46,000,000","-452,000,000","2,000,000","1,000,000","165,000,000","65,000,000","33,000,000","17,000,000","-128,000,000","41,000,000","21,000,000","13,000,000","149,000,000","80,000,000","50,000,000","38,000,000",,,,,,,,,,,,,,,,,,
	NetIncome,"824,000,000","133,000,000","103,000,000","158,000,000","430,000,000","202,000,000","123,000,000","265,000,000","45,000,000","-110,000,000","134,000,000","125,000,000","60,000,000","172,000,000","158,000,000","130,000,000","88,000,000","165,000,000","-49,000,000","102,000,000","51,000,000","180,000,000","189,000,000","157,000,000","127,000,000","191,000,000","158,000,000","80,000,000","119,000,000","184,000,000","146,000,000","120,000,000","92,000,000","162,000,000","121,000,000","104,000,000","66,000,000","138,000,000","104,000,000","106,000,000","59,000,000","128,000,000","81,000,000","66,000,000","37,000,000","94,000,000","57,000,000","52,000,000","6,000,000","54,000,000","23,000,000","-6,000,000","0","31,000,000","-125,000,000","24,000,000","18,000,000","3,000,000","85,000,000","-33,000,000","-18,000,000","17,000,000","113,000,000","65,000,000","14,000,000","59,000,000","96,000,000","66,000,000","44,000,000","58,000,000","89,000,000","74,000,000","82,000,000","48,000,000","71,000,000","62,000,000","36,000,000","38,000,000","57,000,000","45,000,000","31,000,000","20,000,000","36,000,000","33,000,000","-14,000,000","37,000,000","-289,000,000","25,000,000","9,000,000","15,000,000","83,000,000","7,000,000","-31,000,000","-11,000,000","37,000,000","-155,000,000","-13,000,000","-5,000,000","115,000,000","55,000,000","-181,000,000","1,000,000","100,000,000","69,000,000","22,000,000","-22,000,000","-107,000,000","34,000,000","-11,000,000","-80,000,000","90,000,000","37,000,000","-42,000,000","-38,000,000","-46,000,000","-452,000,000","2,000,000","1,000,000","165,000,000","65,000,000","33,000,000","17,000,000","-128,000,000","41,000,000","21,000,000","13,000,000","149,000,000","80,000,000","50,000,000","38,000,000",,,,,,,,,,,,,,,,,,
		NetIncomeIncludingNoncontrollingInterests,"822,000,000","132,000,000","102,000,000","158,000,000","430,000,000","202,000,000","123,000,000","265,000,000","45,000,000","-110,000,000","134,000,000","125,000,000","60,000,000","172,000,000","158,000,000","130,000,000","88,000,000","165,000,000","-49,000,000","102,000,000","51,000,000","180,000,000","189,000,000","157,000,000","127,000,000","191,000,000","158,000,000","80,000,000","119,000,000","184,000,000","146,000,000","120,000,000","92,000,000","162,000,000","121,000,000","104,000,000","66,000,000","138,000,000","104,000,000","106,000,000","59,000,000","128,000,000","81,000,000","66,000,000","37,000,000","94,000,000","57,000,000","52,000,000","6,000,000","54,000,000","23,000,000","-6,000,000","0","31,000,000","-125,000,000","24,000,000","18,000,000","3,000,000","85,000,000","-33,000,000","-18,000,000","17,000,000","113,000,000","65,000,000","14,000,000","59,000,000","96,000,000","66,000,000","44,000,000","58,000,000","89,000,000","74,000,000","82,000,000","48,000,000","71,000,000","62,000,000","36,000,000","38,000,000","57,000,000","45,000,000","31,000,000","20,000,000","36,000,000","33,000,000","-14,000,000","37,000,000","-289,000,000","25,000,000","9,000,000","15,000,000","83,000,000","7,000,000","-31,000,000","-11,000,000","37,000,000","-155,000,000","-13,000,000","-5,000,000","115,000,000","55,000,000","-181,000,000","1,000,000","100,000,000","69,000,000","22,000,000","-22,000,000","-107,000,000","34,000,000","-11,000,000","-80,000,000","90,000,000","37,000,000","-42,000,000","-38,000,000","-46,000,000","-452,000,000","2,000,000","1,000,000","165,000,000","65,000,000","33,000,000","17,000,000","-128,000,000","41,000,000","21,000,000","13,000,000","149,000,000","80,000,000","50,000,000","38,000,000","175,000,000","70,000,000","48,000,000","36,000,000","144,000,000","66,000,000","43,000,000","35,000,000","62,800,000","62,800,000","62,700,000","62,700,000","117,000,000","49,000,000","35,000,000","13,000,000","106,000,000","38,000,000"
			NetIncomeContinuousOperations,"822,000,000","132,000,000","102,000,000","158,000,000","430,000,000","202,000,000","123,000,000","265,000,000","45,000,000","-110,000,000","134,000,000","125,000,000","60,000,000","172,000,000","158,000,000","130,000,000","88,000,000","165,000,000","-49,000,000","102,000,000","51,000,000","180,000,000","189,000,000","157,000,000","127,000,000","191,000,000","158,000,000","80,000,000","119,000,000","184,000,000","146,000,000","120,000,000","92,000,000","162,000,000","121,000,000","104,000,000","66,000,000","138,000,000","104,000,000","106,000,000","59,000,000","128,000,000","81,000,000","66,000,000","37,000,000","94,000,000","57,000,000","52,000,000","6,000,000","54,000,000","23,000,000","-6,000,000","-1,000,000","31,000,000","-124,000,000","24,000,000","18,000,000","3,000,000","84,000,000","-34,000,000","-18,000,000","17,000,000","110,000,000","65,000,000","14,000,000","58,000,000","96,000,000","65,000,000","44,000,000","58,000,000","89,000,000","74,000,000","45,000,000","47,000,000","71,000,000","62,000,000","37,000,000","39,000,000","48,000,000","43,000,000","33,000,000","38,000,000","42,000,000","33,000,000","4,000,000","32,000,000","58,000,000","25,000,000","9,000,000","15,000,000","62,000,000","7,000,000","-41,000,000","-11,000,000","29,000,000","-40,000,000","-13,000,000","-5,000,000","115,000,000","55,000,000","26,000,000","1,000,000","100,000,000","69,000,000","22,000,000","-22,000,000","-107,000,000","34,000,000","-11,000,000","-80,000,000","90,000,000","37,000,000","-42,000,000","-38,000,000","-46,000,000","-452,000,000","2,000,000","1,000,000","165,000,000","65,000,000","33,000,000","17,000,000","-128,000,000","41,000,000","21,000,000","13,000,000","149,000,000","80,000,000","50,000,000","38,000,000","175,000,000","70,000,000","48,000,000","36,000,000","144,000,000","66,000,000","43,000,000","35,000,000","62,800,000","62,800,000","62,700,000","62,700,000","117,000,000","49,000,000","35,000,000","13,000,000","106,000,000","38,000,000"
			NetIncomeDiscontinuousOperations,,,,,,,,,,,,,,,,,,,,,,,,,,,,,,,,,,,,,,,,,,,,,,,"0","0","0",,"0","0","1,000,000",,,,,,"1,000,000","1,000,000",,,,,,,"0","1,000,000",,,"0",,"37,000,000","1,000,000","0",,"-1,000,000",,"9,000,000","2,000,000","-2,000,000","-18,000,000","-6,000,000",,"-18,000,000","5,000,000",,,,,"13,000,000",,"10,000,000",,"8,000,000","-115,000,000",,,"0",,"-207,000,000",,,,,,,,,,,,,,,,,,,,,,,,,,,,,,,,,,,,,,,,,,,,,,,
			NetIncomeExtraordinary,,,,,,,,,,,,,,,,,,,,,,,,,,,,,,,,,,,,,,,,,,,,,,,,,,,,,,,,,,,,,,,"0",,,"1,000,000",,,,,,,,,"0",,,"-1,000,000",,,,,,,,,,,,,,,,,,,,,,,,,,,,,,,,,,,,,,,,,,,,,,,,,,,,,,,,,,,,,,,,,,,,,,
		MinorityInterests,"2,000,000","1,000,000","1,000,000",,,,,,,,,,,,,,,,,,,,,,,,,,,,,,,,,,,,,,,,,,,,,,,,,,,,,,,,,,,,,,,,,,,,,,,,,,,,,,,,,,,,,,,,,,,,,,,,,,,,,,,,,,,,,,,,,,,,,,,,,,,,,,,,,,,,,,,,,,,,,,,,,
DilutedNIAvailtoComStockholders,"824,000,000","133,000,000","103,000,000","158,000,000","430,000,000","202,000,000","123,000,000","265,000,000","45,000,000","-110,000,000","134,000,000","125,000,000","60,000,000","172,000,000","158,000,000","130,000,000","88,000,000","165,000,000","-49,000,000","102,000,000","51,000,000","180,000,000","189,000,000","157,000,000","127,000,000","191,000,000","158,000,000","80,000,000","119,000,000","184,000,000","146,000,000","120,000,000","92,000,000","162,000,000","121,000,000","104,000,000","66,000,000","138,000,000","104,000,000","106,000,000","59,000,000","128,000,000","81,000,000","66,000,000","37,000,000","94,000,000","57,000,000","52,000,000","6,000,000","54,000,000","23,000,000","-6,000,000","0","31,000,000","-125,000,000","24,000,000","18,000,000","3,000,000","85,000,000","-33,000,000","-18,000,000","17,000,000","113,000,000","65,000,000","14,000,000","59,000,000","96,000,000","66,000,000","44,000,000","58,000,000","89,000,000","74,000,000","82,000,000","48,000,000","71,000,000","62,000,000","36,000,000","38,000,000","57,000,000","45,000,000","31,000,000","20,000,000","36,000,000","33,000,000","-14,000,000","37,000,000","-289,000,000","25,000,000","9,000,000","15,000,000","83,000,000","7,000,000","-31,000,000","-11,000,000","37,000,000","-155,000,000","-13,000,000","-5,000,000","115,000,000","55,000,000","-181,000,000","1,000,000","100,000,000","69,000,000","22,000,000","-22,000,000","-107,000,000","34,000,000","-11,000,000","-80,000,000","90,000,000","37,000,000","-42,000,000","-38,000,000","-46,000,000","-452,000,000","2,000,000","1,000,000","165,000,000","65,000,000","33,000,000","17,000,000","-128,000,000","41,000,000","21,000,000","13,000,000","149,000,000","80,000,000","50,000,000","38,000,000",,,,,,,,,,,,,,,,,,
BasicEPS,,"1.38",,"1.563","4.143","1.956","1.187","2.537","0.432","-1.06","1.348","1.168","0.547","1.531","1.4","1.131","0.753","1.397","-0.404","0.765","0.383","1.352","1.437","1.186","0.954","1.405","1.153","0.577","0.854","1.316","1.036","0.835","0.636","1.111","0.825","0.7","0.438","0.919","0.69","0.703","0.391","0.845",,"0.436","0.242","0.613",,"0.336","0.039","0.345",,"-0.037","0","0.2",,"0.16","0.11","0.02",,"-0.22","-0.12","0.11",,"0.42","0.09","0.38",,"0.43","0.29","0.37",,"0.47","0.55","0.33",,"0.43","0.25","0.27",,"0.32","0.22","0.14",,"0.24","-0.1","0.27",,"0.18","0.07","0.11",,"0.05","-0.23","-0.08",,"-1.14","-0.09","-0.04",,"0.41","-1.35","0.01",,"0.52","0.17","-0.17",,"0.26","-0.09","-0.6",,"0.28","-0.32","-0.29",,"-3.43","0.01","0.01",,"0.5","0.25","0.13",,"0.31","0.16","0.1",,"0.62","0.39","0.29",,"0.54","0.37","0.28",,"0.51","0.34","0.27",,"0.48","0.48","0.48",,"0.37","0.27","0.1",,"0.3"
DilutedEPS,,"1.37",,"1.52","4.09","1.93","1.17","2.52","0.43","-1.06","1.34","1.16","0.547","1.52","1.39","1.131","0.75","1.38","-0.404","0.765","0.383","1.352","1.42","1.17","0.94","1.39","1.14","0.57","0.84","1.29","1.01","0.82","0.63","1.1","0.81","0.7","0.438","0.9","0.68","0.69","0.383","0.83",,"0.43","0.24","0.6",,"0.33","0.039","0.34",,"-0.04","0","0.2",,"0.16","0.11","0.02",,"-0.22","-0.12","0.11",,"0.42","0.09","0.38",,"0.42","0.28","0.37",,"0.47","0.53","0.31",,"0.41","0.24","0.26",,"0.31","0.21","0.14",,"0.23","-0.1","0.27",,"0.18","0.07","0.11",,"0.05","-0.23","-0.08",,"-1.14","-0.09","-0.04",,"0.4","-1.35","0.01",,"0.52","0.17","-0.17",,"0.26","-0.09","-0.6",,"0.28","-0.32","-0.29",,"-3.43","0.01","0.01",,"0.5","0.25","0.13",,"0.31","0.16","0.1",,"0.62","0.39","0.29",,"0.54","0.37","0.28",,"0.51","0.34","0.27",,"0.48","0.48","0.48",,"0.37","0.27","0.1",,"0.3"
BasicAverageShares,,"96,100,000",,"101,067,828","103,801,212","103,399,490","103,619,123","104,451,566","104,391,265","104,222,302","104,187,310","105,064,598","109,621,065","112,387,018","112,222,000","113,391,202","115,628,348","117,261,272","119,829,023","133,336,171","133,134,411","133,088,450","131,495,621","132,361,426","133,076,030","135,989,097","136,977,000","138,561,732","139,329,816","139,739,446","140,864,000","143,146,258","143,671,397","144,697,069","145,427,000","146,639,335","148,475,131","150,672,711","150,070,000","150,710,118","150,860,018","151,539,045",,"151,219,363","153,107,628","153,446,397",,"154,868,462","156,500,000","156,119,393",,"155,600,000","155,900,000","155,300,000",,"154,100,000","154,000,000","153,800,000",,"153,600,000","154,000,000","154,800,000",,"155,000,000","154,900,000","154,700,000",,"155,200,000","155,600,000","155,100,000",,"154,500,000","150,800,000","143,600,000",,"141,700,000","141,300,000","141,100,000",,"150,700,000","140,700,000","140,100,000",,"150,800,000","139,500,000","138,600,000",,"137,900,000","137,700,000","137,600,000",,"140,000,000","134,782,609","137,500,000",,"135,964,912","144,444,444","125,000,000",,"134,146,341","134,074,074","100,000,000",,"132,692,308","129,411,765","129,411,765",,"130,769,231","122,222,222","133,333,333",,"132,142,857","131,250,000","131,034,483",,"131,778,426","100,000,000","100,000,000",,"130,000,000","132,000,000","130,769,231",,"132,258,065","131,250,000","130,000,000",,"129,032,258","128,205,128","131,034,483",,"128,704,000","127,994,000","127,772,000",,"127,772,000","128,510,000","131,354,000",,"127,772,000","127,772,000","127,772,000",,"130,914,000","129,116,000","127,832,000",,"126,188,000"
DilutedAverageShares,,"97,200,000",,"104,400,000","105,200,000","105,000,000","105,200,000","105,300,000","105,100,000","104,222,302","105,200,000","107,200,000","111,100,000","113,100,000","113,300,000","115,000,000","117,100,000","119,100,000","120,600,000","133,336,171","133,134,411","133,088,450","133,300,000","134,000,000","135,500,000","137,800,000","138,900,000","140,900,000","141,300,000","142,100,000","144,300,000","145,700,000","146,400,000","147,600,000","148,400,000","149,500,000","151,400,000","152,700,000","153,200,000","153,900,000","153,900,000","154,300,000",,"153,600,000","155,200,000","155,700,000",,"156,200,000","156,900,000","157,300,000",,"156,400,000","155,900,000","155,500,000",,"155,600,000","155,400,000","155,000,000",,"153,600,000","154,000,000","156,500,000",,"156,800,000","156,700,000","156,700,000",,"157,400,000","158,300,000","158,100,000",,"157,400,000","157,100,000","156,200,000",,"153,200,000","152,100,000","151,300,000",,"150,700,000","151,000,000","150,900,000",,"150,800,000","140,800,000","139,700,000",,"139,500,000","139,000,000","138,500,000",,"140,000,000","134,782,609","137,500,000",,"135,964,912","144,444,444","125,000,000",,"137,500,000","136,090,226","100,000,000",,"132,692,308","129,411,765","137,500,000",,"130,769,231","122,222,222","133,333,333",,"132,142,857","131,250,000","131,034,483",,"131,778,426","100,000,000","100,000,000",,"130,000,000","132,000,000","130,769,231",,"132,258,065","131,250,000","130,000,000",,"129,032,258","128,205,128","131,034,483",,"128,704,000","127,994,000","127,772,000",,"127,772,000","128,510,000","131,354,000",,"127,772,000","127,772,000","127,772,000",,"130,914,000","129,116,000","127,832,000",,"126,188,000"
TotalOperatingIncomeAsReported,"795,000,000","217,000,000","118,000,000","196,000,000","264,000,000","282,000,000","161,000,000","178,000,000","69,000,000","-105,000,000","176,000,000","164,000,000","81,000,000","228,000,000","219,000,000","144,000,000","112,000,000","224,000,000","76,000,000","155,000,000","122,000,000","268,000,000",,,,,,,,,,,,,,,,,,,,,,"106,000,000","59,000,000","150,000,000",,,,,,,,,"56,000,000","36,000,000","28,000,000","35,000,000","32,000,000","47,000,000","-28,000,000","27,000,000","167,000,000","94,000,000","44,000,000","93,000,000","140,000,000","104,000,000","71,000,000","94,000,000","131,000,000","117,000,000","61,000,000","78,000,000","114,000,000","102,000,000","59,000,000","67,000,000","78,000,000","72,000,000","55,000,000","64,000,000","72,000,000","59,000,000","9,000,000","53,000,000","91,000,000","52,000,000","16,000,000","23,000,000","16,000,000","27,000,000","-23,000,000","-14,000,000","-60,000,000","-58,000,000","-14,000,000","-15,000,000","182,000,000","85,000,000","50,000,000","11,000,000","180,000,000","113,000,000","42,000,000","-17,000,000","118,000,000","85,000,000","-3,000,000","-116,000,000","146,000,000","85,000,000","10,000,000","-38,000,000","-104,000,000","72,000,000","22,000,000","17,000,000","271,000,000","128,000,000","76,000,000","49,000,000","208,000,000","92,000,000","55,000,000","39,000,000","244,000,000","154,000,000","108,000,000","82,000,000",,,,,,,,,,,,,,,,,,
TotalExpenses,"8,011,000,000","1,952,000,000","2,148,000,000","1,936,000,000","1,975,000,000","1,867,000,000","1,971,000,000","1,924,000,000","1,970,000,000","1,265,000,000","2,000,000,000","1,767,000,000","1,679,000,000","1,849,000,000","2,033,000,000","1,714,000,000","1,667,000,000","1,789,000,000","1,986,000,000","1,702,000,000","1,579,000,000","1,733,000,000","1,835,000,000","1,652,000,000","1,582,000,000","1,691,000,000","1,758,000,000","1,577,000,000","1,509,000,000","1,626,000,000","1,690,000,000","1,544,000,000","1,495,000,000","1,613,000,000","1,610,000,000","1,460,000,000","1,346,000,000","1,423,000,000","1,542,000,000","1,368,000,000","1,274,000,000","1,376,000,000","1,375,000,000","1,288,000,000","1,216,000,000","1,302,000,000","1,292,000,000","1,206,000,000","1,085,000,000","1,194,000,000","1,280,000,000","1,188,000,000","1,099,000,000","1,166,000,000","1,261,000,000","1,273,000,000","1,273,000,000","1,274,000,000","1,450,000,000","1,309,000,000","1,311,000,000","1,289,000,000","1,485,000,000","1,336,000,000","1,259,000,000","1,272,000,000","1,424,000,000","1,304,000,000","1,233,000,000","1,283,000,000","1,402,000,000","1,249,000,000","1,205,000,000","1,108,000,000","1,220,000,000","1,092,000,000","1,063,000,000","1,061,000,000","1,136,000,000","1,049,000,000","1,031,000,000","1,026,000,000","1,082,000,000","1,044,000,000","1,007,000,000","1,019,000,000","955,000,000","1,108,000,000","1,025,000,000","1,085,000,000","1,311,000,000","1,151,000,000","1,086,000,000","1,093,000,000","1,392,000,000","1,180,000,000","1,479,000,000","1,481,000,000","1,820,000,000","1,498,000,000","1,450,000,000","1,757,000,000","2,188,000,000","1,935,000,000","1,814,000,000","1,837,000,000","2,319,000,000","1,986,000,000","1,925,000,000","1,910,000,000","2,414,000,000","2,012,000,000","1,866,000,000","1,798,000,000","2,920,000,000","2,315,000,000","2,266,000,000","2,118,000,000","2,864,000,000","2,373,000,000","2,154,000,000","2,047,000,000","2,928,000,000","2,331,000,000","2,173,000,000","2,088,000,000","2,820,000,000","2,315,000,000","2,083,000,000","1,983,000,000",,,,,,,,,,,,,,,,,,
NetIncomeFromContinuingAndDiscontinuedOperation,"824,000,000","133,000,000","103,000,000","158,000,000","430,000,000","202,000,000","123,000,000","265,000,000","45,000,000","-110,000,000","134,000,000","125,000,000","60,000,000","172,000,000","158,000,000","130,000,000","88,000,000","165,000,000","-49,000,000","102,000,000","51,000,000","180,000,000","189,000,000","157,000,000","127,000,000","191,000,000","158,000,000","80,000,000","119,000,000","184,000,000","146,000,000","120,000,000","92,000,000","162,000,000","121,000,000","104,000,000","66,000,000","138,000,000","104,000,000","106,000,000","59,000,000","128,000,000","81,000,000","66,000,000","37,000,000","94,000,000","57,000,000","52,000,000","6,000,000","54,000,000","23,000,000","-6,000,000","0","31,000,000","-125,000,000","24,000,000","18,000,000","3,000,000","85,000,000","-33,000,000","-18,000,000","17,000,000","113,000,000","65,000,000","14,000,000","58,000,000","96,000,000","66,000,000","44,000,000","58,000,000","89,000,000","74,000,000","82,000,000","48,000,000","71,000,000","62,000,000","36,000,000","39,000,000","57,000,000","45,000,000","31,000,000","20,000,000","36,000,000","33,000,000","-14,000,000","37,000,000","-288,000,000","25,000,000","9,000,000","15,000,000","75,000,000","7,000,000","-31,000,000","-11,000,000","37,000,000","-155,000,000","-13,000,000","-5,000,000","115,000,000","55,000,000","-181,000,000","1,000,000","100,000,000","69,000,000","22,000,000","-22,000,000","-107,000,000","34,000,000","-11,000,000","-80,000,000","90,000,000","37,000,000","-42,000,000","-38,000,000","-46,000,000","-452,000,000","2,000,000","1,000,000","165,000,000","65,000,000","33,000,000","17,000,000","-128,000,000","41,000,000","21,000,000","13,000,000","149,000,000","80,000,000","50,000,000","38,000,000",,,,,,,,,,,,,,,,,,
NormalizedIncome,"948,806,282.723","137,182,000","155,040,816.327","198,584,000","456,352,000","204,848,000","166,818,750","267,872,000","69,548,000","-98,320,000","167,131,868.132","125,730,000","69,870,000","172,736,000","172,170,403.587","131,784,000","90,292,000","173,652,000","59,040,000","110,489,000","85,550,000","180,000,000","189,000,000","161,146,000","127,000,000","191,000,000","161,224,489.796","148,300,000","119,000,000","184,000,000","146,651,785.714","120,000,000","93,274,000","162,639,000","121,000,000","104,000,000","67,246,000","138,000,000","104,000,000","106,000,000","59,000,000","128,000,000","84,951,219.512","66,000,000","37,000,000","94,630,872.483","62,066,666.667","51,287,671.233","5,400,000","54,000,000","29,500,000","17,400,000","-1,650,000","30,367,346.939","37,888,888.889","22,702,702.703","17,357,142.857","15,350,000","97,650,000","34,250,000","-17,379,310.345","17,000,000","105,574,712.644","59,851,485.149","24,800,000","58,000,000","93,957,446.809","65,000,000","42,140,845.07","58,000,000","89,000,000","74,000,000","46,578,947.368","47,000,000","71,000,000","62,000,000","37,672,727.273","39,000,000","48,000,000","42,358,208.955","30,411,764.706","38,000,000","42,000,000","33,647,058.824","22,600,000","32,000,000","56,187,500","27,500,000","5,400,000","8,750,000","2,431,372.549","11,800,000","-24,477,611.94","-14,600,000","-20,200,000","-40,000,000","-14,950,000","-16,875,000","107,417,582.418","47,965,116.279","24,731,707.317","-2,000,000","99,393,939.394","57,000,000","13,600,000","-22,000,000","72,884,057.971","32,800,000","-21,200,000","-89,022,556.391","90,000,000","37,000,000","-15,191,489.362","-38,000,000","-76,053,333.333","29,843,191.197","2,000,000","1,000,000","165,000,000","65,000,000","33,000,000","17,000,000","-128,000,000","41,000,000","21,000,000","13,000,000","149,000,000","80,000,000","50,000,000","38,000,000",,,,,,,,,,,,,,,,,,
InterestIncome,"3,000,000","1,000,000","1,000,000","0","1,000,000","1,000,000","1,000,000","1,000,000","2,000,000","2,000,000","4,000,000","6,000,000","5,000,000","6,000,000","6,000,000","5,000,000","4,000,000","5,000,000","4,000,000","3,000,000","4,000,000","3,000,000","2,000,000","2,000,000","2,000,000","3,000,000","2,000,000","2,000,000","1,000,000","2,000,000","1,000,000","2,000,000","1,000,000","2,000,000","2,000,000","1,000,000","1,000,000","2,000,000","1,000,000","2,000,000","1,000,000","2,000,000","2,000,000","1,000,000","2,000,000","2,000,000","11,000,000","1,000,000","1,000,000","1,000,000",,"1,000,000","0","1,000,000",,,,,,,,,,,,,,,,,,,,,,,,,,,,,,,,,,,,,,,,,,,,,,,,,,,,,,,,,,,,,,,,,,,,,,,,,,,,,,,,,,,,,,,,,,,,,,
InterestExpense,"20,000,000","6,000,000","7,000,000","4,000,000","3,000,000","3,000,000","3,000,000","3,000,000","4,000,000","3,000,000","2,000,000","3,000,000","3,000,000","2,000,000","2,000,000","3,000,000","3,000,000","3,000,000","3,000,000","3,000,000","3,000,000","3,000,000","2,000,000","3,000,000","3,000,000","3,000,000","3,000,000","3,000,000","2,000,000","3,000,000","3,000,000","3,000,000","2,000,000","3,000,000","3,000,000","3,000,000","2,000,000","3,000,000","3,000,000","3,000,000","2,000,000","3,000,000","4,000,000","2,000,000","3,000,000","4,000,000","-5,000,000","3,000,000","3,000,000","4,000,000","0","4,000,000","3,000,000","3,000,000",,,,,,,,,,,,,,,,,,,,,,,,,,,,,,,,,,,,,,,,,,,,,,,,,,,,,,,,,,,,,,,,,,,,,,,,,,,,,,,,,,,,,,,,,,,,,,
NetInterestIncome,"-17,000,000","-5,000,000","-6,000,000","-4,000,000","-2,000,000","-2,000,000","-2,000,000","-2,000,000","-2,000,000","-1,000,000","2,000,000","3,000,000","2,000,000","4,000,000","4,000,000","2,000,000","1,000,000","2,000,000","1,000,000","0","1,000,000","0","0","-1,000,000","-1,000,000","0","-1,000,000","-1,000,000","-1,000,000","-1,000,000","-2,000,000","-1,000,000","-1,000,000","-1,000,000","-1,000,000","-2,000,000","-1,000,000","-1,000,000","-2,000,000","-1,000,000","-1,000,000","-1,000,000","-2,000,000","-1,000,000","-1,000,000","-2,000,000","16,000,000","-2,000,000","-2,000,000","-3,000,000","-2,000,000","-3,000,000","-3,000,000","-2,000,000",,,,,,,,,,,,,,,,,,,,,,,,,,,,,,,,,,,,,,,,,,,,,,,,,,,,,,,,,,,,,,,,,,,,,,,,,,,,,,,,,,,,,,,,,,,,,,
EBIT,"1,166,000,000","196,000,000","154,000,000","226,000,000","590,000,000","287,000,000","163,000,000","372,000,000","74,000,000","-102,000,000","184,000,000","174,000,000","88,000,000","236,000,000","225,000,000","149,000,000","118,000,000","232,000,000","83,000,000","159,000,000","76,000,000","272,000,000","283,000,000","230,000,000","201,000,000","301,000,000","248,000,000","120,000,000","187,000,000","293,000,000","227,000,000","190,000,000","146,000,000","257,000,000","184,000,000","163,000,000","108,000,000","219,000,000","161,000,000","158,000,000","95,000,000","204,000,000","127,000,000","107,000,000","61,000,000","153,000,000","85,000,000","76,000,000","13,000,000","88,000,000","39,000,000","-9,000,000","1,000,000","52,000,000","56,000,000","36,000,000","29,000,000","35,000,000","32,000,000","47,000,000","-28,000,000","27,000,000","167,000,000","94,000,000","44,000,000","93,000,000","140,000,000","104,000,000","71,000,000","94,000,000","133,000,000","117,000,000","63,000,000","78,000,000","114,000,000","102,000,000","60,000,000","67,000,000","78,000,000","71,000,000","54,000,000","64,000,000","73,000,000","60,000,000","41,000,000","53,000,000","92,000,000","52,000,000","16,000,000","23,000,000","16,000,000","27,000,000","-23,000,000","-14,000,000","-60,000,000","-58,000,000","-14,000,000","-15,000,000","182,000,000","85,000,000","50,000,000","11,000,000","180,000,000","113,000,000","42,000,000","-17,000,000","118,000,000","85,000,000","-3,000,000","-116,000,000","146,000,000","85,000,000","10,000,000","-38,000,000","-104,000,000","72,000,000","22,000,000","17,000,000","271,000,000","128,000,000","76,000,000","49,000,000","208,000,000","92,000,000","55,000,000","39,000,000","244,000,000","154,000,000","108,000,000","82,000,000","-5,410,000,000","2,165,000,000","1,983,000,000","1,877,000,000","-5,027,000,000","1,974,000,000","1,847,000,000","1,721,000,000","-4,936,500,000","1,783,500,000","1,783,500,000","1,783,500,000","-4,081,000,000","1,601,000,000","1,515,000,000","1,365,000,000","-3,756,000,000","1,470,000,000"
EBITDA,"1,372,000,000"
ReconciledCostOfRevenue,"5,909,000,000","1,435,000,000","1,568,000,000","1,429,000,000","1,477,000,000","1,404,000,000","1,465,000,000","1,456,000,000","1,539,000,000","905,000,000","1,521,000,000","1,312,000,000","1,240,000,000","1,389,000,000","1,537,000,000","1,272,000,000","1,243,000,000","1,359,000,000","1,517,000,000","1,290,000,000","1,198,000,000","1,321,000,000","1,400,000,000","1,246,000,000","1,193,000,000","1,291,000,000","1,332,000,000","1,187,000,000","1,142,000,000","1,246,000,000","1,282,000,000","1,157,000,000","1,116,000,000","1,222,000,000","1,209,000,000","1,085,000,000","1,001,000,000","1,077,000,000","1,149,000,000","1,019,000,000","939,000,000","1,041,000,000","1,022,000,000","941,000,000","887,000,000","977,000,000","962,000,000","892,000,000","791,000,000","888,000,000","958,000,000","885,000,000","819,000,000","860,000,000","939,000,000","954,000,000","941,000,000","943,000,000","1,105,000,000","975,000,000","981,000,000","956,000,000","1,118,000,000","1,008,000,000","942,000,000","946,000,000","1,080,000,000","978,000,000","927,000,000","959,000,000","1,055,000,000","941,000,000","900,000,000","826,000,000","922,000,000","805,000,000","792,000,000","783,000,000","845,000,000","777,000,000","773,000,000","770,000,000","806,000,000","777,000,000","742,000,000","746,000,000","713,000,000","804,000,000","743,000,000","787,000,000","951,000,000","848,000,000","791,000,000","791,000,000","1,009,000,000","861,000,000","1,052,000,000","1,046,000,000","1,367,000,000","1,090,000,000","1,041,000,000","1,253,000,000","1,628,000,000","1,385,000,000","1,273,000,000","1,295,000,000","1,677,000,000","1,419,000,000","1,334,000,000","1,305,000,000","1,705,000,000","1,400,000,000","1,292,000,000","1,229,000,000","2,100,000,000","1,619,000,000","1,582,000,000","1,446,000,000","2,162,000,000","1,644,000,000","1,484,000,000","1,393,000,000","2,129,000,000","1,625,000,000","1,509,000,000","1,421,000,000","2,122,000,000","1,624,000,000","1,441,000,000","1,347,000,000",,,,,,,,,,,,,,,,,,
ReconciledDepreciation,"206,000,000","54,000,000","55,000,000","49,000,000","48,000,000","45,000,000","44,000,000","44,000,000","44,000,000","44,000,000","45,000,000","44,000,000","46,000,000","44,000,000","45,000,000","44,000,000","44,000,000","45,000,000","46,000,000","44,000,000","42,000,000","41,000,000","40,000,000","40,000,000","39,000,000","39,000,000","39,000,000","38,000,000","36,000,000","35,000,000","33,000,000","34,000,000","36,000,000","36,000,000","36,000,000","35,000,000","31,000,000","31,000,000","30,000,000","30,000,000","29,000,000","29,000,000","28,000,000","27,000,000","28,000,000","27,000,000","27,000,000","27,000,000","26,000,000","26,000,000","27,000,000","29,000,000","28,000,000","28,000,000","33,000,000","32,000,000","33,000,000","32,000,000","34,000,000","45,000,000","44,000,000","43,000,000","44,000,000","44,000,000","44,000,000","43,000,000","43,000,000","46,000,000","41,000,000","41,000,000","45,000,000","38,000,000","37,000,000","34,000,000","35,000,000","37,000,000","38,000,000","37,000,000","38,000,000","37,000,000","38,000,000","36,000,000","40,000,000","38,000,000","38,000,000","38,000,000","30,000,000","40,000,000","41,000,000","40,000,000","44,000,000","47,000,000","46,000,000","45,000,000","44,000,000","17,000,000","47,000,000","44,000,000","43,000,000","41,000,000","39,000,000","45,000,000","36,000,000","51,000,000","50,000,000","50,000,000","62,000,000","59,000,000","59,000,000","59,000,000","59,000,000","59,000,000","58,000,000","57,000,000","65,000,000","63,000,000","66,000,000","63,000,000","65,000,000","65,000,000","64,000,000","60,000,000","72,000,000","65,000,000","62,000,000","62,000,000","66,000,000","58,000,000","57,000,000","53,000,000",,,,,,,,,,,,,,,,,,
NetIncomeFromContinuingOperationNetMinorityInterest,"824,000,000","133,000,000","103,000,000","158,000,000","430,000,000","202,000,000","123,000,000","265,000,000","45,000,000","-110,000,000","134,000,000","125,000,000","60,000,000","172,000,000","158,000,000","130,000,000","88,000,000","165,000,000","-49,000,000","102,000,000","51,000,000","180,000,000","189,000,000","157,000,000","127,000,000","191,000,000","158,000,000","80,000,000","119,000,000","184,000,000","146,000,000","120,000,000","92,000,000","162,000,000","121,000,000","104,000,000","66,000,000","138,000,000","104,000,000","106,000,000","59,000,000","128,000,000","81,000,000","66,000,000","37,000,000","94,000,000","57,000,000","52,000,000","6,000,000","54,000,000","23,000,000","-6,000,000","-1,000,000","31,000,000","-124,000,000","24,000,000","18,000,000","3,000,000","84,000,000","-34,000,000","-18,000,000","17,000,000","110,000,000","65,000,000","14,000,000","58,000,000","96,000,000","65,000,000","44,000,000","58,000,000","89,000,000","74,000,000","45,000,000","47,000,000","71,000,000","62,000,000","37,000,000","39,000,000","48,000,000","43,000,000","33,000,000","38,000,000","42,000,000","33,000,000","4,000,000","32,000,000","58,000,000","25,000,000","9,000,000","15,000,000","62,000,000","7,000,000","-41,000,000","-11,000,000","29,000,000","-40,000,000","-13,000,000","-5,000,000","115,000,000","55,000,000","26,000,000","1,000,000","100,000,000","69,000,000","22,000,000","-22,000,000","-107,000,000","34,000,000","-11,000,000","-80,000,000","90,000,000","37,000,000","-42,000,000","-38,000,000","-46,000,000","-452,000,000","2,000,000","1,000,000","165,000,000","65,000,000","33,000,000","17,000,000","-128,000,000","41,000,000","21,000,000","13,000,000","149,000,000","80,000,000","50,000,000","38,000,000",,,,,,,,,,,,,,,,,,
TotalUnusualItemsExcludingGoodwill,"-174,000,000","-6,000,000","-75,000,000","-57,000,000","-36,000,000","-4,000,000","-57,000,000","-4,000,000","-38,000,000","-16,000,000","-45,000,000","-1,000,000","-14,000,000","-1,000,000","-20,000,000","-2,000,000","-3,000,000","-12,000,000","-148,000,000","-13,000,000","-50,000,000",,"0","-6,000,000",,,"-5,000,000","-100,000,000","0","0","-1,000,000","0","-2,000,000","-1,000,000","0","0","-2,000,000",,"-12,000,000",,,,"-6,000,000","0","0","-1,000,000","-8,000,000","1,000,000","1,000,000","0","-10,000,000","-36,000,000","1,000,000","1,000,000","-235,000,000","2,000,000","1,000,000","-19,000,000","-21,000,000","-105,000,000","-1,000,000",,"7,000,000","8,000,000","-18,000,000",,"3,000,000",,"3,000,000",,,,"-2,000,000",,"0",,"-1,000,000",,"0","1,000,000","4,000,000",,"0","-1,000,000","-31,000,000",,"3,000,000","-4,000,000","6,000,000","10,000,000","98,000,000","-8,000,000","-27,000,000","6,000,000","82,000,000",,"3,000,000","19,000,000","12,000,000","11,000,000","2,000,000","5,000,000","1,000,000","20,000,000","14,000,000",,"-232,000,000","2,000,000","17,000,000","15,000,000",,,"-30,000,000",,"49,000,000","-775,000,000",,,,,,,,,,,,,,,,,,,,,,,,,,,,,,,,
TotalUnusualItems,"-174,000,000","-6,000,000","-75,000,000","-57,000,000","-36,000,000","-4,000,000","-57,000,000","-4,000,000","-38,000,000","-16,000,000","-45,000,000","-1,000,000","-14,000,000","-1,000,000","-20,000,000","-2,000,000","-3,000,000","-12,000,000","-148,000,000","-13,000,000","-50,000,000",,"0","-6,000,000",,,"-5,000,000","-100,000,000","0","0","-1,000,000","0","-2,000,000","-1,000,000","0","0","-2,000,000",,"-12,000,000",,,,"-6,000,000","0","0","-1,000,000","-8,000,000","1,000,000","1,000,000","0","-10,000,000","-36,000,000","1,000,000","1,000,000","-235,000,000","2,000,000","1,000,000","-19,000,000","-21,000,000","-105,000,000","-1,000,000",,"7,000,000","8,000,000","-18,000,000",,"3,000,000",,"3,000,000",,,,"-2,000,000",,"0",,"-1,000,000",,"0","1,000,000","4,000,000",,"0","-1,000,000","-31,000,000",,"3,000,000","-4,000,000","6,000,000","10,000,000","98,000,000","-8,000,000","-27,000,000","6,000,000","82,000,000",,"3,000,000","19,000,000","12,000,000","11,000,000","2,000,000","5,000,000","1,000,000","20,000,000","14,000,000",,"-232,000,000","2,000,000","17,000,000","15,000,000",,,"-30,000,000",,"49,000,000","-775,000,000",,,,,,,,,,,,,,,,,,,,,,,,,,,,,,,,
NormalizedEBITDA,"1,546,000,000","256,000,000","284,000,000","332,000,000","674,000,000","336,000,000","264,000,000","420,000,000","156,000,000","-42,000,000","274,000,000","219,000,000","148,000,000","281,000,000","290,000,000","195,000,000","165,000,000","289,000,000","277,000,000","216,000,000","168,000,000","313,000,000","323,000,000","276,000,000","240,000,000","340,000,000","292,000,000","258,000,000","223,000,000","328,000,000","261,000,000","224,000,000","184,000,000","294,000,000","220,000,000","198,000,000","141,000,000","250,000,000","191,000,000","188,000,000","124,000,000","233,000,000","161,000,000","134,000,000","89,000,000","181,000,000","120,000,000","102,000,000","38,000,000","114,000,000","76,000,000","56,000,000","28,000,000","79,000,000","324,000,000","66,000,000","61,000,000","86,000,000","87,000,000","197,000,000","17,000,000","70,000,000","204,000,000","130,000,000","106,000,000","136,000,000","180,000,000","150,000,000","109,000,000","135,000,000","178,000,000","155,000,000","102,000,000","112,000,000","149,000,000","139,000,000","99,000,000","104,000,000","116,000,000","107,000,000","88,000,000","100,000,000","113,000,000","99,000,000","110,000,000","91,000,000","119,000,000","96,000,000","51,000,000","53,000,000","-38,000,000","82,000,000","50,000,000","25,000,000","-98,000,000","-20,000,000","30,000,000","10,000,000","213,000,000","115,000,000","91,000,000","51,000,000","215,000,000","144,000,000","78,000,000","33,000,000","412,000,000","142,000,000","39,000,000","-72,000,000","205,000,000","144,000,000","98,000,000","19,000,000","-88,000,000","910,000,000","88,000,000","80,000,000","336,000,000","193,000,000","140,000,000","109,000,000","280,000,000","157,000,000","117,000,000","101,000,000","310,000,000","212,000,000","165,000,000","135,000,000","-5,410,000,000","2,165,000,000","1,983,000,000","1,877,000,000","-5,027,000,000","1,974,000,000","1,847,000,000","1,721,000,000","-4,936,500,000","1,783,500,000","1,783,500,000","1,783,500,000","-4,081,000,000","1,601,000,000","1,515,000,000","1,365,000,000","-3,756,000,000","1,470,000,000"
TaxRateForCalcs,"0.283","0.303","0.306","0.288","0.268","0.288","0.231","0.282","0.354","0.27","0.264","0.27","0.295","0.264","0.291","0.108","0.236","0.279","0.27","0.347","0.309","0.33","0.327","0.309","0.359","0.36","0.355","0.317","0.358","0.365","0.348","0.358","0.363","0.361","0.331","0.35","0.377","0.361","0.342","0.317","0.367","0.364","0.341","0.371","0.362","0.369","0.367","0.288","0.4","0.357","0.35","0.35","0.35","0.367","0.311","0.351","0.357","0.35","0.35","0.35","0.379","0.37","0.368","0.356","0.4","0.37","0.319","0.363","0.38","0.363","0.315","0.345","0.211","0.365","0.355","0.361","0.327","0.371","0.324","0.358","0.353","0.333","0.373","0.353","0.4","0.396","0.396","0.375","0.4","0.375","0.392","0.4","0.388","0.4","0.4","0.4","0.35","0.375","0.368","0.36","0.366","0.4","0.394","0.4","0.4","0.4","0.225","0.4","0.4","0.398","0.384","0.327","0.106","0.345","0.387","0.378","0.333","0.4","0.353","0.369","0.365","0.37","0.366","0.369","0.364","0.381","0.338","0.375","0.375","0.367",,,,,,,,,,,,,,,,,,
TaxEffectOfUnusualItems,"-49,193,717.277","-1,818,000","-22,959,183.673","-16,416,000","-9,648,000","-1,152,000","-13,181,250","-1,128,000","-13,452,000","-4,320,000","-11,868,131.868","-270,000","-4,130,000","-264,000","-5,829,596.413","-216,000","-708,000","-3,348,000","-39,960,000","-4,511,000","-15,450,000","0","0","-1,854,000","0","0","-1,775,510.204","-31,700,000","0","0","-348,214.286","0","-726,000","-361,000","0","0","-754,000","0","0","0","0","0","-2,048,780.488","0","0","-369,127.517","-2,933,333.333","287,671.233","400,000","0","-3,500,000","-12,600,000","350,000","367,346.939","-73,111,111.111","702,702.703","357,142.857","-6,650,000","-7,350,000","-36,750,000","-379,310.345","0","2,574,712.644","2,851,485.149","-7,200,000","0","957,446.809","0","1,140,845.07","0","0","0","-421,052.632","0","0","0","-327,272.727","0","0","358,208.955","1,411,764.706","0","0","-352,941.176","-12,400,000","0","1,187,500","-1,500,000","2,400,000","3,750,000","38,431,372.549","-3,200,000","-10,477,611.94","2,400,000","32,800,000","0","1,050,000","7,125,000","4,417,582.418","3,965,116.279","731,707.317","2,000,000","393,939.394","8,000,000","5,600,000","0","-52,115,942.029","800,000","6,800,000","5,977,443.609","0","0","-3,191,489.362","0","18,946,666.667","-293,156,808.803","0","0","0","0","0","0","0","0","0","0","0","0","0","0",,,,,,,,,,,,,,,,,,