name,ttm,03/31/2022,12/31/2021,09/30/2021,06/30/2021,03/31/2021,12/31/2020,09/30/2020,06/30/2020,03/31/2020,12/31/2019,09/30/2019,06/30/2019,03/31/2019,12/31/2018,09/30/2018,06/30/2018,03/31/2018,12/31/2017,09/30/2017,06/30/2017,03/31/2017,12/31/2016,09/30/2016,06/30/2016,03/31/2016,12/31/2015,09/30/2015,06/30/2015,03/31/2015,12/31/2014,09/30/2014,06/30/2014,03/31/2014,12/31/2013,09/30/2013,06/30/2013,03/31/2013,12/31/2012,09/30/2012,06/30/2012,03/31/2012,12/31/2011,09/30/2011,06/30/2011,03/31/2011,12/31/2010,09/30/2010,06/30/2010,03/31/2010,12/31/2009,09/30/2009,06/30/2009,03/31/2009,12/31/2008,09/30/2008,06/30/2008,03/31/2008,12/31/2007,09/30/2007,06/30/2007,03/31/2007,12/31/2006,09/30/2006,06/30/2006,03/31/2006,12/31/2005,09/30/2005,06/30/2005,03/31/2005,12/31/2004,09/30/2004,06/30/2004,03/31/2004,12/31/2003,09/30/2003,06/30/2003,03/31/2003
TotalRevenue,"780,212,000","197,174,000","204,998,000","189,964,000","188,076,000","186,636,000","197,043,000","177,996,000","157,824,000","160,753,000","178,629,000","140,604,000","138,018,000","132,213,000","140,887,000","134,989,000","135,509,000","118,290,000","131,901,000","143,735,000","143,976,000","128,829,000","123,888,000","123,299,000","83,083,000","53,611,000","71,782,000","65,862,000","73,885,000","70,829,000","71,285,000","73,933,000","67,352,000","55,959,000","48,546,000","67,634,000","62,733,000","52,620,000","47,654,000","41,262,000","54,813,000","34,806,000","30,224,000","52,115,000","46,558,000","40,428,000","43,912,000","47,347,000","57,640,000","39,666,000","32,995,000","43,773,000","31,198,000","27,369,000","39,889,000","52,584,000","52,013,000","65,703,000","120,505,000","125,291,000","114,124,000","102,271,000","98,693,000","96,757,000","92,433,000","81,330,000","71,819,000","62,374,000","52,337,000","50,965,000","46,113,000","51,377,000","43,154,000","37,118,000","31,463,000","26,076,000","22,094,000","18,669,000"
	OperatingRevenue,"780,212,000","197,174,000","204,998,000","189,964,000","188,076,000","186,636,000","197,043,000","177,996,000","157,824,000","160,753,000","178,629,000","140,604,000","138,018,000","132,213,000","140,887,000","134,989,000","135,509,000","118,290,000","131,901,000","143,735,000","143,976,000","128,829,000","123,888,000","123,299,000","83,083,000","53,611,000","71,782,000","65,862,000","73,885,000","70,829,000","71,285,000","73,933,000","67,352,000","55,959,000","48,546,000","67,634,000","62,733,000","52,620,000","47,654,000","41,262,000","54,813,000","34,806,000","30,224,000","52,115,000","46,558,000","40,428,000","43,912,000","47,347,000","57,640,000","39,666,000","32,995,000","43,773,000","31,198,000","27,369,000","39,889,000","52,584,000","52,013,000","65,703,000","120,505,000","125,291,000","114,124,000","102,271,000","98,693,000","96,757,000","92,433,000","81,330,000","71,819,000","62,374,000","52,337,000","50,965,000","46,113,000","51,377,000","43,154,000","37,118,000","31,463,000","26,076,000","22,094,000","18,669,000"
CostOfRevenue,"439,927,000","102,950,000","115,439,000","109,745,000","111,793,000","109,930,000","119,429,000","101,247,000","91,657,000","93,363,000","104,324,000","85,286,000","82,666,000","79,692,000","84,865,000","82,019,000","79,291,000","73,161,000","83,272,000","86,105,000","82,209,000","81,258,000","83,613,000","96,111,000","57,656,000","43,819,000","50,592,000","47,407,000","50,582,000","48,040,000","50,337,000","49,791,000","47,328,000","43,634,000","44,288,000","55,088,000","46,328,000","43,545,000","50,798,000","33,110,000","38,646,000","30,650,000","35,199,000","40,141,000","36,668,000","36,359,000","40,593,000","54,541,000","54,709,000","41,994,000","35,797,000","36,435,000","32,524,000","31,048,000","39,300,000","40,583,000","40,912,000","53,131,000","58,921,000","58,609,000","53,663,000","48,567,000","47,536,000","46,492,000","43,707,000","40,500,000","36,997,000","33,980,000","30,434,000","28,691,000","26,038,000","25,625,000","20,315,000","18,026,000","15,447,000","13,213,000","11,469,000","9,855,000"
GrossProfit,"340,285,000","94,224,000","89,559,000","80,219,000","76,283,000","76,706,000","77,614,000","76,749,000","66,167,000","67,390,000","74,305,000","55,318,000","55,352,000","52,521,000","56,022,000","52,970,000","56,218,000","45,129,000","48,629,000","57,630,000","61,767,000","47,571,000","40,275,000","27,188,000","25,427,000","9,792,000","21,190,000","18,455,000","23,303,000","22,789,000","20,948,000","24,142,000","20,024,000","12,325,000","4,258,000","12,546,000","16,405,000","9,075,000","-3,144,000","8,152,000","16,167,000","4,156,000","-4,975,000","11,974,000","9,890,000","4,069,000","3,319,000","-7,194,000","2,931,000","-2,328,000","-2,802,000","7,338,000","-1,326,000","-3,679,000","589,000","12,001,000","11,101,000","12,572,000","61,584,000","66,682,000","60,461,000","53,704,000","51,157,000","50,265,000","48,726,000","40,830,000","34,822,000","28,394,000","21,903,000","22,274,000","20,075,000","25,752,000","22,839,000","19,092,000","16,016,000","12,863,000","10,625,000","8,814,000"
OperatingExpense,"230,708,000","60,040,000","57,769,000","56,966,000","55,933,000","54,061,000","56,786,000","54,712,000","43,674,000","48,960,000","50,587,000","45,983,000","46,357,000","44,907,000","44,066,000","43,602,000","44,907,000","41,495,000","42,751,000","43,348,000","42,144,000","40,243,000","42,109,000","40,261,000","25,163,000","23,365,000","21,954,000","21,753,000","22,598,000","22,968,000","23,337,000","24,507,000","24,265,000","22,001,000","22,154,000","23,253,000","24,402,000","25,547,000","24,733,000","20,167,000","22,466,000","21,995,000","22,647,000","21,623,000","22,032,000","23,947,000","25,874,000","29,044,000","34,722,000","32,958,000","32,175,000","31,141,000","32,201,000","40,420,000","42,391,000","40,754,000","38,526,000","39,046,000","39,450,000","39,584,000","37,440,000","37,030,000","31,717,000","31,315,000","29,592,000","25,524,000","21,348,000","19,752,000","15,518,000","15,654,000","14,233,000","13,914,000","11,942,000","10,632,000","10,204,000","9,342,000","8,680,000","7,871,000"
	SellingGeneralAndAdministration,"126,683,000","32,906,000","32,358,000","30,940,000","30,479,000","30,015,000","32,816,000","31,834,000","22,755,000","27,693,000","28,981,000","25,887,000","26,283,000","25,184,000","25,668,000","24,745,000","25,232,000","23,449,000","24,238,000","24,010,000","23,602,000","22,829,000","23,891,000","23,008,000","14,030,000","12,516,000","10,717,000","11,108,000","11,381,000","11,882,000","12,631,000","13,309,000","13,191,000","12,254,000","12,160,000","12,952,000","13,487,000","14,618,000","14,958,000","11,594,000","11,531,000","11,148,000","11,964,000","11,200,000","11,154,000","12,387,000","14,398,000","16,219,000","18,725,000","17,867,000","16,489,000","17,366,000","18,263,000","26,310,000","26,170,000","23,675,000","22,705,000","22,658,000","23,203,000","23,365,000","23,056,000","22,928,000","18,506,000","19,321,000","17,965,000","15,748,000","12,215,000","12,160,000","10,129,000","9,950,000","9,466,000","8,359,000","7,426,000","6,283,000","5,957,000","5,376,000","4,849,000","4,222,000"
	ResearchAndDevelopment,"104,025,000","27,134,000","25,411,000","26,026,000","25,454,000","24,046,000","23,970,000","22,878,000","20,919,000","21,267,000","21,606,000","20,096,000","20,074,000","19,723,000","18,398,000","18,857,000","19,675,000","18,046,000","18,513,000","19,338,000","18,542,000","17,414,000","18,218,000","17,253,000","11,133,000","10,849,000","11,237,000","10,645,000","11,217,000","11,086,000","10,706,000","11,198,000","11,074,000","9,747,000","9,994,000","10,301,000","10,915,000","10,929,000","9,775,000","8,573,000","10,935,000","10,847,000","10,683,000","10,423,000","10,878,000","11,560,000","11,476,000","12,825,000","15,997,000","15,091,000","15,686,000","13,775,000","13,938,000","14,110,000","16,221,000","17,079,000","15,821,000","16,388,000","16,247,000","16,219,000","14,384,000","14,102,000","13,211,000","11,994,000","11,627,000","9,776,000","8,754,000","7,700,000","5,516,000","5,668,000","5,393,000","5,555,000","4,516,000","4,349,000","4,247,000","3,966,000","3,831,000","3,594,000"
	OtherOperatingExpenses,,,,,,,,,,,,,,,,,,,,,,,,,,,,,,,,,,,,,,,,,,,,,,,,,,,,,,,,,,,,,,,,,,,,"-108,000","-127,000","36,000",,,,,,,,"55,000"
OperatingIncome,"109,577,000","34,184,000","31,790,000","23,253,000","20,350,000","22,645,000","20,828,000","22,037,000","22,493,000","18,430,000","23,718,000","9,335,000","8,995,000","7,614,000","11,956,000","9,368,000","11,311,000","3,634,000","5,878,000","14,282,000","19,623,000","7,328,000","-1,834,000","-13,073,000","264,000","-13,573,000","-764,000","-3,298,000","705,000","-179,000","-2,389,000","-365,000","-4,241,000","-9,676,000","-17,896,000","-10,707,000","-7,997,000","-16,472,000","-27,877,000","-12,015,000","-6,299,000","-17,839,000","-27,622,000","-9,649,000","-12,142,000","-19,878,000","-22,555,000","-36,238,000","-31,791,000","-35,286,000","-34,977,000","-23,803,000","-33,527,000","-44,099,000","-41,802,000","-28,753,000","-27,425,000","-26,474,000","22,134,000","27,098,000","23,021,000","16,674,000","19,440,000","18,950,000","19,134,000","15,306,000","13,474,000","8,642,000","6,385,000","6,620,000","5,842,000","11,838,000","10,897,000","8,460,000","5,812,000","3,521,000","1,945,000","943,000"
NetNonOperatingInterestIncomeExpense,"-101,000","-54,000","-49,000","-30,000","32,000","14,000","9,000","56,000","205,000","367,000","350,000","302,000","162,000","-15,000","-256,000","-408,000","-584,000","-710,000","-780,000","-986,000","-1,069,000","67,000","60,000","52,000","88,000","117,000","72,000","65,000","65,000","85,000","69,000","75,000","79,000","79,000","88,000","95,000","96,000","107,000","134,000","163,000","182,000","212,000","276,000","335,000","369,000","424,000","426,000","623,000","722,000","775,000","711,000","694,000","762,000","1,115,000",,,,,,,,,,,,,,,,,,,,,,,,
	InterestIncomeNonOperating,"513,000","138,000","106,000","121,000","148,000","194,000","191,000","249,000","376,000","685,000","726,000","724,000","684,000","580,000","404,000","369,000","326,000","257,000","265,000","123,000","93,000","67,000","60,000","52,000","88,000","117,000","72,000","65,000","65,000","85,000","69,000","75,000","79,000","79,000","88,000","95,000","96,000","107,000","134,000",,"182,000",,,,,,,,"722,000","775,000","711,000","694,000","762,000","1,115,000",,,,,,,,,,,,,,,,,,,,,,,,
	InterestExpenseNonOperating,"614,000","192,000","155,000","151,000","116,000","180,000","182,000","193,000","171,000","318,000","376,000","422,000","522,000","595,000","660,000","777,000","910,000","967,000","1,045,000","1,109,000","1,162,000",,,,,,,,,,,,,,,,,,,,,,,,,,,,,,,,,,,,,,,,,,,,,,,,,,,,,,,,,
	TotalOtherFinanceCost,,,,,,,,,,,,,,,,,,,,,,,,,,,,,,,,,,,,,,,,"-163,000","-182,000","-212,000","-276,000","-335,000","-369,000","-424,000","-426,000","-623,000","-722,000","-775,000",,"-694,000","-762,000",,,,,,,,,,,,,,,,,,,,,,,,,
OtherIncomeExpense,"515,000","192,000","459,000","58,000","-194,000","172,000","609,000","299,000","-67,000","-91,000","379,000","226,000","81,000","-84,000","-43,000","121,000","50,000","-512,000","-652,000","295,000","63,000","-1,843,000","-13,643,000","-1,127,000","-7,212,000","-314,000","-34,000","923,000","92,000","998,000","-819,000","114,000","-215,000","-2,806,000","-928,000","-249,000","-304,000","-3,615,000","3,202,000","-2,453,000","349,000","275,000","518,000","-433,000","1,683,000","-1,763,000","-874,000","-59,981,000","-2,595,000","-3,433,000","-452,000","-415,000","-353,000","-8,095,000","-4,624,000","122,000","-3,875,000","-4,527,000","294,000","415,000","-61,000","-119,000","159,000","59,000","327,000","-341,000","-436,000","-630,000","-112,000","87,000","1,298,000","-156,000","-247,000","-395,000","370,000","242,000","-30,000","-19,000"
	SpecialIncomeCharges,,,,,,,,,,,,,,,"-160,000","0",,,"-481,000","-16,000","-44,000","-269,000","-12,697,000","-85,000","-6,910,000",,"3,000","-59,000","-8,000","-503,000","-974,000","-114,000","-59,000","-2,740,000","-1,010,000","-158,000","-513,000","-4,038,000","3,202,000","-2,453,000","349,000","275,000","518,000","-433,000","1,683,000","-1,763,000","-874,000","-59,981,000","-2,595,000","-3,433,000","-452,000","-415,000","-353,000","-8,095,000","-4,624,000","122,000","-3,875,000","-4,527,000","294,000","415,000","-61,000","-119,000","159,000","59,000","327,000","-341,000","-436,000","-630,000","-112,000","87,000","1,298,000","-156,000","-247,000","-395,000","370,000","242,000","-30,000","-19,000"
		RestructuringAndMergernAcquisition,,,,,,,,,,,,,,,"160,000","0",,,"481,000","16,000","44,000","269,000","12,697,000","85,000","6,910,000",,"-3,000","59,000","0","503,000","584,000","28,000","59,000","1,997,000","443,000","143,000","92,000","3,980,000","333,000","2,481,000","136,000","-33,000","325,000","258,000","-1,099,000","1,038,000","1,305,000","8,539,000","2,513,000","3,550,000","837,000","0","264,000","7,679,000","473,000","141,000","3,223,000","5,320,000",,,,,,,,,,,,,,,,,,,,
		ImpairmentOfCapitalAssets,,,,,,,,,,,,,,,,,,,,,,,,,"0",,"0","0","8,000","0","390,000","86,000","0","743,000","567,000","15,000","121,000","58,000","49,000","143,000","61,000","168,000","98,000","100,000","0","351,000","0","55,402,000",,,,,,,,,,,,,,,,,,,,,,,,,,,,,,
		OtherSpecialCharges,,,,,,,,,,,,,,,,,,,,,,,,,,,,,,,,,,,,,,,"-3,584,000","-171,000","-546,000","-410,000","-941,000","75,000","-584,000","374,000","-431,000","-3,960,000","82,000","-117,000","-385,000","415,000","89,000","416,000","-249,000","-263,000","652,000","-793,000",,,,,,,,,,,,,,,,,,,,
		GainOnSaleOfBusiness,,,,,,,,,,,,,,,,,,,,,,,,,,,,,,,"0","0","0",,"0","0","-300,000",,,,,,,,,,,,,,,,,,,,,,,,,,,,,,,,,,,,,,,,,
	OtherNonOperatingIncomeExpenses,"515,000","192,000","459,000","58,000","-194,000","172,000","609,000","299,000","-67,000","-91,000","379,000","226,000","81,000","-84,000","117,000","121,000","50,000","-512,000","-171,000","311,000","107,000","-1,574,000","-946,000","-1,042,000","-302,000","-314,000","-37,000","982,000","100,000","1,501,000","155,000","228,000","-156,000","-66,000","82,000","-91,000","209,000","423,000","334,000",,,,,,,,,,,,,,,,,,,,,,,,,,,,,,,,,,,,,,,
PretaxIncome,"109,991,000","34,322,000","32,200,000","23,281,000","20,188,000","22,831,000","21,446,000","22,392,000","22,631,000","18,706,000","24,447,000","9,863,000","9,238,000","7,515,000","11,657,000","9,081,000","10,777,000","2,412,000","4,446,000","13,591,000","18,617,000","5,552,000","-15,417,000","-14,148,000","-6,860,000","-13,770,000","-726,000","-2,310,000","862,000","904,000","-3,139,000","-176,000","-4,377,000","-12,403,000","-18,736,000","-10,861,000","-8,205,000","-19,980,000","-24,541,000","-14,305,000","-5,768,000","-17,352,000","-26,828,000","-9,747,000","-10,090,000","-21,217,000","-23,003,000","-95,596,000","-33,664,000","-37,944,000","-34,718,000","-23,524,000","-33,118,000","-51,079,000","-44,788,000","-25,826,000","-28,172,000","-26,126,000","28,169,000","33,279,000","28,517,000","21,999,000","24,586,000","23,494,000","23,350,000","16,787,000","14,787,000","9,020,000","7,126,000","7,559,000","7,224,000","12,317,000","11,222,000","8,598,000","6,598,000","4,041,000","2,076,000","1,127,000"
TaxProvision,"15,820,000","4,450,000","6,303,000","2,784,000","2,283,000","3,206,000","2,173,000","-499,000","2,162,000","2,816,000","5,811,000","1,584,000","2,290,000","2,032,000","-73,443,000","1,393,000","1,654,000","287,000","-1,142,000","1,028,000","1,040,000","367,000","27,000","50,000","-43,744,000","30,000","-107,000","215,000","24,000","121,000","-1,268,000","101,000","-51,000","308,000","53,000","-147,000","202,000","-207,000","-25,144,000","173,000","-1,551,000","102,000","147,000","157,000","-2,412,000","207,000","-2,592,000","231,000","200,000","240,000","-6,755,000","377,000","32,728,000","-13,136,000","-14,828,000","-11,785,000","-9,513,000","-8,165,000","13,818,000","11,056,000","9,867,000","7,167,000","5,666,000","7,675,000","8,069,000","6,019,000","4,306,000","-758,000","2,114,000","2,648,000","1,402,000","4,820,000","4,466,000","3,422,000","2,530,000","1,536,000","789,000","428,000"
NetIncomeCommonStockholders,"94,171,000","29,872,000","25,897,000","20,497,000","17,905,000","19,625,000","19,273,000","22,891,000","20,469,000","15,890,000","18,636,000","8,279,000","6,948,000","5,483,000","85,100,000","7,688,000","9,123,000","2,125,000","5,588,000","12,563,000","17,577,000","5,185,000","-15,444,000","-14,198,000","36,884,000","-13,800,000","-619,000","-2,525,000","838,000","783,000","-1,871,000","-277,000","-4,326,000","-12,711,000","-18,789,000","-10,714,000","-8,407,000","-19,773,000","603,000","-14,478,000","-4,217,000","-17,454,000","-26,975,000","-9,904,000","-7,678,000","-21,424,000","-20,411,000","-95,827,000","-33,864,000","-38,184,000","-27,963,000","-23,901,000","-65,846,000","-37,943,000","-29,960,000","-14,041,000","-18,659,000","-17,961,000","14,351,000","22,223,000","18,650,000","14,832,000","18,920,000","15,819,000","15,281,000","10,768,000","10,481,000","9,778,000","5,012,000","4,911,000","5,822,000","7,497,000","6,756,000","5,176,000","4,068,000","2,505,000","1,287,000","699,000"
	NetIncome,"94,171,000","29,872,000","25,897,000","20,497,000","17,905,000","19,625,000","19,273,000","22,891,000","20,469,000","15,890,000","18,636,000","8,279,000","6,948,000","5,483,000","85,100,000","7,688,000","9,123,000","2,125,000","5,588,000","12,563,000","17,577,000","5,185,000","-15,444,000","-14,198,000","36,884,000","-13,800,000","-619,000","-2,525,000","838,000","783,000","-1,871,000","-277,000","-4,326,000","-12,711,000","-18,789,000","-10,714,000","-8,407,000","-19,773,000","603,000","-14,478,000","-4,217,000","-17,454,000","-26,975,000","-9,904,000","-7,678,000","-21,424,000","-20,411,000","-95,827,000","-33,864,000","-38,184,000","-27,963,000","-23,901,000","-65,846,000","-37,943,000","-29,960,000","-14,041,000","-18,659,000","-17,961,000","14,351,000","22,223,000","18,650,000","14,832,000","18,920,000","15,819,000","15,281,000","10,768,000","10,481,000","9,778,000","5,012,000","4,911,000","5,822,000","7,497,000","6,756,000","5,176,000","4,068,000","2,505,000","1,287,000","699,000"
		NetIncomeIncludingNoncontrollingInterests,"94,171,000","29,872,000","25,897,000","20,497,000","17,905,000","19,625,000","19,273,000","22,891,000","20,469,000","15,890,000","18,636,000","8,279,000","6,948,000","5,483,000","85,100,000","7,688,000","9,123,000","2,125,000","5,588,000","12,563,000","17,577,000","5,185,000","-15,444,000","-14,198,000","36,884,000","-13,800,000","-619,000","-2,525,000","838,000","783,000","-1,871,000","-277,000","-4,326,000","-12,711,000","-18,789,000","-10,714,000","-8,407,000","-19,773,000","603,000","-14,478,000","-4,217,000","-17,454,000","-26,975,000","-9,904,000","-7,678,000","-21,424,000","-20,411,000","-95,827,000","-33,864,000","-38,184,000","-27,963,000","-23,901,000","-65,846,000","-37,943,000","-29,960,000","-14,041,000","-18,659,000","-17,961,000","14,351,000","22,223,000","18,650,000","14,832,000","18,920,000","15,819,000","15,281,000","10,768,000","10,481,000","9,778,000","5,012,000","4,911,000","5,822,000","7,497,000","6,756,000","5,176,000","4,068,000","2,505,000","1,287,000","699,000"
			NetIncomeContinuousOperations,"94,171,000","29,872,000","25,897,000","20,497,000","17,905,000","19,625,000","19,273,000","22,891,000","20,469,000","15,890,000","18,636,000","8,279,000","6,948,000","5,483,000","85,100,000","7,688,000","9,123,000","2,125,000","5,588,000","12,563,000","17,577,000","5,185,000","-15,444,000","-14,198,000","36,884,000","-13,800,000","-619,000","-2,525,000","838,000","783,000","-1,871,000","-277,000","-4,326,000","-12,711,000","-18,789,000","-10,714,000","-8,407,000","-19,773,000","603,000","-14,478,000","-4,217,000","-17,454,000","-26,975,000","-9,904,000","-7,678,000","-21,424,000","-20,411,000","-95,827,000","-33,864,000","-38,184,000","-27,963,000","-23,901,000","-65,846,000","-37,943,000","-29,960,000","-14,041,000","-18,659,000","-17,961,000","14,351,000","22,223,000","18,650,000","14,832,000","18,920,000","15,819,000","15,281,000","10,768,000","10,481,000","9,778,000","5,012,000","4,911,000","5,822,000","7,497,000","6,756,000","5,176,000","4,068,000","2,505,000","1,287,000","699,000"
DilutedNIAvailtoComStockholders,"94,171,000","29,872,000","25,897,000","20,497,000","17,905,000","19,625,000","19,273,000","22,891,000","20,469,000","15,890,000","18,636,000","8,279,000","6,948,000","5,483,000","85,100,000","7,688,000","9,123,000","2,125,000","5,588,000","12,563,000","17,577,000","5,185,000","-15,444,000","-14,198,000","36,884,000","-13,800,000","-619,000","-2,525,000","838,000","783,000","-1,871,000","-277,000","-4,326,000","-12,711,000","-18,789,000","-10,714,000","-8,407,000","-19,773,000","603,000","-14,478,000","-4,217,000","-17,454,000","-26,975,000","-9,904,000","-7,678,000","-21,424,000","-20,411,000","-95,827,000","-33,864,000","-38,184,000","-27,963,000","-23,901,000","-65,846,000","-37,943,000","-29,960,000","-14,041,000","-18,659,000","-17,961,000","14,351,000","22,223,000","18,650,000","14,832,000","18,920,000","15,819,000","15,281,000","10,768,000","10,481,000","9,778,000","5,012,000","4,911,000","5,822,000","7,497,000","6,756,000","5,176,000","4,068,000","2,505,000","1,287,000","699,000"
BasicEPS,,"0.38","0.33","0.26","0.23","0.25","0.25","0.3","0.27","0.21","0.25","0.11","0.09","0.07","1.15","0.1","0.12","0.03","0.08","0.17","0.24","0.07","-0.22","-0.2","0.62","-0.24","-0.01","-0.04","0.01","0.01","-0.03","-0.005","-0.08","-0.23","-0.34","-0.2","-0.16","-0.37","0.01","-0.29","-0.08","-0.35","-0.54","-0.2","-0.13","-0.42",,"-1.9","-0.68","-0.77",,"-0.48","-1.33","-0.77",,"-0.29","-0.38","-0.37",,"0.46","0.39","0.31",,"0.34","0.33","0.26",,"0.25","0.13","0.13",,"0.2","0.18","0.14",,"0.07","0.12","0.15"
DilutedEPS,,"0.38","0.33","0.26","0.23","0.25","0.24","0.29","0.26","0.2","0.24","0.11","0.09","0.07","1.13","0.1","0.12","0.03","0.07","0.17","0.24","0.07","-0.22","-0.2","0.61","-0.24","-0.01","-0.04","0.01","0.01","-0.03","-0.005","-0.08","-0.23","-0.34","-0.2","-0.16","-0.37","0.01","-0.29","-0.08","-0.35","-0.54","-0.2","-0.13","-0.42",,"-1.9","-0.68","-0.77",,"-0.48","-1.33","-0.77",,"-0.29","-0.38","-0.37",,"0.45","0.38","0.3",,"0.33","0.32","0.25",,"0.23","0.12","0.12",,"0.19","0.17","0.13",,"0.07","0.04","0.02"
BasicAverageShares,,"78,246,000","78,220,000","77,869,000","77,463,000","77,598,000","77,416,000","77,029,000","76,275,000","76,005,000","75,731,000","75,280,000","74,478,000","74,362,000","74,108,000","73,837,000","73,157,000","72,826,000","72,846,000","72,651,000","72,200,000","71,423,000","70,807,000","70,502,000","59,572,000","58,431,000","58,128,000","58,209,000","58,109,000","56,954,000","56,472,000","56,297,000","55,812,000","55,050,000","54,608,000","54,437,000","54,105,000","53,664,000","52,745,000","50,154,000","49,817,000","49,487,000","49,967,000","50,747,000","50,733,000","50,636,000",,"50,431,000","50,084,000","49,890,000",,"49,582,000","49,394,000","49,201,000",,"48,988,000","48,835,000","48,743,000",,"48,291,000","47,893,000","47,384,000",,"46,417,000","45,920,000","41,593,000",,"39,733,000","39,274,000","39,018,000",,"37,632,000","37,381,000","37,083,000",,"34,117,000","10,894,000","4,539,000"
DilutedAverageShares,,"79,468,000","79,121,000","79,029,000","79,466,000","79,988,000","79,562,000","78,809,000","78,861,000","78,510,000","78,055,000","77,291,000","76,189,000","76,009,000","75,416,000","74,962,000","74,533,000","74,342,000","74,756,000","73,885,000","73,539,000","72,922,000","70,807,000","70,502,000","59,988,000","58,431,000","58,128,000","58,209,000","59,094,000","58,838,000","56,472,000","56,297,000","55,812,000","55,050,000","54,608,000","54,437,000","54,105,000","53,664,000","52,921,000","50,154,000","49,817,000","49,487,000","49,967,000","50,747,000","50,733,000","50,636,000",,"50,431,000","50,084,000","49,890,000",,"49,582,000","49,394,000","49,201,000",,"48,988,000","48,835,000","48,743,000",,"49,729,000","49,516,000","49,060,000",,"48,494,000","48,165,000","43,473,000",,"41,762,000","41,497,000","41,197,000",,"40,499,000","40,609,000","40,042,000",,"37,905,000","31,170,000","29,266,000"
TotalOperatingIncomeAsReported,"109,577,000","34,184,000","31,790,000","23,253,000","20,350,000","22,645,000","20,828,000","22,037,000","22,493,000","18,430,000","23,718,000","9,335,000","8,995,000","7,614,000","11,796,000","9,368,000","11,311,000","3,634,000","5,397,000","14,266,000","19,579,000","7,059,000","-14,531,000","-13,158,000","-6,646,000","-13,573,000","-761,000","-3,357,000","697,000","-682,000","-3,363,000","-479,000","-4,300,000","-12,416,000","-18,906,000","-10,865,000","-8,510,000","-20,510,000","-25,009,000","-14,639,000","-6,496,000","-17,974,000","-28,045,000","-10,007,000","-11,043,000","-21,267,000","-23,860,000","-100,179,000","-34,304,000","-38,836,000","-35,814,000","-23,803,000","-33,791,000","-51,778,000","-46,675,000","-28,894,000","-30,648,000","-31,794,000","22,134,000","27,098,000","23,021,000","16,674,000","19,440,000","18,950,000","19,134,000","15,306,000","13,853,000","8,534,000","6,258,000","6,656,000","5,216,000","11,838,000","10,897,000","8,460,000","5,812,000","3,521,000","1,945,000","998,000"
TotalExpenses,"670,635,000","162,990,000","173,208,000","166,711,000","167,726,000","163,991,000","176,215,000","155,959,000","135,331,000","142,323,000","154,911,000","131,269,000","129,023,000","124,599,000","128,931,000","125,621,000","124,198,000","114,656,000","126,023,000","129,453,000","124,353,000","121,501,000","125,722,000","136,372,000","82,819,000","67,184,000","72,546,000","69,160,000","73,180,000","71,008,000","73,674,000","74,298,000","71,593,000","65,635,000","66,442,000","78,341,000","70,730,000","69,092,000","75,531,000","53,277,000","61,112,000","52,645,000","57,846,000","61,764,000","58,700,000","60,306,000","66,467,000","83,585,000","89,431,000","74,952,000","67,972,000","67,576,000","64,725,000","71,468,000","81,691,000","81,337,000","79,438,000","92,177,000","98,371,000","98,193,000","91,103,000","85,597,000","79,253,000","77,807,000","73,299,000","66,024,000","58,345,000","53,732,000","45,952,000","44,345,000","40,271,000","39,539,000","32,257,000","28,658,000","25,651,000","22,555,000","20,149,000","17,726,000"
NetIncomeFromContinuingAndDiscontinuedOperation,"94,171,000","29,872,000","25,897,000","20,497,000","17,905,000","19,625,000","19,273,000","22,891,000","20,469,000","15,890,000","18,636,000","8,279,000","6,948,000","5,483,000","85,100,000","7,688,000","9,123,000","2,125,000","5,588,000","12,563,000","17,577,000","5,185,000","-15,444,000","-14,198,000","36,884,000","-13,800,000","-619,000","-2,525,000","838,000","783,000","-1,871,000","-277,000","-4,326,000","-12,711,000","-18,789,000","-10,714,000","-8,407,000","-19,773,000","603,000","-14,478,000","-4,217,000","-17,454,000","-26,975,000","-9,904,000","-7,678,000","-21,424,000","-20,411,000","-95,827,000","-33,864,000","-38,184,000","-27,963,000","-23,901,000","-65,846,000","-37,943,000","-29,960,000","-14,041,000","-18,659,000","-17,961,000","14,351,000","22,223,000","18,650,000","14,832,000","18,920,000","15,819,000","15,281,000","10,768,000","10,481,000","9,778,000","5,012,000","4,911,000","5,822,000","7,497,000","6,756,000","5,176,000","4,068,000","2,505,000","1,287,000","699,000"
NormalizedIncome,"94,171,000","29,872,000","25,897,000","20,497,000","17,905,000","19,625,000","19,273,000","22,891,000","20,469,000","15,890,000","18,636,000","8,279,000","6,948,000","5,483,000","85,216,800","7,688,000","9,123,000","2,125,000","5,876,600","12,577,784","17,618,536","5,436,218.48","-7,825,800","-14,147,000","41,030,000","-13,800,000","-621,557.851","-2,489,600","845,776","1,218,598","-1,286,600","-202,900","-4,267,708","-10,930,000","-18,132,500","-10,558,212","-8,073,550","-15,775,380","-1,478,300","-12,883,550","-4,472,154.82","-17,632,750","-27,311,700","-9,622,550","-8,958,681.269","-20,278,050","-19,635,483.154","-56,839,350","-32,177,250","-35,952,550","-27,598,944.582","-23,631,250","-65,616,550","-31,929,793.301","-26,866,871.483","-14,120,300","-16,092,493.362","-14,848,795.797","14,159,900","21,945,871.931","18,689,893.748","14,912,231.283","18,797,642.561","15,779,274.07","15,067,000.557","10,986,734.02","10,790,036.045","10,156,000","5,090,774.067","4,854,477.047","4,775,909.745","7,591,952.667","6,904,701.836","5,413,790.184","3,839,876.326","2,354,985.152","1,305,598.266","710,784.383"
InterestIncome,"513,000","138,000","106,000","121,000","148,000","194,000","191,000","249,000","376,000","685,000","726,000","724,000","684,000","580,000","404,000","369,000","326,000","257,000","265,000","123,000","93,000","67,000","60,000","52,000","88,000","117,000","72,000","65,000","65,000","85,000","69,000","75,000","79,000","79,000","88,000","95,000","96,000","107,000","134,000",,"182,000",,,,,,,,"722,000","775,000","711,000","694,000","762,000","1,115,000",,,,,,,,,,,,,,,,,,,,,,,,
InterestExpense,"614,000","192,000","155,000","151,000","116,000","180,000","182,000","193,000","171,000","318,000","376,000","422,000","522,000","595,000","660,000","777,000","910,000","967,000","1,045,000","1,109,000","1,162,000",,,,,,,,,,,,,,,,,,,,,,,,,,,,,,,,,,,,,,,,,,,,,,,,,,,,,,,,,
NetInterestIncome,"-101,000","-54,000","-49,000","-30,000","32,000","14,000","9,000","56,000","205,000","367,000","350,000","302,000","162,000","-15,000","-256,000","-408,000","-584,000","-710,000","-780,000","-986,000","-1,069,000","67,000","60,000","52,000","88,000","117,000","72,000","65,000","65,000","85,000","69,000","75,000","79,000","79,000","88,000","95,000","96,000","107,000","134,000","163,000","182,000","212,000","276,000","335,000","369,000","424,000","426,000","623,000","722,000","775,000","711,000","694,000","762,000","1,115,000",,,,,,,,,,,,,,,,,,,,,,,,
EBIT,"110,605,000","34,514,000","32,355,000","23,432,000","20,304,000","23,011,000","21,628,000","22,585,000","22,802,000","19,024,000","24,823,000","10,285,000","9,760,000","8,110,000","12,317,000","9,858,000","11,687,000","3,379,000","5,491,000","14,700,000","19,779,000","7,328,000","-1,834,000","-13,073,000","264,000","-13,573,000","-764,000","-3,298,000","705,000","-179,000","-2,389,000","-365,000","-4,241,000","-9,676,000","-17,896,000","-10,707,000","-7,997,000","-16,472,000","-27,877,000","-12,015,000","-6,299,000","-17,839,000","-27,622,000","-9,649,000","-12,142,000","-19,878,000","-22,555,000","-36,238,000","-31,791,000","-35,286,000","-34,977,000","-23,803,000","-33,527,000","-44,099,000","-41,802,000","-28,753,000","-27,425,000","-26,474,000","22,134,000","27,098,000","23,021,000","16,674,000","19,440,000","18,950,000","19,134,000","15,306,000","13,474,000","8,642,000","6,385,000","6,620,000","5,842,000","11,838,000","10,897,000","8,460,000","5,812,000","3,521,000","1,945,000","943,000"
EBITDA,"151,518,000"
ReconciledCostOfRevenue,"439,927,000","102,950,000","115,439,000","109,745,000","111,793,000","109,930,000","119,429,000","101,247,000","91,657,000","93,363,000","104,324,000","85,286,000","82,666,000","79,692,000","84,865,000","82,019,000","79,291,000","73,161,000","83,272,000","86,105,000","82,209,000","81,258,000","83,613,000","96,111,000","57,656,000","43,819,000","50,592,000","47,407,000","50,582,000","48,040,000","50,337,000","49,791,000","47,328,000","43,634,000","44,288,000","55,088,000","46,328,000","43,545,000","50,798,000","33,110,000","38,646,000","30,650,000","35,199,000","40,141,000","36,668,000","36,359,000","40,593,000","54,541,000","54,709,000","41,994,000","35,797,000","36,435,000","32,524,000","31,048,000","39,300,000","40,583,000","40,912,000","53,131,000","58,921,000","58,609,000","53,663,000","48,567,000","47,536,000","46,492,000","43,707,000","40,500,000","36,997,000","33,980,000","30,434,000","28,691,000","26,038,000","25,625,000","20,315,000","18,026,000","15,447,000","13,213,000","11,469,000","9,855,000"
ReconciledDepreciation,"40,913,000","9,329,000","8,901,000","9,040,000","13,643,000","12,935,000","13,945,000","11,783,000","11,133,000","11,824,000","8,044,000","11,735,000","12,764,000","12,314,000","11,317,000","11,113,000","10,538,000","10,719,000","11,011,000","11,012,000","11,032,000","11,511,000","13,224,000","23,164,000","5,171,000","5,239,000","5,896,000","5,967,000","6,024,000","5,884,000","6,336,000","7,970,000","8,054,000","8,131,000","7,055,000","7,282,000","7,165,000","7,407,000","8,905,000","2,577,000","2,576,000","2,843,000","2,245,000","2,775,000","2,883,000","2,935,000","3,435,000","7,836,000","8,222,000","8,662,000","8,706,000","8,215,000","7,876,000","8,113,000","8,118,000","8,287,000","7,949,000","7,827,000","7,234,000","6,954,000","6,470,000","6,146,000","6,174,000","5,483,000","5,753,000","4,683,000","4,329,000","4,420,000","4,363,000","3,401,000","2,565,000","1,670,000","1,372,000","1,380,000","1,313,000","1,264,000","1,289,000","1,281,000"
NetIncomeFromContinuingOperationNetMinorityInterest,"94,171,000","29,872,000","25,897,000","20,497,000","17,905,000","19,625,000","19,273,000","22,891,000","20,469,000","15,890,000","18,636,000","8,279,000","6,948,000","5,483,000","85,100,000","7,688,000","9,123,000","2,125,000","5,588,000","12,563,000","17,577,000","5,185,000","-15,444,000","-14,198,000","36,884,000","-13,800,000","-619,000","-2,525,000","838,000","783,000","-1,871,000","-277,000","-4,326,000","-12,711,000","-18,789,000","-10,714,000","-8,407,000","-19,773,000","603,000","-14,478,000","-4,217,000","-17,454,000","-26,975,000","-9,904,000","-7,678,000","-21,424,000","-20,411,000","-95,827,000","-33,864,000","-38,184,000","-27,963,000","-23,901,000","-65,846,000","-37,943,000","-29,960,000","-14,041,000","-18,659,000","-17,961,000","14,351,000","22,223,000","18,650,000","14,832,000","18,920,000","15,819,000","15,281,000","10,768,000","10,481,000","9,778,000","5,012,000","4,911,000","5,822,000","7,497,000","6,756,000","5,176,000","4,068,000","2,505,000","1,287,000","699,000"
TotalUnusualItemsExcludingGoodwill,,,,,,,,,,,,,,,"-160,000","0",,,"-481,000","-16,000","-44,000","-269,000","-12,697,000","-85,000","-6,910,000",,"3,000","-59,000","-8,000","-503,000","-974,000","-114,000","-59,000","-2,740,000","-1,010,000","-158,000","-513,000","-4,038,000","3,202,000","-2,453,000","349,000","275,000","518,000","-433,000","1,683,000","-1,763,000","-874,000","-59,981,000","-2,595,000","-3,433,000","-452,000","-415,000","-353,000","-8,095,000","-4,624,000","122,000","-3,875,000","-4,527,000","294,000","415,000","-61,000","-119,000","159,000","59,000","327,000","-341,000","-436,000","-630,000","-112,000","87,000","1,298,000","-156,000","-247,000","-395,000","370,000","242,000","-30,000","-19,000"
TotalUnusualItems,,,,,,,,,,,,,,,"-160,000","0",,,"-481,000","-16,000","-44,000","-269,000","-12,697,000","-85,000","-6,910,000",,"3,000","-59,000","-8,000","-503,000","-974,000","-114,000","-59,000","-2,740,000","-1,010,000","-158,000","-513,000","-4,038,000","3,202,000","-2,453,000","349,000","275,000","518,000","-433,000","1,683,000","-1,763,000","-874,000","-59,981,000","-2,595,000","-3,433,000","-452,000","-415,000","-353,000","-8,095,000","-4,624,000","122,000","-3,875,000","-4,527,000","294,000","415,000","-61,000","-119,000","159,000","59,000","327,000","-341,000","-436,000","-630,000","-112,000","87,000","1,298,000","-156,000","-247,000","-395,000","370,000","242,000","-30,000","-19,000"
NormalizedEBITDA,"151,518,000","43,843,000","41,256,000","32,472,000","33,947,000","35,946,000","35,573,000","34,368,000","33,935,000","30,848,000","32,867,000","22,020,000","22,524,000","20,424,000","23,794,000","20,971,000","22,225,000","14,098,000","16,983,000","25,728,000","30,855,000","19,108,000","24,087,000","10,176,000","12,345,000","-8,334,000","5,129,000","2,728,000","6,737,000","6,208,000","4,921,000","7,719,000","3,872,000","1,195,000","-9,831,000","-3,267,000","-319,000","-5,027,000","-22,174,000","-6,985,000","-4,072,000","-15,271,000","-25,895,000","-6,441,000","-10,942,000","-15,180,000","-18,246,000","31,579,000","-20,974,000","-23,191,000","-25,819,000","-15,173,000","-25,298,000","-27,891,000","-29,060,000","-20,588,000","-15,601,000","-14,120,000","29,074,000","33,637,000","29,552,000","22,939,000","25,455,000","24,374,000","24,560,000","20,330,000","18,239,000","13,692,000","10,860,000","9,934,000","7,109,000","13,664,000","12,516,000","10,235,000","6,755,000","4,543,000","3,264,000","2,243,000"
TaxRateForCalcs,"0.144","0.13","0.196","0.12","0.113","0.14","0.101","0.27","0.096","0.151","0.238","0.161","0.248","0.27","0.27","0.153","0.153","0.119","0.4","0.076","0.056","0.066","0.4","0.4","0.4","0.4","0.147","0.4","0.028","0.134","0.4","0.35","0.012","0.35","0.35","0.014","0.35","0.01","0.35","0.35","0.269","0.35","0.35","0.35","0.239","0.35","0.113","0.35","0.35","0.35","0.195","0.35","0.35","0.257","0.331","0.35","0.338","0.313","0.35","0.332","0.346","0.326","0.23","0.327","0.346","0.359","0.291","0.4","0.297","0.35","0.194","0.391","0.398","0.398","0.383","0.38","0.38","0.38"
TaxEffectOfUnusualItems,"0","0","0","0","0","0","0","0","0","0","0","0","0","0","-43,200","0","0","0","-192,400","-1,216","-2,464","-17,781.52","-5,078,800","-34,000","-2,764,000","0","442.149","-23,600","-224","-67,402","-389,600","-39,900","-708","-959,000","-353,500","-2,212","-179,550","-40,380","1,120,700","-858,550","93,845.18","96,250","181,300","-151,550","402,318.731","-617,050","-98,483.154","-20,993,350","-908,250","-1,201,550","-87,944.582","-145,250","-123,550","-2,081,793.301","-1,530,871.483","42,700","-1,308,493.362","-1,414,795.797","102,900","137,871.931","-21,106.252","-38,768.717","36,642.561","19,274.07","113,000.557","-122,265.98","-126,963.955","-252,000","-33,225.933","30,477.047","251,909.745","-61,047.333","-98,298.164","-157,209.816","141,876.326","91,985.152","-11,401.734","-7,215.617"