name,ttm,03/31/2022,12/31/2021,09/30/2021,06/30/2021,03/31/2021,12/31/2020,09/30/2020,06/30/2020,03/31/2020,12/31/2019,09/30/2019,06/30/2019,03/31/2019,12/31/2018,09/30/2018,06/30/2018,03/31/2018,12/31/2017,09/30/2017,06/30/2017,03/31/2017,12/31/2016,09/30/2016,06/30/2016,03/31/2016,12/31/2015,09/30/2015,06/30/2015,03/31/2015,12/31/2014,09/30/2014,06/30/2014,03/31/2014,12/31/2013,09/30/2013,06/30/2013,03/31/2013,12/31/2012,09/30/2012,06/30/2012,03/31/2012,12/31/2011,09/30/2011,06/30/2011,03/31/2011,12/31/2010,09/30/2010,06/30/2010,03/31/2010,12/31/2009,09/30/2009,06/30/2009,03/31/2009,12/31/2008,09/30/2008,06/30/2008,03/31/2008,12/31/2007,09/30/2007,06/30/2007,03/31/2007,12/31/2006,09/30/2006,06/30/2006,03/31/2006,12/31/2005,09/30/2005,06/30/2005,03/31/2005,12/31/2004,09/30/2004,06/30/2004,03/31/2004,12/31/2003,09/30/2003,06/30/2003,03/31/2003,12/31/2002,09/30/2002,06/30/2002,03/31/2002,12/31/2001,09/30/2001,06/30/2001,03/31/2001,12/31/2000,09/30/2000,06/30/2000,03/31/2000,12/31/1999,09/30/1999,06/30/1999,03/31/1999,12/31/1998,09/30/1998,06/30/1998,03/31/1998,12/31/1997,09/30/1997,06/30/1997,03/31/1997,12/31/1996,09/30/1996,06/30/1996,03/31/1996,12/31/1995,09/30/1995,06/30/1995,03/31/1995,12/31/1994,09/30/1994,06/30/1994,03/31/1994,12/31/1993,09/30/1993,06/30/1993,03/31/1993,12/31/1992,09/30/1992,06/30/1992,03/31/1992,12/31/1991,09/30/1991,06/30/1991,03/31/1991,12/31/1990,09/30/1990,06/30/1990,03/31/1990,12/31/1989,09/30/1989,06/30/1989,03/31/1989,12/31/1988,09/30/1988,06/30/1988,03/31/1988,12/31/1987,09/30/1987,06/30/1987,03/31/1987,12/31/1986,09/30/1986,06/30/1986,03/31/1986,12/31/1985,09/30/1985
TotalRevenue,"1,264,600,000","330,200,000","301,400,000","298,300,000","334,700,000","278,800,000","294,800,000","279,800,000","270,100,000","286,100,000","314,400,000","308,800,000","324,300,000","273,800,000","279,400,000","269,400,000","291,000,000","249,700,000","247,600,000","248,700,000","224,400,000","177,800,000","176,100,000","186,700,000","172,300,000","172,800,000","109,800,000","205,800,000","230,800,000","221,600,000","264,400,000","219,300,000","234,600,000","200,200,000","219,600,000","209,300,000","222,600,000","199,800,000","217,700,000","185,000,000","204,400,000","224,600,000","223,300,000","194,200,000","204,500,000","173,600,000","179,300,000","182,000,000","198,700,000","166,600,000","191,600,000","166,600,000","204,200,000","203,500,000","249,800,000","226,500,000","254,300,000","228,100,000","351,300,000","307,300,000","317,300,000","292,100,000","310,200,000","298,400,000","319,300,000","283,700,000","259,300,000","301,700,000","315,700,000","280,200,000","274,500,000","281,000,000","304,141,000","276,518,000","315,996,000","287,810,000","311,041,000","291,951,000","292,078,000","261,615,000","257,864,000","245,644,000","273,948,000","253,403,000","286,817,000","258,007,000","285,356,000","270,884,000","278,217,000","289,234,000","282,200,000","260,900,000","265,400,000","253,300,000","272,500,000","248,900,000","250,100,000","231,200,000","234,900,000","229,300,000","236,200,000","224,500,000","223,000,000","230,300,000","232,300,000","210,800,000","221,700,000","207,900,000","199,400,000","187,100,000","193,800,000","181,300,000","164,000,000","138,100,000","148,500,000","142,700,000","146,500,000","127,400,000","131,000,000","135,500,000","131,900,000","119,800,000","120,300,000","116,600,000","119,400,000","110,500,000","110,700,000","109,200,000","116,100,000","103,300,000","106,600,000","102,100,000","108,900,000","96,500,000","99,700,000","95,900,000","93,400,000","86,400,000","87,500,000","78,900,000","78,700,000","73,100,000","66,500,000","69,700,000","73,200,000","74,100,000","67,300,000","71,700,000"
	OperatingRevenue,"1,264,600,000","330,200,000","301,400,000","298,300,000","334,700,000","278,800,000","294,800,000","279,800,000","270,100,000","286,100,000","314,400,000","308,800,000","324,300,000","273,800,000","279,400,000","269,400,000","291,000,000","249,700,000","247,600,000","248,700,000","224,400,000","177,800,000","176,100,000","186,700,000","172,300,000","172,800,000","109,800,000","205,800,000","230,800,000","221,600,000","264,400,000","219,300,000","234,600,000","200,200,000","219,600,000","209,300,000","222,600,000","199,800,000","217,700,000","185,000,000","204,400,000","224,600,000","223,300,000","194,200,000","204,500,000","173,600,000","179,300,000","182,000,000","198,700,000","166,600,000","191,600,000","166,600,000","204,200,000","203,500,000","249,800,000","226,500,000","254,300,000","228,100,000","351,300,000","307,300,000","317,300,000","292,100,000","310,200,000","298,400,000","319,300,000","283,700,000","259,300,000","301,700,000","315,700,000","280,200,000","274,500,000","281,000,000","304,141,000","276,518,000","315,996,000","287,810,000","311,041,000","291,951,000","292,078,000","261,615,000","257,864,000","245,644,000","273,948,000","253,403,000","286,817,000","258,007,000","285,356,000","270,884,000","278,217,000","289,234,000","282,200,000","260,900,000","265,400,000","253,300,000","272,500,000","248,900,000","250,100,000","231,200,000","234,900,000","229,300,000","236,200,000","224,500,000","223,000,000","230,300,000","232,300,000","210,800,000","221,700,000","207,900,000","199,400,000","187,100,000","193,800,000","181,300,000","164,000,000","138,100,000","148,500,000","142,700,000","146,500,000","127,400,000","131,000,000","135,500,000","131,900,000","119,800,000","120,300,000","116,600,000","119,400,000","110,500,000","110,700,000","109,200,000","116,100,000","103,300,000","106,600,000","102,100,000","108,900,000","96,500,000","99,700,000","95,900,000","93,400,000","86,400,000","87,500,000","78,900,000","78,700,000","73,100,000","66,500,000","69,700,000","73,200,000","74,100,000","67,300,000","71,700,000"
CostOfRevenue,"969,000,000","254,500,000","234,000,000","227,400,000","253,100,000","210,000,000","218,900,000","207,200,000","199,800,000","211,300,000","232,900,000","226,800,000","235,300,000","203,500,000","207,400,000","200,400,000","211,800,000","187,800,000","186,000,000","187,400,000","169,700,000","134,200,000","130,700,000","141,400,000","127,300,000","125,400,000","68,700,000","146,200,000","165,100,000","162,400,000","195,200,000","160,900,000","175,700,000","153,400,000","163,600,000","158,800,000","170,800,000","153,000,000","168,000,000","139,400,000","155,200,000","168,500,000","167,800,000","147,900,000","152,800,000","132,100,000","135,900,000","136,300,000","145,300,000","124,900,000","143,200,000","124,600,000","149,800,000","152,900,000","184,600,000","167,600,000","186,400,000","168,200,000","274,100,000","235,100,000","237,700,000","224,200,000","260,700,000","218,300,000","236,100,000","212,100,000","169,900,000","235,500,000","245,400,000","214,600,000","230,400,000","220,200,000","232,586,000","209,060,000","236,407,000","209,764,000","227,950,000","217,602,000","211,781,000","187,553,000","183,117,000","175,754,000","199,437,000","181,274,000","201,136,000","178,067,000","196,463,000","180,540,000","183,863,000","192,320,000","188,500,000","175,300,000","179,600,000","169,900,000","185,500,000","166,700,000","164,600,000","154,500,000","158,300,000","152,400,000","153,800,000","149,100,000","146,100,000","155,100,000","157,200,000","143,300,000","150,800,000","141,000,000","132,800,000","127,400,000","131,600,000","123,400,000","109,800,000","92,800,000","97,300,000","94,100,000","97,900,000","84,700,000","85,700,000","90,600,000","87,800,000","80,500,000","79,600,000","76,800,000","78,600,000","73,900,000","71,500,000","70,900,000","75,600,000","67,600,000",,,,,,,,,,,,,,,,,,
GrossProfit,"295,600,000","75,700,000","67,400,000","70,900,000","81,600,000","68,800,000","75,900,000","72,600,000","70,300,000","74,800,000","81,500,000","82,000,000","89,000,000","70,300,000","72,000,000","69,000,000","79,200,000","61,900,000","61,600,000","61,300,000","54,700,000","43,600,000","45,400,000","45,300,000","45,000,000","47,400,000","41,100,000","59,600,000","65,700,000","59,200,000","69,200,000","58,400,000","58,900,000","46,800,000","56,000,000","50,500,000","51,800,000","46,800,000","49,700,000","45,600,000","49,200,000","56,100,000","55,500,000","46,300,000","51,700,000","41,500,000","43,400,000","45,700,000","53,400,000","41,700,000","48,400,000","42,000,000","54,400,000","50,600,000","65,200,000","58,900,000","67,900,000","59,900,000","77,200,000","72,200,000","79,600,000","67,900,000","49,500,000","80,100,000","83,200,000","71,600,000","89,400,000","66,200,000","70,300,000","65,600,000","44,100,000","60,800,000","71,555,000","67,458,000","79,589,000","78,046,000","83,091,000","74,349,000","80,297,000","74,062,000","74,747,000","69,890,000","74,511,000","72,129,000","85,681,000","79,940,000","88,893,000","90,344,000","94,354,000","96,914,000","93,700,000","85,600,000","85,800,000","83,400,000","87,000,000","82,200,000","85,500,000","76,700,000","76,600,000","76,900,000","82,400,000","75,400,000","76,900,000","75,200,000","75,100,000","67,500,000","70,900,000","66,900,000","66,600,000","59,700,000","62,200,000","57,900,000","54,200,000","45,300,000","51,200,000","48,600,000","48,600,000","42,700,000","45,300,000","44,900,000","44,100,000","39,300,000","40,700,000","39,800,000","40,800,000","36,600,000","39,200,000","38,300,000","40,500,000","35,700,000",,,,,,,,,,,,,,,,,,
OperatingExpense,"176,500,000","46,900,000","50,600,000","36,200,000","42,800,000","40,800,000","40,800,000","38,400,000","37,400,000","42,200,000","44,500,000","43,000,000","41,800,000","43,900,000","38,400,000","38,200,000","40,700,000","41,800,000","46,100,000","38,300,000","34,900,000","31,500,000","31,300,000","31,100,000","30,300,000","29,600,000","18,100,000","33,400,000","36,100,000","34,400,000","38,200,000","33,400,000","34,900,000","34,200,000","33,200,000","31,700,000","34,200,000","34,700,000","36,100,000","33,200,000","33,500,000","48,100,000","67,200,000","39,000,000","42,800,000","42,700,000","49,900,000","40,000,000","44,200,000","39,600,000","36,200,000","34,500,000","45,100,000","45,000,000","51,200,000","46,100,000","49,200,000","47,200,000","60,200,000","61,100,000","58,600,000","52,900,000","32,900,000","60,600,000","58,900,000","62,100,000","44,500,000","58,000,000","60,200,000","58,900,000","55,000,000","57,200,000","58,459,000","58,590,000","60,653,000","61,329,000","63,981,000","63,134,000","58,957,000","52,474,000","54,345,000","51,277,000","56,362,000","52,976,000","54,835,000","56,084,000","64,734,000","59,168,000","62,623,000","67,153,000","62,500,000","60,100,000","60,200,000","59,300,000","60,300,000","55,700,000","57,400,000","56,500,000","54,700,000","50,200,000","55,200,000","51,600,000","49,900,000","47,700,000","48,100,000","46,300,000","44,300,000","42,000,000","41,900,000","40,200,000","39,000,000","37,200,000","33,800,000","31,500,000","33,400,000","31,800,000","31,300,000","30,800,000","30,100,000","30,200,000","29,400,000","28,700,000","26,800,000","27,000,000","26,800,000","26,900,000","26,900,000","25,900,000","27,200,000","26,300,000",,,,,,,,,,,,,,,,,,
	SellingGeneralAndAdministration,"164,900,000","43,600,000","39,700,000","36,200,000","42,800,000","40,800,000","40,800,000","38,400,000","37,400,000","42,200,000","44,500,000","43,000,000","41,800,000","43,900,000","38,400,000","38,200,000","40,700,000","41,800,000","46,100,000","38,300,000","34,900,000","31,500,000","31,300,000","31,100,000","30,300,000","29,600,000","18,100,000","33,400,000","36,100,000","34,400,000","38,200,000","33,400,000","34,900,000","34,200,000","33,200,000","31,700,000","34,200,000","34,700,000","36,100,000","33,200,000","33,500,000","48,100,000","45,000,000","39,000,000","42,800,000","44,300,000","49,900,000","40,000,000","44,200,000","39,600,000","36,200,000","34,500,000","45,100,000","45,000,000","51,200,000","46,100,000","49,200,000","47,200,000","60,200,000","61,100,000","58,600,000","52,900,000","32,900,000","60,600,000","58,900,000","62,100,000","51,200,000","58,000,000","60,200,000","58,900,000","55,000,000","57,200,000","58,459,000","58,590,000","60,653,000","61,329,000","63,981,000","63,134,000","58,957,000","52,474,000","54,345,000","51,277,000","56,362,000","52,976,000","54,835,000","56,084,000","57,598,000","51,843,000","55,514,000","59,666,000","54,800,000","53,500,000","53,600,000","53,000,000","54,400,000","49,800,000","51,500,000","50,800,000","49,400,000","45,000,000","50,100,000","46,600,000","45,200,000","43,100,000","43,400,000","41,900,000","40,700,000","37,900,000","36,600,000","37,300,000","36,400,000","34,700,000","31,300,000","29,100,000","31,200,000","29,500,000","29,000,000","28,500,000","27,900,000","28,000,000","27,300,000","26,600,000","24,800,000","25,000,000","24,700,000","24,800,000","24,900,000","24,000,000","25,200,000","24,300,000",,,,,,,,,,,,,,,,,,
		GeneralAndAdministrativeExpense,,,,,,,,,,,,,,,,,"40,700,000","41,800,000",,,,,,,,,,,,,,,,,,,,,,,,,,,,,,,,,,,,,,,,,,,,,,,,,,,,,,,,,,,,,,,,,,,,,,,,,,,,,,,,,,,,,,,,,,,,,,,,,,,,,,,,,,,,,,,,,,,,,,,,,,,,,,,,,,
			OtherGandA,,,,,,,,,,,,,,,,,"40,700,000","41,800,000",,,,,,,,,,,,,,,,,,,,,,,,,,,,,,,,,,,,,,,,,,,,,,,,,,,,,,,,,,,,,,,,,,,,,,,,,,,,,,,,,,,,,,,,,,,,,,,,,,,,,,,,,,,,,,,,,,,,,,,,,,,,,,,,,,
	DepreciationAmortizationDepletionIncomeStatement,"11,600,000","3,300,000",,,,,,,,,,,,,,,,,,,,,,,,,,,,,,,,,,,,,,,,,,,,,,,,,,,,,,,,,,,,,,,,,,,,,,,,,,,,,,,,,,,,,"7,136,000","7,325,000","7,109,000","7,487,000","7,700,000","6,600,000","6,600,000","6,300,000","5,900,000","5,900,000","5,900,000","5,700,000","5,300,000","5,200,000","5,100,000","5,000,000","4,700,000","4,600,000","4,700,000","4,400,000","3,600,000","4,100,000","5,300,000","2,900,000","2,600,000","2,500,000","2,500,000","2,400,000","2,200,000","2,300,000","2,300,000","2,300,000","2,200,000","2,200,000","2,100,000","2,100,000","2,000,000","2,000,000","2,100,000","2,100,000","2,000,000","1,900,000","2,000,000","2,000,000",,,,,,,,,,,,,,,,,,
		DepreciationAndAmortizationInIncomeStatement,"11,600,000","3,300,000",,,,,,,,,,,,,,,,,,,,,,,,,,,,,,,,,,,,,,,,,,,,,,,,,,,,,,,,,,,,,,,,,,,,,,,,,,,,,,,,,,,,,"7,136,000","7,325,000","7,109,000","7,487,000","7,700,000","6,600,000","6,600,000","6,300,000","5,900,000","5,900,000","5,900,000","5,700,000","5,300,000","5,200,000","5,100,000","5,000,000","4,700,000","4,600,000","4,700,000","4,400,000","3,600,000","4,100,000","5,300,000","2,900,000","2,600,000","2,500,000","2,500,000","2,400,000","2,200,000","2,300,000","2,300,000","2,300,000","2,200,000","2,200,000","2,100,000","2,100,000","2,000,000","2,000,000","2,100,000","2,100,000","2,000,000","1,900,000","2,000,000","2,000,000",,,,,,,,,,,,,,,,,,
			Amortization,"11,600,000","3,300,000",,,,,,,,,,,,,,,,,,,,,,,,,,,,,,,,,,,,,,,,,,,,,,,,,,,,,,,,,,,,,,,,,,,,,,,,,,,,,,,,,,,,,,,,,,,,,,,,,,,,,,,,,,,,,,,,,,,,,,,,,,,,,,,,,,,,,,,,,,,,,,,,,,
				AmortizationOfIntangiblesIncomeStatement,"11,600,000","3,300,000",,,,,,,,,,,,,,,,,,,,,,,,,,,,,,,,,,,,,,,,,,,,,,,,,,,,,,,,,,,,,,,,,,,,,,,,,,,,,,,,,,,,,,,,,,,,,,,,,,,,,,,,,,,,,,,,,,,,,,,,,,,,,,,,,,,,,,,,,,,,,,,,,,
	OtherOperatingExpenses,,,,,,,,,,,,,,,,,,,,,,,,,,,,,,,,,,,,,,,,,,,"22,200,000",,,"-1,600,000",,,,,,,,,,,,,,,,,,,,,,,,,,,,,,,,,,,,,,,,,,,,,,,,,,,,,,,,,,,,,,,,,,,,,,,,,,,,,,,,,,,,,,,,,,,,,,,,,,,,,,
OperatingIncome,"119,100,000","28,800,000","16,800,000","34,700,000","38,800,000","28,000,000","35,100,000","34,200,000","32,900,000","32,600,000","37,000,000","39,000,000","47,200,000","26,400,000","33,600,000","30,800,000","38,500,000","20,100,000","15,500,000","23,000,000","19,800,000","12,100,000","14,100,000","14,200,000","14,700,000","17,800,000","23,000,000","26,200,000","29,600,000","24,800,000","31,000,000","25,000,000","24,000,000","12,600,000","22,800,000","18,800,000","17,600,000","12,100,000","13,600,000","12,400,000","15,700,000","8,000,000","-11,700,000","7,300,000","8,900,000","-1,200,000","-6,500,000","5,700,000","9,200,000","2,100,000","12,200,000","7,500,000","9,300,000","5,600,000","14,000,000","12,800,000","18,700,000","12,700,000","17,000,000","11,100,000","21,000,000","15,000,000","16,600,000","19,500,000","24,300,000","9,500,000","44,900,000","8,200,000","10,100,000","6,700,000","-10,900,000","3,600,000","13,096,000","8,868,000","18,936,000","16,717,000","19,110,000","11,215,000","21,340,000","21,588,000","20,402,000","18,613,000","18,149,000","19,153,000","30,846,000","23,856,000","24,159,000","31,176,000","31,731,000","29,761,000","31,200,000","25,500,000","25,600,000","24,100,000","26,700,000","26,500,000","28,100,000","20,200,000","21,900,000","26,700,000","27,200,000","23,800,000","27,000,000","27,500,000","27,000,000","21,200,000","26,600,000","24,900,000","24,700,000","19,500,000","23,200,000","20,700,000","20,400,000","13,800,000","17,800,000","16,800,000","17,300,000","11,900,000","15,200,000","14,700,000","14,700,000","10,600,000","13,900,000","12,800,000","14,000,000","9,700,000","12,300,000","12,400,000","13,300,000","9,400,000","-264,000,000","102,100,000","108,900,000","96,500,000","-240,400,000","95,900,000","93,400,000","86,400,000","-204,600,000","78,900,000","78,700,000","73,100,000","-194,500,000","69,700,000","73,200,000","74,100,000","-190,900,000","71,700,000"
NetNonOperatingInterestIncomeExpense,"-4,700,000","-1,300,000","-1,200,000","-1,100,000","-1,100,000","-1,100,000","-1,200,000","-1,200,000","-1,800,000","-1,500,000","-1,800,000","-2,100,000","-2,000,000","-2,000,000","-2,100,000","-2,200,000","-2,500,000","-2,500,000","-2,700,000","-2,700,000","-1,300,000","-600,000","-500,000","-600,000","-400,000","-700,000","-600,000","-500,000","-600,000","-600,000","-1,000,000","-900,000","-900,000","-1,000,000","-1,100,000","-1,500,000","-1,700,000","-13,200,000","-9,200,000","-5,200,000","-5,400,000","-6,000,000","-5,100,000","-4,300,000","-3,800,000","-3,200,000","-2,000,000","-2,200,000","-3,200,000","-2,900,000","-2,600,000","-2,600,000","-2,800,000","-3,300,000",,,,,,,,,,,,,,,,,,,,,,,,,,,,,,,,,,,,,,,,,,,,,,,,,,,,,,,,,,,,,,,,,,,,,,,,,,,,,,,,,,,,,,,,,,,,,,
	InterestExpenseNonOperating,"4,700,000","1,300,000","1,200,000","1,100,000","1,100,000","1,100,000","1,200,000","1,200,000","1,800,000","1,500,000","1,800,000","2,100,000","2,000,000","2,000,000","2,100,000","2,200,000","2,500,000","2,500,000","2,700,000","2,700,000","1,300,000","600,000","500,000","600,000","400,000","400,000","600,000","500,000","600,000","600,000","1,000,000","900,000","900,000","1,000,000","1,100,000","1,500,000","1,700,000","4,500,000","5,700,000","5,200,000","5,400,000","6,000,000","5,100,000","4,300,000","3,800,000","3,200,000","2,000,000","2,200,000","3,200,000","2,900,000","2,600,000","2,600,000","2,800,000","3,300,000",,,,,,,,,,,,,,,,,,,,,,,,,,,,,,,,,,,,,,,,,,,,,,,,,,,,,,,,,,,,,,,,,,,,,,,,,,,,,,,,,,,,,,,,,,,,,,
	TotalOtherFinanceCost,,,,,,,,,,,,,,,,,,,,,,,"0",,,"300,000",,,,,,,,,"0",,,"8,700,000",,,,,,,,,,,,,,,,,,,,,,,,,,,,,,,,,,,,,,,,,,,,,,,,,,,,,,,,,,,,,,,,,,,,,,,,,,,,,,,,,,,,,,,,,,,,,,,,,,,,,,,,,,,,,,
OtherIncomeExpense,"3,600,000","100,000","3,600,000","-100,000",,"300,000","-300,000","-100,000","-3,600,000","-500,000","-700,000","-600,000","-800,000","-1,000,000","-300,000","-400,000","-800,000","-600,000","-400,000","-300,000","-900,000","-500,000","-300,000","-400,000","-100,000","-1,000,000","600,000","-600,000","-500,000","-900,000","-900,000","-400,000","-400,000","200,000","-1,500,000","0","500,000","200,000","2,400,000","-1,800,000","-400,000","-2,300,000","200,000","-400,000","200,000","-200,000","-80,300,000","300,000","-5,300,000","-3,800,000","-500,000","700,000","100,000","-1,000,000","-14,700,000","-100,000","-1,400,000","-500,000","-2,800,000","-300,000","-1,000,000","-200,000","-1,100,000","-600,000","-500,000","0","900,000","6,500,000","500,000","-1,700,000","-4,300,000","-2,800,000","-11,094,000","-970,000","-818,000","212,000","62,000","130,000","642,000","-1,251,000","-440,000","154,000","-540,000","-769,000","31,000","96,000","1,006,000","-704,000","176,000","25,000","-200,000","900,000",,"400,000","1,600,000","1,800,000","200,000","200,000","700,000","500,000","600,000","500,000","4,700,000","100,000","700,000","300,000","-6,100,000","300,000","500,000","100,000","100,000","300,000","100,000","-100,000","500,000","500,000","-100,000","100,000","400,000","300,000","400,000","100,000","-200,000","300,000","200,000","300,000","-100,000","100,000","200,000","300,000",,,,,,,,,,,,,,,,,,
	EarningsFromEquityInterest,,,,,,,,,,,,,,,,,,,,,,,,,,,,,,,,,,,,,,,,,,,,,,,,,,,,,"0","-900,000",,,,,,,,,,,,,,,,,,,,,,,,,,,,,,,,,,,,,,,,,,,,,,,,,,,,,,,,,,,,,,,,,,,,,,,,,,,,,,,,,,,,,,,,,,,,,,
	SpecialIncomeCharges,"2,000,000","-300,000","3,000,000","-400,000","-300,000","-200,000","-1,300,000","-200,000","-1,600,000","-300,000","-600,000","-400,000","-900,000","-600,000","-200,000","-400,000","-400,000","-500,000","-600,000","-800,000","-1,100,000","-800,000","-300,000","-700,000","-400,000","-1,700,000","300,000","-300,000","-400,000","0","0","-100,000","-100,000","200,000","-1,300,000","0","600,000","0","3,100,000","-1,800,000","-400,000","-2,300,000","200,000","-400,000","200,000","-200,000","-80,300,000","300,000","-5,300,000","-3,800,000","-500,000","700,000","100,000","-100,000","-14,700,000","-100,000","-1,400,000","-500,000","-2,800,000","-300,000","-1,000,000","-200,000","-1,100,000","-600,000","-500,000",,"900,000","6,500,000","500,000","-1,700,000","-4,300,000","-2,800,000","-11,094,000","-970,000","-818,000","212,000","62,000","130,000","642,000","-1,251,000","-440,000","154,000","-540,000","-769,000","31,000","96,000","1,006,000","-704,000","176,000","25,000","-200,000","900,000",,"400,000","1,600,000","1,800,000","200,000","200,000","700,000","500,000","600,000","500,000","4,700,000","100,000","700,000","300,000","-6,100,000","300,000","500,000",,"100,000","300,000","100,000","-100,000","500,000","500,000","-100,000","100,000","400,000","300,000","400,000","100,000","-200,000","300,000","200,000","300,000","-100,000","100,000","200,000","300,000",,,,,,,,,,,,,,,,,,
		RestructuringAndMergernAcquisition,"-2,000,000","300,000","-3,000,000","400,000","300,000","200,000","1,300,000","200,000","1,600,000","300,000","600,000","400,000","900,000","600,000","200,000","400,000","400,000","500,000","600,000","800,000","1,100,000","800,000","300,000","700,000","400,000","1,700,000","-300,000","300,000","400,000","0","0","100,000","100,000","-200,000","1,300,000","0","-600,000","0","600,000","0","-100,000","900,000","0","0","0","0","1,100,000","200,000","4,800,000","2,900,000",,,,,,,,,,,,,,,,,"-1,300,000",,"600,000","1,400,000","4,300,000","3,000,000","8,062,000",,,,,,,,,,,,,,,,,,,,,,,,,,,,,,,,,,,,,,,,,,,,,,,,,,,,,,,,,,,,,,,,,,,,,,,,,,,
		OtherSpecialCharges,,,,,,,,,,,,,,,,,,,"-200,000","-500,000","-200,000","-300,000","0","-300,000","-300,000","-400,000","-300,000","300,000","100,000","900,000","900,000",,"300,000","0","200,000",,"100,000","8,500,000","500,000","1,800,000","500,000","1,400,000","-200,000","400,000","-200,000","200,000","400,000","-500,000","500,000","900,000",,,,,,,,,,,,,,,,,"400,000",,"-1,100,000","300,000","0","-200,000","3,032,000",,,,,,,,,,,,,,,,,,,,,,,,,,,,,,,,,,,,,,,,,,,,,,,,,,,,,,,,,,,,,,,,,,,,,,,,,,,
	OtherNonOperatingIncomeExpenses,"1,600,000","400,000","600,000","300,000","300,000","500,000","1,000,000","100,000","-2,000,000","-200,000","-100,000","-200,000","100,000","-400,000","-100,000",,"-400,000","-100,000","200,000","500,000","200,000","300,000","0","300,000","300,000","700,000","300,000","-300,000","-100,000","-900,000","-900,000","-300,000","-300,000",,"-200,000",,"-100,000","200,000",,,,,,,,,,,,,,,,,,,,,,,,,,,,,,,,,,,,,,,,,,,,,,,,,,,,,,,,,,,,,,,,,,,,,,,,,,,,,,,,,,,,,,,,,,,,,,,,,,,,,,,,,,,,,,
PretaxIncome,"118,000,000","27,600,000","19,200,000","33,500,000","37,700,000","27,200,000","33,600,000","32,900,000","27,500,000","30,600,000","34,500,000","36,300,000","44,400,000","23,400,000","31,200,000","28,200,000","35,200,000","17,000,000","12,400,000","20,000,000","17,600,000","11,000,000","13,300,000","13,200,000","14,200,000","16,100,000","23,000,000","25,100,000","28,500,000","23,300,000","29,100,000","23,700,000","22,700,000","11,800,000","20,200,000","17,300,000","16,400,000","-900,000","6,800,000","5,400,000","9,900,000","-300,000","-16,600,000","2,600,000","5,300,000","-4,600,000","-88,800,000","3,800,000","700,000","-4,600,000","9,100,000","5,600,000","6,600,000","1,300,000","400,000","8,600,000","11,800,000","5,400,000","6,400,000","4,400,000","14,400,000","8,800,000","8,600,000","13,000,000","17,500,000","3,600,000","34,100,000","8,800,000","4,500,000","-1,100,000","-20,600,000","-4,500,000","-3,141,000","2,976,000","13,526,000","11,800,000","14,068,000","6,623,000","16,597,000","15,638,000","14,855,000","14,012,000","12,020,000","12,120,000","24,172,000","16,142,000","16,943,000","22,255,000","23,915,000","22,816,000","24,900,000","19,900,000","20,300,000","19,300,000","23,100,000","23,700,000","23,400,000","15,900,000","18,200,000","22,800,000","23,600,000","20,400,000","27,800,000","23,700,000","24,100,000","17,900,000","17,200,000","21,800,000","21,800,000","16,400,000","20,600,000","18,500,000","18,800,000","12,400,000","17,100,000","15,900,000","15,400,000","10,600,000","13,800,000","13,500,000","13,500,000","9,100,000","12,200,000","12,100,000","12,800,000","8,500,000","11,300,000","11,200,000","12,000,000","8,000,000",,,,,,,,,,,,,,,,,,
TaxProvision,"19,100,000","7,100,000","-300,000","4,300,000","8,000,000","5,000,000","7,600,000","7,600,000","6,100,000","7,200,000","4,800,000","7,900,000","11,600,000","5,900,000","-1,000,000","6,500,000","8,300,000","4,100,000","-16,900,000","7,500,000","6,100,000","3,800,000","1,200,000","5,700,000","4,800,000","5,700,000","6,800,000","8,700,000","10,200,000","8,400,000","5,900,000","8,500,000","5,700,000","4,200,000","-6,500,000","500,000","-101,400,000","200,000","2,000,000","1,000,000","300,000","300,000","200,000","600,000","-400,000","700,000","73,400,000","800,000","-700,000","-1,400,000","2,100,000","1,000,000","1,500,000","200,000","-3,800,000","-6,200,000","3,800,000","1,100,000","-1,600,000","-400,000","3,400,000","2,700,000","-1,300,000","2,600,000","5,800,000","1,200,000","8,200,000","-1,500,000","-6,800,000","-900,000","-10,600,000","-1,900,000","-871,000","777,000","2,207,000","1,861,000","4,121,000","156,000","3,417,000","3,145,000","4,143,000","4,218,000","2,621,000","3,267,000","7,460,000","4,516,000","5,312,000","6,540,000","7,903,000","7,580,000","7,900,000","6,100,000","6,600,000","6,300,000","6,800,000","7,400,000","7,400,000","5,100,000","4,800,000","6,800,000","7,500,000","6,800,000","9,500,000","7,800,000","8,100,000","6,000,000","5,500,000","7,200,000","7,300,000","5,600,000","6,800,000","6,100,000","6,400,000","4,200,000","5,700,000","5,200,000","4,800,000","3,400,000","4,200,000","4,200,000","4,200,000","2,900,000","3,800,000","3,800,000","4,200,000","2,800,000","3,700,000","3,800,000","4,200,000","2,700,000",,,,,,,,,,,,,,,,,,
NetIncomeCommonStockholders,"98,900,000","20,500,000","19,500,000","29,200,000","29,700,000","22,200,000","26,100,000","25,300,000","21,400,000","23,400,000","29,800,000","28,400,000","32,800,000","17,500,000","32,500,000","21,700,000","26,900,000","12,900,000","30,400,000","12,500,000","11,400,000","7,300,000","12,600,000","8,500,000","9,100,000","13,600,000","11,500,000","18,800,000","18,300,000","14,900,000","23,800,000","15,400,000","17,100,000","7,400,000","27,100,000","16,000,000","117,500,000","-600,000","4,700,000","-14,700,000","-16,500,000","-500,000","-16,600,000","1,700,000","6,000,000","-5,300,000","-174,100,000","2,500,000","-400,000","-3,600,000","22,700,000","4,300,000","-4,900,000","1,000,000","-11,500,000","14,200,000","-13,400,000","-84,900,000","8,700,000","4,500,000","11,100,000","30,700,000","15,300,000","9,200,000","-1,900,000","100,000","-25,900,000","10,300,000","11,200,000","-200,000","6,100,000","-4,000,000","-6,627,000","2,199,000","11,319,000","9,939,000","9,578,000","6,467,000","13,180,000","12,493,000","10,712,000","1,810,000","9,777,000","9,151,000","17,019,000","11,626,000","10,427,000","15,690,000","16,184,000","15,236,000","17,000,000","13,800,000","13,700,000","13,000,000","16,300,000","16,300,000","16,000,000","10,800,000","13,400,000","16,000,000","16,100,000","13,600,000","18,300,000","15,900,000","16,000,000","11,900,000","11,700,000","14,600,000","14,500,000","10,800,000","13,800,000","12,400,000","12,400,000","8,200,000","11,400,000","10,700,000","10,600,000","7,200,000","9,600,000","9,300,000","9,300,000","6,200,000","8,400,000","8,300,000","8,600,000","5,700,000","7,600,000","7,400,000","7,800,000","5,400,000",,,,,,,,,,,,,,,,,,
	NetIncome,"98,900,000","20,500,000","19,500,000","29,200,000","29,700,000","22,200,000","26,100,000","25,300,000","21,400,000","23,400,000","29,800,000","28,400,000","32,800,000","17,500,000","32,500,000","21,700,000","26,900,000","12,900,000","30,400,000","12,500,000","11,400,000","7,300,000","12,600,000","8,500,000","9,100,000","13,600,000","11,500,000","18,800,000","18,300,000","14,900,000","23,800,000","15,400,000","17,100,000","7,400,000","27,100,000","16,000,000","117,500,000","-600,000","4,700,000","-14,700,000","-16,500,000","-500,000","-16,600,000","1,700,000","6,000,000","-5,300,000","-174,100,000","2,500,000","-400,000","-3,600,000","22,700,000","4,300,000","-4,900,000","1,000,000","-11,500,000","14,200,000","-13,400,000","-84,900,000","8,700,000","4,500,000","11,100,000","30,700,000","15,300,000","9,200,000","-1,900,000","100,000","-25,900,000","10,300,000","11,200,000","-200,000","6,100,000","-4,000,000","-6,627,000","2,199,000","11,319,000","9,939,000","9,578,000","6,467,000","13,180,000","12,493,000","10,712,000","1,810,000","9,777,000","9,151,000","17,019,000","11,626,000","10,427,000","15,690,000","16,184,000","15,236,000","17,000,000","13,800,000","13,700,000","13,000,000","16,300,000","16,300,000","16,000,000","10,800,000","13,400,000","16,000,000","16,100,000","13,600,000","18,300,000","15,900,000","16,000,000","11,900,000","11,700,000","14,600,000","14,500,000","10,800,000","13,800,000","12,400,000","12,400,000","8,200,000","11,400,000","10,700,000","10,600,000","7,200,000","9,600,000","9,300,000","9,300,000","6,200,000","8,400,000","8,300,000","8,600,000","5,700,000","7,600,000","7,400,000","7,800,000","5,400,000",,,,,,,,,,,,,,,,,,
		NetIncomeIncludingNoncontrollingInterests,"98,900,000","20,500,000","19,500,000","29,200,000","29,700,000","22,200,000","26,100,000","25,300,000","21,400,000","23,400,000","29,800,000","28,400,000","32,800,000","17,500,000","32,500,000","21,700,000","26,900,000","12,900,000","30,400,000","12,500,000","11,400,000","7,300,000","12,600,000","8,500,000","9,100,000","13,600,000","11,500,000","18,800,000","18,300,000","14,900,000","23,800,000","15,400,000","17,100,000","7,400,000","27,100,000","16,000,000","117,500,000","-600,000","4,700,000","-14,700,000","-16,500,000","-500,000","-16,600,000","1,700,000","6,000,000","-5,300,000","-174,100,000","2,500,000","-400,000","-3,600,000","22,700,000","4,300,000","-4,900,000","1,000,000","-11,500,000","14,200,000","-13,400,000","-84,900,000","8,700,000","4,500,000","11,100,000","30,700,000","15,300,000","9,200,000","-1,900,000","100,000","-25,900,000","10,300,000","11,200,000","-200,000","6,100,000","-4,000,000","-6,646,000","2,256,000","11,328,000","9,936,000","9,542,000","6,294,000","13,076,000","12,453,000","10,755,000","1,782,000","9,777,000","9,151,000","17,019,000","11,626,000","10,427,000","15,690,000","16,184,000","15,236,000","17,000,000","13,800,000","13,700,000","13,000,000","16,300,000","16,300,000","16,000,000","10,800,000","13,400,000","16,000,000","16,100,000","13,600,000","18,300,000","15,900,000","16,000,000","11,900,000","11,700,000","14,600,000","14,500,000","10,800,000","13,800,000","12,400,000","12,400,000","8,200,000","11,400,000","10,700,000","10,600,000","7,200,000","9,600,000","9,300,000","9,300,000","6,200,000","8,400,000","8,300,000","8,600,000","5,700,000","7,600,000","7,400,000","7,800,000","5,400,000","6,300,000","5,900,000","6,000,000","4,800,000","5,300,000","4,800,000","4,900,000","3,700,000","4,200,000","3,500,000","3,900,000","3,300,000","3,300,000","2,500,000","3,000,000","3,000,000","2,800,000","3,000,000"
			NetIncomeContinuousOperations,"98,900,000","20,500,000","19,500,000","29,200,000","29,700,000","22,200,000","26,000,000","25,300,000","21,400,000","23,400,000","29,700,000","28,400,000","32,800,000","17,500,000","32,200,000","21,700,000","26,900,000","12,900,000","29,300,000","12,500,000","11,500,000","7,200,000","12,100,000","7,500,000","9,400,000","10,400,000","16,200,000","16,400,000","18,300,000","14,900,000","23,200,000","15,200,000","17,000,000","7,600,000","26,700,000","16,800,000","117,800,000","-1,100,000","4,800,000","4,400,000","9,600,000","-600,000","-16,800,000","2,000,000","5,700,000","-5,300,000","-162,200,000","3,000,000","1,400,000","-3,200,000","7,000,000","4,600,000","5,100,000","1,100,000","4,200,000","14,800,000","8,000,000","4,300,000","8,000,000","4,800,000","11,000,000","6,100,000","9,900,000","10,400,000","11,700,000","2,400,000","25,900,000","10,300,000","11,300,000","-200,000","-10,000,000","-2,600,000","-2,270,000","2,199,000","11,319,000","9,939,000","9,947,000","6,467,000","13,180,000","12,493,000","10,712,000","9,794,000","9,399,000","8,853,000","16,712,000","11,626,000","11,631,000","15,715,000","16,012,000","15,236,000","17,000,000","13,800,000","13,700,000","13,000,000","16,300,000","16,300,000","16,000,000","10,800,000","13,400,000","16,000,000","16,100,000","13,600,000","18,300,000","15,900,000","16,000,000","11,900,000","11,700,000","14,600,000","14,500,000","10,800,000","13,800,000","12,400,000","12,400,000","8,200,000","11,400,000","10,700,000","10,600,000","7,200,000","9,600,000","9,300,000","9,300,000","6,200,000","8,400,000","8,300,000","8,600,000","5,700,000","7,600,000","7,400,000","7,800,000","5,300,000","6,300,000","5,900,000","6,000,000","4,800,000","5,300,000","4,800,000","4,900,000","3,700,000","4,200,000","3,500,000","3,900,000","3,300,000","3,300,000","2,500,000","3,000,000","3,000,000","2,800,000","3,000,000"
			NetIncomeDiscontinuousOperations,,,,,,,,,,,,,,,,,,"0","1,100,000","0","-100,000","100,000","500,000","1,000,000","-300,000","3,200,000","-4,700,000","2,400,000","0","0","600,000","200,000","100,000","-200,000","400,000","-800,000","-300,000","500,000","-100,000","-19,100,000","-26,100,000","100,000","200,000","-300,000","300,000","0","-11,900,000","-500,000","-1,800,000","-400,000","15,700,000","-300,000","-10,000,000","-100,000","-15,700,000","-600,000","-21,400,000","-89,200,000","700,000","-300,000","100,000","24,600,000","5,400,000","-1,200,000","-13,600,000","-2,300,000","-51,800,000",,"-100,000",,"16,100,000","-1,400,000","-4,357,000",,"0",,"-369,000",,,,,,"378,000","298,000","307,000",,"-360,000","-25,000","172,000",,,,,,,,,,,,,,,,,,,,,,,,,,,,,,,,,,,,,,"0",,,"100,000",,,,,,,,,,,,,,,,,,
			NetIncomeExtraordinary,,,,,,,,,,,,,,,,,,,,,,,,,,,,,,,,,,,,,,,,,,,,,,,,,,,,,,,,,,,,,,,,,,,,,,,,,,,,,,,"0",,,"-7,984,000",,,,,,,,,,,,,,,,,,,,,,,,,,,,,,,,,,,,,,,,,,,,,,,,,,,,,,,,,,,,,,,,,,
		MinorityInterests,,,,,,,,,,,,,,,,,,,,,,,,,,,,,,,,,,,,,,,,,,,,,,,,,,,,,,,,,,,,,,,,,,,,,,,,,"19,000","-57,000","-9,000","3,000","36,000","173,000","104,000","40,000","-43,000","28,000",,,,,,,,,,,,,,,,,,,,,,,,,,,,,,,,,,,,,,,,,,,,,,,,,,,,,,,,,,,,,,,,,,
DilutedNIAvailtoComStockholders,"98,900,000","20,500,000","19,500,000","29,200,000","29,700,000","22,200,000","26,100,000","25,300,000","21,400,000","23,400,000","29,800,000","28,400,000","32,800,000","17,500,000","32,500,000","21,700,000","26,900,000","12,900,000","30,400,000","12,500,000","11,400,000","7,300,000","12,600,000","8,500,000","9,100,000","13,600,000","11,500,000","18,800,000","18,300,000","14,900,000","23,800,000","15,400,000","17,100,000","7,400,000","27,100,000","16,000,000","117,500,000","-600,000","4,700,000","-14,700,000","-16,500,000","-500,000","-16,600,000","1,700,000","6,000,000","-5,300,000","-174,100,000","2,500,000","-400,000","-3,600,000","22,700,000","4,300,000","-4,900,000","1,000,000","-11,500,000","14,200,000","-13,400,000","-84,900,000","8,700,000","4,500,000","11,100,000","30,700,000","15,300,000","9,200,000","-1,900,000","100,000","-25,900,000","10,300,000","11,200,000","-200,000","6,100,000","-4,000,000","-6,627,000","2,199,000","11,319,000","9,939,000","9,578,000","6,467,000","13,180,000","12,493,000","10,712,000","1,810,000","9,777,000","9,151,000","17,019,000","11,626,000","10,427,000","15,690,000","16,184,000","15,236,000","17,000,000","13,800,000","13,700,000","13,000,000","16,300,000","16,300,000","16,000,000","10,800,000","13,400,000","16,000,000","16,100,000","13,600,000","18,300,000","15,900,000","16,000,000","11,900,000","11,700,000","14,600,000","14,500,000","10,800,000","13,800,000","12,400,000","12,400,000","8,200,000","11,400,000","10,700,000","10,600,000","7,200,000","9,600,000","9,300,000","9,300,000","6,200,000","8,400,000","8,300,000","8,600,000","5,700,000","7,600,000","7,400,000","7,800,000","5,400,000",,,,,,,,,,,,,,,,,,
BasicEPS,,"0.34",,"0.48","0.49","0.37",,"0.42","0.36","0.39",,"0.47","0.55","0.29",,"0.36","0.45","0.22",,"0.21","0.19","0.12",,"0.14","0.15","0.22",,"0.3","0.29","0.24",,"0.24","0.27","0.12",,"0.26","1.88","-0.01",,"-0.24","-0.26","-0.01",,"0.03","0.1","-0.08",,"0.04","-0.01","-0.07",,"0.09","-0.1","0.02",,"0.3","-0.28","-1.77",,"0.09","0.23","0.64",,"0.19","-0.04","0",,"0.21","0.23","0",,"-0.08","-0.14","0.05",,"0.21","0.2","0.14",,"0.28","0.24","0.04",,"0.2","0.37","0.26",,"0.35","0.36","0.33",,"0.3","0.3","0.29",,"0.36","0.35","0.24",,"0.35","0.35","0.3",,"0.35","0.35","0.26",,"0.32","0.32","0.24",,"0.27","0.27","0.18",,"0.23","0.23","0.16",,"0.2","0.2","0.14",,"0.18","0.19","0.13",,"0.16","0.17","0.11",,"0.13","0.13","0.11",,"0.11","0.11","0.08",,"0.08","0.08","0.07",,"0.05","0.07","0.07",,"0.07"
DilutedEPS,,"0.33",,"0.47","0.48","0.36",,"0.41","0.35","0.38",,"0.46","0.54","0.29",,"0.36","0.44","0.21",,"0.21","0.19","0.12",,"0.14","0.15","0.22",,"0.3","0.29","0.23",,"0.24","0.27","0.12",,"0.25","1.87","-0.01",,"-0.24","-0.26","-0.01",,"0.03","0.096","-0.085",,"0.04","-0.01","-0.07",,"0.09","-0.1","0.02",,"0.3","-0.28","-1.77",,"0.09","0.23","0.64",,"0.19","-0.04","0",,"0.21","0.23","-0.004",,"-0.083","-0.14","0.046",,"0.207","0.199","0.135",,"0.275","0.236","0.04",,"0.2","0.37","0.255",,"0.35","0.356","0.33",,"0.3","0.3","0.29",,"0.36","0.35","0.24",,"0.35","0.35","0.3",,"0.35","0.35","0.26",,"0.32","0.32","0.24",,"0.27","0.27","0.18",,"0.23","0.23","0.16",,"0.2","0.2","0.14",,"0.18","0.19","0.13",,"0.16","0.17","0.11",,"0.13","0.13","0.11",,"0.11","0.11","0.08",,"0.08","0.08","0.07",,"0.05","0.07","0.07",,"0.07"
BasicAverageShares,,"60,700,000",,"60,900,000","60,900,000","60,600,000",,"60,300,000","60,100,000","60,500,000",,"60,200,000","60,100,000","60,100,000",,"60,000,000","59,900,000","59,800,000",,"59,800,000","59,700,000","59,600,000",,"59,800,000","60,100,000","62,100,000",,"62,300,000","62,600,000","62,700,000",,"62,700,000","62,800,000","62,800,000",,"62,600,000","62,500,000","62,400,000",,"62,400,000","62,300,000","62,200,000",,"62,200,000","62,200,000","62,100,000",,"62,200,000","57,100,000","49,200,000",,"48,000,000","48,000,000","47,900,000",,"47,600,000","47,600,000","47,900,000",,"47,800,000","47,800,000","47,800,000",,"47,900,000","48,200,000","48,300,000",,"48,200,000","48,400,000","48,200,000",,"48,100,000","48,113,000","48,026,000",,"47,977,000","47,977,000","47,859,000",,"45,305,000","45,264,000","45,133,000",,"45,217,000","45,541,000","45,412,000",,"45,302,000","45,307,000","45,613,000",,"46,000,000","45,666,667","44,827,586",,"45,277,778","45,714,286","45,000,000",,"45,714,286","46,000,000","45,333,333",,"45,428,571","45,714,286","45,769,231",,"45,625,000","45,312,500","45,000,000",,"45,925,926","45,925,926","45,555,556",,"46,521,739","46,086,957","45,000,000",,"46,500,000","46,500,000","44,285,714",,"46,111,111","45,263,158","43,846,154",,"46,250,000","45,882,353","49,090,909",,"45,713,000","45,597,000","45,549,000",,"45,425,000","45,252,000","45,252,000",,"47,272,000","47,111,000","47,111,000",,"47,107,000","45,280,000","45,280,000",,"45,237,000"
DilutedAverageShares,,"61,400,000",,"61,700,000","61,800,000","61,700,000",,"61,300,000","61,300,000","61,700,000",,"61,400,000","61,300,000","61,200,000",,"61,100,000","61,000,000","60,800,000",,"60,600,000","60,300,000","60,300,000",,"60,600,000","60,900,000","63,000,000",,"63,300,000","63,600,000","63,700,000",,"63,800,000","63,800,000","63,700,000",,"63,200,000","62,900,000","62,400,000",,"63,000,000","62,600,000","62,200,000",,"62,200,000","62,200,000","62,100,000",,"62,300,000","57,200,000","49,200,000",,"48,000,000","48,000,000","48,000,000",,"47,600,000","47,600,000","47,900,000",,"47,800,000","47,800,000","47,800,000",,"47,900,000","48,200,000","48,300,000",,"48,300,000","48,400,000","48,200,000",,"48,200,000","48,197,000","48,117,000",,"48,051,000","48,016,000","47,864,000",,"45,358,000","45,461,000","45,327,000",,"45,307,000","45,709,000","45,573,000",,"45,468,000","45,436,000","45,674,000",,"46,000,000","45,666,667","44,827,586",,"45,277,778","45,714,286","45,000,000",,"45,714,286","46,000,000","45,333,333",,"45,428,571","45,714,286","45,769,231",,"45,625,000","45,312,500","45,000,000",,"45,925,926","45,925,926","45,555,556",,"46,521,739","46,086,957","45,000,000",,"46,500,000","46,500,000","44,285,714",,"46,111,111","45,263,158","43,846,154",,"46,250,000","45,882,353","49,090,909",,"45,713,000","45,597,000","45,549,000",,"45,425,000","45,252,000","45,252,000",,"47,272,000","47,111,000","47,111,000",,"47,107,000","45,280,000","45,280,000",,"45,237,000"
TotalOperatingIncomeAsReported,"131,400,000","28,500,000","30,100,000","34,300,000","38,500,000","27,800,000","33,800,000","34,000,000","31,300,000","32,300,000","36,400,000","38,600,000","46,300,000","25,800,000","33,400,000","30,400,000","38,100,000","19,600,000","14,900,000","22,200,000","18,700,000","11,300,000","13,800,000","13,500,000","14,300,000","16,100,000","23,300,000","25,900,000","29,200,000","24,800,000","31,000,000","24,900,000","23,900,000","12,800,000","21,500,000","18,800,000","18,200,000","12,100,000","13,000,000","12,400,000","15,800,000","7,100,000","-11,700,000","7,300,000","8,900,000","-1,200,000","-86,500,000","5,500,000","4,400,000","-800,000","10,700,000","7,500,000","9,300,000","5,600,000","11,300,000","12,800,000","18,700,000","12,700,000","17,000,000","11,100,000","21,000,000","15,000,000","16,600,000","19,500,000","24,300,000","9,500,000","46,200,000","8,200,000","9,500,000","5,300,000","-15,200,000","600,000","5,034,000","8,868,000","18,936,000","16,717,000","19,110,000","11,215,000","21,340,000","21,588,000","20,402,000","18,613,000","18,149,000","19,153,000","30,846,000","23,856,000","24,159,000","31,176,000","31,731,000","29,761,000","31,200,000","25,500,000","25,600,000","24,100,000","26,700,000","26,500,000","28,100,000","20,200,000","21,900,000","26,700,000","27,200,000","23,800,000","27,000,000","27,500,000","27,000,000","21,200,000","26,600,000","24,900,000","24,700,000","19,500,000","23,200,000","20,700,000","20,400,000","13,800,000","17,800,000","16,800,000","17,300,000","11,900,000","15,200,000","14,700,000","14,700,000","10,600,000","13,900,000","12,800,000","14,000,000","9,700,000","12,300,000","12,400,000","13,300,000","9,400,000",,,,,,,,,,,,,,,,,,
TotalExpenses,"1,145,500,000","301,400,000","284,600,000","263,600,000","295,900,000","250,800,000","259,700,000","245,600,000","237,200,000","253,500,000","277,400,000","269,800,000","277,100,000","247,400,000","245,800,000","238,600,000","252,500,000","229,600,000","232,100,000","225,700,000","204,600,000","165,700,000","162,000,000","172,500,000","157,600,000","155,000,000","86,800,000","179,600,000","201,200,000","196,800,000","233,400,000","194,300,000","210,600,000","187,600,000","196,800,000","190,500,000","205,000,000","187,700,000","204,100,000","172,600,000","188,700,000","216,600,000","235,000,000","186,900,000","195,600,000","174,800,000","185,800,000","176,300,000","189,500,000","164,500,000","179,400,000","159,100,000","194,900,000","197,900,000","235,800,000","213,700,000","235,600,000","215,400,000","334,300,000","296,200,000","296,300,000","277,100,000","293,600,000","278,900,000","295,000,000","274,200,000","214,400,000","293,500,000","305,600,000","273,500,000","285,400,000","277,400,000","291,045,000","267,650,000","297,060,000","271,093,000","291,931,000","280,736,000","270,738,000","240,027,000","237,462,000","227,031,000","255,799,000","234,250,000","255,971,000","234,151,000","261,197,000","239,708,000","246,486,000","259,473,000","251,000,000","235,400,000","239,800,000","229,200,000","245,800,000","222,400,000","222,000,000","211,000,000","213,000,000","202,600,000","209,000,000","200,700,000","196,000,000","202,800,000","205,300,000","189,600,000","195,100,000","183,000,000","174,700,000","167,600,000","170,600,000","160,600,000","143,600,000","124,300,000","130,700,000","125,900,000","129,200,000","115,500,000","115,800,000","120,800,000","117,200,000","109,200,000","106,400,000","103,800,000","105,400,000","100,800,000","98,400,000","96,800,000","102,800,000","93,900,000",,,,,,,,,,,,,,,,,,
NetIncomeFromContinuingAndDiscontinuedOperation,"98,900,000","20,500,000","19,500,000","29,200,000","29,700,000","22,200,000","26,100,000","25,300,000","21,400,000","23,400,000","29,800,000","28,400,000","32,800,000","17,500,000","32,500,000","21,700,000","26,900,000","12,900,000","30,400,000","12,500,000","11,400,000","7,300,000","12,600,000","8,500,000","9,100,000","13,600,000","11,500,000","18,800,000","18,300,000","14,900,000","23,800,000","15,400,000","17,100,000","7,400,000","27,100,000","16,000,000","117,500,000","-600,000","4,700,000","-14,700,000","-16,500,000","-500,000","-16,600,000","1,700,000","6,000,000","-5,300,000","-174,100,000","2,500,000","-400,000","-3,600,000","22,700,000","4,300,000","-4,900,000","1,000,000","-11,500,000","14,200,000","-13,400,000","-84,900,000","8,700,000","4,500,000","11,100,000","30,700,000","15,300,000","9,200,000","-1,900,000","100,000","-25,900,000","10,300,000","11,200,000","-200,000","6,100,000","-4,000,000","-6,627,000","2,199,000","11,319,000","9,939,000","9,578,000","6,467,000","13,180,000","12,493,000","10,712,000","9,794,000","9,777,000","9,151,000","17,019,000","11,626,000","11,271,000","15,690,000","16,184,000","15,236,000","17,000,000","13,800,000","13,700,000","13,000,000","16,300,000","16,300,000","16,000,000","10,800,000","13,400,000","16,000,000","16,100,000","13,600,000","18,300,000","15,900,000","16,000,000","11,900,000","11,700,000","14,600,000","14,500,000","10,800,000","13,800,000","12,400,000","12,400,000","8,200,000","11,400,000","10,700,000","10,600,000","7,200,000","9,600,000","9,300,000","9,300,000","6,200,000","8,400,000","8,300,000","8,600,000","5,700,000","7,600,000","7,400,000","7,800,000","5,400,000",,,,,,,,,,,,,,,,,,
NormalizedIncome,"97,223,728.814","20,722,900","17,310,000","29,548,800","29,936,400","22,363,200","27,005,952.381","25,453,800","22,644,800","23,629,500","30,216,521.739","28,712,947.658","33,465,100","17,948,800","32,346,000","22,008,000","27,205,600","13,279,500","29,660,000","13,000,000","12,218,300","7,724,000","12,372,932.331","7,920,000","9,664,800","11,498,200","15,988,695.652","16,595,900","18,599,600","14,900,000","23,200,000","15,264,100","17,074,900","7,471,200","27,545,000","16,800,000","117,410,000","-1,100,000","2,611,764.706","5,866,666.667","9,987,878.788","895,000","-16,930,000","2,307,692.308","5,570,000","-5,170,000","-110,005,000","2,763,157.895","4,845,000","-556,521.739","7,384,615.385","4,025,000","5,022,727.273","1,184,615.385","13,755,000","14,865,000","8,949,152.542","4,698,148.148","9,820,000","4,995,000","11,763,888.889","6,238,636.364","10,560,000","10,880,000","12,034,285.714","2,400,000","25,216,422.287","6,400,000","11,000,000","820,000","-7,420,000","-920,000","5,747,631.328","2,915,743.952","12,003,529.203","9,760,434.915","9,903,161.928","6,340,062.056","12,670,175.333","13,492,408.045","11,029,285.762","9,686,358.264","9,821,251.248","9,414,712.624","16,690,567.268","11,556,857.638","10,940,402.939","16,212,117.951","15,894,161.321","15,219,305.575","17,136,546.185","13,175,879.397","13,700,000","12,730,569.948","15,170,995.671","15,062,025.316","15,863,247.863","10,664,150.943","12,884,615.385","15,649,122.807","15,690,677.966","13,266,666.667","15,206,115.108","15,832,911.392","15,535,269.71","11,700,558.659","15,849,418.605","14,399,082.569","14,167,431.193","10,800,000","13,733,009.709","12,198,918.919","12,334,042.553","8,266,129.032","11,066,666.667","10,363,522.013","10,668,831.169","7,132,075.472","9,321,739.13","9,093,333.333","9,024,444.444","6,131,868.132","8,537,704.918","8,094,214.876","8,465,625","5,498,823.529","7,667,256.637","7,333,928.571","7,670,000","5,101,250",,,,,,,,,,,,,,,,,,
InterestExpense,"4,700,000","1,300,000","1,200,000","1,100,000","1,100,000","1,100,000","1,200,000","1,200,000","1,800,000","1,500,000","1,800,000","2,100,000","2,000,000","2,000,000","2,100,000","2,200,000","2,500,000","2,500,000","2,700,000","2,700,000","1,300,000","600,000","500,000","600,000","400,000","400,000","600,000","500,000","600,000","600,000","1,000,000","900,000","900,000","1,000,000","1,100,000","1,500,000","1,700,000","4,500,000","5,700,000","5,200,000","5,400,000","6,000,000","5,100,000","4,300,000","3,800,000","3,200,000","2,000,000","2,200,000","3,200,000","2,900,000","2,600,000","2,600,000","2,800,000","3,300,000","-1,100,000","4,100,000","5,500,000","6,800,000","7,800,000","6,400,000","5,600,000",,"6,900,000","5,900,000","6,300,000","5,900,000","5,000,000",,"6,100,000","6,100,000","5,400,000",,"5,162,000","4,865,000","4,583,000","5,132,000",,,"5,489,000","4,739,000","5,064,000","4,783,000","5,589,000","6,264,000","6,705,000","7,810,000","8,222,000","8,217,000",,"6,970,000",,"6,600,000",,"5,200,000","5,300,000","4,700,000",,,,,"4,200,000","3,900,000","4,000,000","4,000,000","3,700,000","3,600,000","3,500,000","3,400,000","3,300,000","3,200,000","2,800,000","2,500,000","1,800,000","1,300,000","1,300,000","1,600,000","1,700,000","1,500,000","1,700,000","1,600,000","1,600,000",,"1,400,000","1,200,000","1,500,000","1,600,000","1,000,000","1,300,000","1,500,000","1,700,000",,,,,,,,,,,,,,,,,,
NetInterestIncome,"-4,700,000","-1,300,000","-1,200,000","-1,100,000","-1,100,000","-1,100,000","-1,200,000","-1,200,000","-1,800,000","-1,500,000","-1,800,000","-2,100,000","-2,000,000","-2,000,000","-2,100,000","-2,200,000","-2,500,000","-2,500,000","-2,700,000","-2,700,000","-1,300,000","-600,000","-500,000","-600,000","-400,000","-700,000","-600,000","-500,000","-600,000","-600,000","-1,000,000","-900,000","-900,000","-1,000,000","-1,100,000","-1,500,000","-1,700,000","-13,200,000","-9,200,000","-5,200,000","-5,400,000","-6,000,000","-5,100,000","-4,300,000","-3,800,000","-3,200,000","-2,000,000","-2,200,000","-3,200,000","-2,900,000","-2,600,000","-2,600,000","-2,800,000","-3,300,000","1,100,000","-4,100,000","-5,500,000","-6,800,000","-7,800,000","-6,400,000","-5,600,000",,"-6,900,000","-5,900,000","-6,300,000","-5,900,000","-5,000,000",,"-6,100,000","-6,100,000","-5,400,000",,"-5,162,000","-4,865,000","-4,583,000","-5,132,000",,,"-5,489,000","-4,739,000","-5,064,000","-4,783,000","-5,589,000","-6,264,000","-6,705,000","-7,810,000","-8,222,000","-8,217,000",,"-6,970,000",,"-6,600,000",,"-5,200,000","-5,300,000","-4,700,000",,,,,"-4,200,000","-3,900,000","-4,000,000","-4,000,000","-3,700,000","-3,600,000","-3,500,000","-3,400,000","-3,300,000","-3,200,000","-2,800,000","-2,500,000","-1,800,000","-1,300,000","-1,300,000","-1,600,000","-1,700,000","-1,500,000","-1,700,000","-1,600,000","-1,600,000",,"-1,400,000","-1,200,000","-1,500,000","-1,600,000","-1,000,000","-1,300,000","-1,500,000","-1,700,000",,,,,,,,,,,,,,,,,,
EBIT,"122,700,000","28,900,000","20,400,000","34,600,000","38,800,000","28,300,000","34,800,000","34,100,000","29,300,000","32,100,000","36,300,000","38,400,000","46,400,000","25,400,000","33,300,000","30,400,000","37,700,000","19,500,000","15,100,000","22,700,000","18,900,000","11,600,000","13,800,000","13,800,000","14,600,000","16,500,000","23,600,000","25,600,000","29,100,000","23,900,000","30,100,000","24,600,000","23,600,000","12,800,000","21,300,000","18,800,000","18,100,000","3,600,000","12,500,000","10,600,000","15,300,000","5,700,000","-11,500,000","6,900,000","9,100,000","-1,400,000","-86,800,000","6,000,000","3,900,000","-1,700,000","11,700,000","8,200,000","9,400,000","4,600,000","14,000,000","12,800,000","18,700,000","12,700,000","17,000,000","11,100,000","21,000,000","15,000,000","16,600,000","19,500,000","24,300,000","9,500,000","44,900,000","8,200,000","10,100,000","6,700,000","-10,900,000","3,600,000","13,096,000","8,868,000","18,936,000","16,717,000","19,110,000","11,215,000","21,340,000","21,588,000","20,402,000","18,613,000","18,149,000","19,153,000","30,846,000","23,856,000","24,159,000","31,176,000","31,731,000","29,761,000","31,200,000","25,500,000","25,600,000","24,100,000","26,700,000","26,500,000","28,100,000","20,200,000","21,900,000","26,700,000","27,200,000","23,800,000","27,000,000","27,500,000","27,000,000","21,200,000","26,600,000","24,900,000","24,700,000","19,500,000","23,200,000","20,700,000","20,400,000","13,800,000","17,800,000","16,800,000","17,300,000","11,900,000","15,200,000","14,700,000","14,700,000","10,600,000","13,900,000","12,800,000","14,000,000","9,700,000","12,300,000","12,400,000","13,300,000","9,400,000","-264,000,000","102,100,000","108,900,000","96,500,000","-240,400,000","95,900,000","93,400,000","86,400,000","-204,600,000","78,900,000","78,700,000","73,100,000","-194,500,000","69,700,000","73,200,000","74,100,000","-190,900,000","71,700,000"
EBITDA,"174,300,000"
ReconciledCostOfRevenue,"929,000,000","244,400,000","234,000,000","227,400,000","253,100,000","210,000,000","218,900,000","207,200,000","199,800,000","211,300,000","232,900,000","226,800,000","235,300,000","203,500,000","207,400,000","200,400,000","211,800,000","187,800,000","186,000,000","187,400,000","169,700,000","134,200,000","130,700,000","141,400,000","127,300,000","125,400,000","68,700,000","146,200,000","165,100,000","162,400,000","195,200,000","160,900,000","175,700,000","153,400,000","163,600,000","158,800,000","170,800,000","153,000,000","168,000,000","139,400,000","155,200,000","168,500,000","167,800,000","147,900,000","152,800,000","132,100,000","135,900,000","136,300,000","145,300,000","124,900,000","143,200,000","124,600,000","149,800,000","152,900,000","184,600,000","167,600,000","186,400,000","168,200,000","274,100,000","235,100,000","237,700,000","224,200,000","260,700,000","218,300,000","236,100,000","212,100,000","169,900,000","235,500,000","245,400,000","214,600,000","230,400,000","220,200,000","232,586,000","209,060,000","236,407,000","209,764,000","227,950,000","217,602,000","211,781,000","187,553,000","183,117,000","175,754,000","199,437,000","181,274,000","201,136,000","178,067,000","196,463,000","180,540,000","183,863,000","192,320,000","188,500,000","175,300,000","179,600,000","169,900,000","185,500,000","166,500,000","164,600,000","154,500,000","158,300,000","152,400,000","153,800,000","149,100,000","146,100,000","155,100,000","157,200,000","143,300,000","150,800,000","141,000,000","132,800,000","127,400,000","131,600,000","123,200,000","109,700,000","92,800,000","97,300,000","94,000,000","97,900,000","84,700,000","85,700,000","90,600,000","87,700,000","80,500,000","79,600,000","76,800,000","78,600,000","73,900,000","71,500,000","71,000,000","75,600,000","67,600,000",,,,,,,,,,,,,,,,,,
ReconciledDepreciation,"51,600,000","13,400,000","12,900,000","12,700,000","12,600,000","12,200,000","11,700,000","11,200,000","11,100,000","10,800,000","11,400,000","10,800,000","9,800,000","9,500,000","9,400,000","9,400,000","9,000,000","8,600,000","8,700,000","9,000,000","6,600,000","5,700,000","6,100,000","5,800,000","4,200,000","3,000,000","900,000","3,700,000","3,900,000","3,800,000","3,900,000","3,800,000","3,700,000","3,600,000","3,800,000","3,500,000","3,500,000","3,400,000","3,600,000","3,000,000","1,100,000","5,500,000","5,500,000","5,600,000","5,600,000","5,800,000","4,400,000","5,600,000","5,000,000","4,200,000","3,600,000","3,900,000","3,900,000","3,900,000","3,400,000","3,700,000","4,100,000","4,300,000","6,300,000","5,400,000","4,700,000","4,800,000","1,900,000","5,300,000","5,600,000","5,100,000","4,000,000","5,500,000","6,000,000","6,000,000","5,300,000","5,084,000","6,019,000","5,997,000","4,741,000","6,742,000","6,367,000","6,585,000","6,734,000","5,719,000","5,834,000","5,708,000","7,749,000","7,583,000","7,193,000","7,733,000","7,136,000","7,325,000","7,109,000","7,487,000","7,700,000","6,600,000","6,600,000","6,300,000","5,900,000","6,100,000","5,900,000","5,700,000","5,300,000","5,200,000","5,100,000","5,000,000","4,700,000","4,600,000","4,700,000","4,400,000","3,600,000","4,100,000","5,300,000","2,900,000","2,600,000","2,700,000","2,600,000","2,400,000","2,200,000","2,400,000","2,300,000","2,300,000","2,200,000","2,200,000","2,200,000","2,100,000","2,000,000","2,000,000","2,100,000","2,100,000","2,000,000","1,800,000","2,000,000","2,000,000",,,,,,,,,,,,,,,,,,
NetIncomeFromContinuingOperationNetMinorityInterest,"98,900,000","20,500,000","19,500,000","29,200,000","29,700,000","22,200,000","26,000,000","25,300,000","21,400,000","23,400,000","29,700,000","28,400,000","32,800,000","17,500,000","32,200,000","21,700,000","26,900,000","12,900,000","29,300,000","12,500,000","11,500,000","7,200,000","12,100,000","7,500,000","9,400,000","10,400,000","16,200,000","16,400,000","18,300,000","14,900,000","23,200,000","15,200,000","17,000,000","7,600,000","26,700,000","16,800,000","117,800,000","-1,100,000","4,800,000","4,400,000","9,600,000","-600,000","-16,800,000","2,000,000","5,700,000","-5,300,000","-162,200,000","3,000,000","1,400,000","-3,200,000","7,000,000","4,600,000","5,100,000","1,100,000","4,200,000","14,800,000","8,000,000","4,300,000","8,000,000","4,800,000","11,000,000","6,100,000","9,900,000","10,400,000","11,700,000","2,400,000","25,900,000","10,300,000","11,300,000","-200,000","-10,000,000","-2,600,000","-2,270,000","2,199,000","11,319,000","9,939,000","9,947,000","6,467,000","13,180,000","12,493,000","10,712,000","9,794,000","9,399,000","8,853,000","16,712,000","11,626,000","11,631,000","15,715,000","16,012,000","15,236,000","17,000,000","13,800,000","13,700,000","13,000,000","16,300,000","16,300,000","16,000,000","10,800,000","13,400,000","16,000,000","16,100,000","13,600,000","18,300,000","15,900,000","16,000,000","11,900,000","11,700,000","14,600,000","14,500,000","10,800,000","13,800,000","12,400,000","12,400,000","8,200,000","11,400,000","10,700,000","10,600,000","7,200,000","9,600,000","9,300,000","9,300,000","6,200,000","8,400,000","8,300,000","8,600,000","5,700,000","7,600,000","7,400,000","7,800,000","5,300,000",,,,,,,,,,,,,,,,,,
TotalUnusualItemsExcludingGoodwill,"2,000,000","-300,000","3,000,000","-400,000","-300,000","-200,000","-1,300,000","-200,000","-1,600,000","-300,000","-600,000","-400,000","-900,000","-600,000","-200,000","-400,000","-400,000","-500,000","-600,000","-800,000","-1,100,000","-800,000","-300,000","-700,000","-400,000","-1,700,000","300,000","-300,000","-400,000","0","0","-100,000","-100,000","200,000","-1,300,000","0","600,000","0","3,100,000","-1,800,000","-400,000","-2,300,000","200,000","-400,000","200,000","-200,000","-80,300,000","300,000","-5,300,000","-3,800,000","-500,000","700,000","100,000","-100,000","-14,700,000","-100,000","-1,400,000","-500,000","-2,800,000","-300,000","-1,000,000","-200,000","-1,100,000","-600,000","-500,000",,"900,000","6,500,000","500,000","-1,700,000","-4,300,000","-2,800,000","-11,094,000","-970,000","-818,000","212,000","62,000","130,000","642,000","-1,251,000","-440,000","154,000","-540,000","-769,000","31,000","96,000","1,006,000","-704,000","176,000","25,000","-200,000","900,000",,"400,000","1,600,000","1,800,000","200,000","200,000","700,000","500,000","600,000","500,000","4,700,000","100,000","700,000","300,000","-6,100,000","300,000","500,000",,"100,000","300,000","100,000","-100,000","500,000","500,000","-100,000","100,000","400,000","300,000","400,000","100,000","-200,000","300,000","200,000","300,000","-100,000","100,000","200,000","300,000",,,,,,,,,,,,,,,,,,
TotalUnusualItems,"2,000,000","-300,000","3,000,000","-400,000","-300,000","-200,000","-1,300,000","-200,000","-1,600,000","-300,000","-600,000","-400,000","-900,000","-600,000","-200,000","-400,000","-400,000","-500,000","-600,000","-800,000","-1,100,000","-800,000","-300,000","-700,000","-400,000","-1,700,000","300,000","-300,000","-400,000","0","0","-100,000","-100,000","200,000","-1,300,000","0","600,000","0","3,100,000","-1,800,000","-400,000","-2,300,000","200,000","-400,000","200,000","-200,000","-80,300,000","300,000","-5,300,000","-3,800,000","-500,000","700,000","100,000","-100,000","-14,700,000","-100,000","-1,400,000","-500,000","-2,800,000","-300,000","-1,000,000","-200,000","-1,100,000","-600,000","-500,000",,"900,000","6,500,000","500,000","-1,700,000","-4,300,000","-2,800,000","-11,094,000","-970,000","-818,000","212,000","62,000","130,000","642,000","-1,251,000","-440,000","154,000","-540,000","-769,000","31,000","96,000","1,006,000","-704,000","176,000","25,000","-200,000","900,000",,"400,000","1,600,000","1,800,000","200,000","200,000","700,000","500,000","600,000","500,000","4,700,000","100,000","700,000","300,000","-6,100,000","300,000","500,000",,"100,000","300,000","100,000","-100,000","500,000","500,000","-100,000","100,000","400,000","300,000","400,000","100,000","-200,000","300,000","200,000","300,000","-100,000","100,000","200,000","300,000",,,,,,,,,,,,,,,,,,
NormalizedEBITDA,"172,300,000","42,600,000","30,300,000","47,700,000","51,700,000","40,700,000","47,800,000","45,500,000","42,000,000","43,200,000","48,300,000","49,600,000","57,100,000","35,500,000","42,900,000","40,200,000","47,100,000","28,600,000","24,400,000","32,500,000","26,600,000","18,100,000","20,200,000","20,300,000","19,200,000","21,200,000","24,200,000","29,600,000","33,400,000","27,700,000","34,000,000","28,500,000","27,400,000","16,200,000","26,400,000","22,300,000","21,000,000","7,000,000","13,000,000","15,400,000","16,800,000","13,500,000","-6,200,000","12,900,000","14,500,000","4,600,000","-2,100,000","11,300,000","14,200,000","6,300,000","15,800,000","11,400,000","13,200,000","8,600,000","32,100,000","16,600,000","24,200,000","17,500,000","26,100,000","16,800,000","26,700,000","20,000,000","19,600,000","25,400,000","30,400,000","14,600,000","48,000,000","7,200,000","15,600,000","14,400,000","-1,300,000","11,484,000","30,209,000","15,835,000","24,495,000","23,247,000","25,415,000","17,670,000","27,432,000","28,558,000","26,676,000","24,167,000","26,438,000","27,505,000","38,008,000","31,493,000","30,289,000","39,205,000","38,664,000","37,223,000","39,100,000","31,200,000","32,200,000","30,000,000","31,000,000","30,800,000","33,800,000","25,700,000","26,500,000","31,400,000","31,700,000","28,300,000","27,000,000","32,000,000","31,000,000","25,300,000","36,300,000","28,700,000","29,500,000","22,400,000","25,700,000","23,100,000","22,900,000","16,300,000","19,500,000","18,700,000","19,700,000","14,100,000","17,000,000","16,600,000","16,500,000","12,600,000","16,100,000","14,500,000","15,900,000","11,500,000","14,400,000","14,200,000","15,100,000","11,100,000","-264,000,000","102,100,000","108,900,000","96,500,000","-240,400,000","95,900,000","93,400,000","86,400,000","-204,600,000","78,900,000","78,700,000","73,100,000","-194,500,000","69,700,000","73,200,000","74,100,000","-190,900,000","71,700,000"
TaxRateForCalcs,"0.162","0.257","0.27","0.128","0.212","0.184","0.226","0.231","0.222","0.235","0.139","0.218","0.261","0.252","0.27","0.23","0.236","0.241","0.4","0.375","0.347","0.345","0.09","0.4","0.338","0.354","0.296","0.347","0.251","0.361","0.203","0.359","0.251","0.356","0.35","0.029","0.35","0.35","0.294","0.185","0.03","0.35","0.35","0.231","0.35","0.35","0.35","0.211","0.35","0.304","0.231","0.179","0.227","0.154","0.35","0.35","0.322","0.204","0.35","0.35","0.236","0.307","0.4","0.2","0.331","0.333","0.24","0.4","0.4","0.4","0.4","0.4","0.277","0.261","0.163","0.158","0.293","0.024","0.206","0.201","0.279","0.301","0.218","0.27","0.309","0.28","0.314","0.294","0.33","0.332","0.317","0.307","0.325","0.326","0.294","0.312","0.316","0.321","0.264","0.298","0.318","0.333","0.342","0.329","0.336","0.335","0.32","0.33","0.335","0.341","0.33","0.33","0.34","0.339","0.333","0.327","0.312","0.321","0.304","0.311","0.311","0.319","0.311","0.314","0.328","0.329","0.327","0.339","0.35","0.338",,,,,,,,,,,,,,,,,,
TaxEffectOfUnusualItems,"323,728.814","-77,100","810,000","-51,200","-63,600","-36,800","-294,047.619","-46,200","-355,200","-70,500","-83,478.261","-87,052.342","-234,900","-151,200","-54,000","-92,000","-94,400","-120,500","-240,000","-300,000","-381,700","-276,000","-27,067.669","-280,000","-135,200","-601,800","88,695.652","-104,100","-100,400","0","0","-35,900","-25,100","71,200","-455,000","0","210,000","0","911,764.706","-333,333.333","-12,121.212","-805,000","70,000","-92,307.692","70,000","-70,000","-28,105,000","63,157.895","-1,855,000","-1,156,521.739","-115,384.615","125,000","22,727.273","-15,384.615","-5,145,000","-35,000","-450,847.458","-101,851.852","-980,000","-105,000","-236,111.111","-61,363.636","-440,000","-120,000","-165,714.286","0","216,422.287","2,600,000","200,000","-680,000","-1,720,000","-1,120,000","-3,076,368.672","-253,256.048","-133,470.797","33,434.915","18,161.928","3,062.056","132,175.333","-251,591.955","-122,714.238","46,358.264","-117,748.752","-207,287.376","9,567.268","26,857.638","315,402.939","-206,882.049","58,161.321","8,305.575","-63,453.815","275,879.397","0","130,569.948","470,995.671","562,025.316","63,247.863","64,150.943","184,615.385","149,122.807","190,677.966","166,666.667","1,606,115.108","32,911.392","235,269.71","100,558.659","-1,950,581.395","99,082.569","167,431.193","0","33,009.709","98,918.919","34,042.553","-33,870.968","166,666.667","163,522.013","-31,168.831","32,075.472","121,739.13","93,333.333","124,444.444","31,868.132","-62,295.082","94,214.876","65,625","98,823.529","-32,743.363","33,928.571","70,000","101,250",,,,,,,,,,,,,,,,,,