name,ttm,05/31/2022,02/28/2022,11/30/2021,08/31/2021,05/31/2021,02/28/2021,11/30/2020,08/31/2020,05/31/2020,02/29/2020,11/30/2019,08/31/2019,05/31/2019,02/28/2019,11/30/2018,08/31/2018,05/31/2018,02/28/2018,11/30/2017,08/31/2017,05/31/2017,02/28/2017,11/30/2016,08/31/2016,05/31/2016,02/29/2016,11/30/2015,08/31/2015,05/31/2015,02/28/2015,11/30/2014,08/31/2014,05/31/2014,02/28/2014,11/30/2013,08/31/2013,05/31/2013,02/28/2013,11/30/2012,08/31/2012,05/31/2012,02/29/2012,11/30/2011,08/31/2011,05/31/2011,02/28/2011,11/30/2010,08/31/2010,05/31/2010,02/28/2010,11/30/2009,08/31/2009,05/31/2009,02/28/2009,11/30/2008,08/31/2008,05/31/2008,02/29/2008,11/30/2007,08/31/2007,05/31/2007,02/28/2007,11/30/2006,08/31/2006,05/31/2006,02/28/2006,11/30/2005,08/31/2005,05/31/2005,02/28/2005,11/30/2004,08/31/2004,05/31/2004,02/29/2004,11/30/2003,08/31/2003,05/31/2003,02/28/2003,11/30/2002,08/31/2002,05/31/2002,02/28/2002,11/30/2001,08/31/2001,05/31/2001,02/28/2001,11/30/2000,08/31/2000,05/31/2000,02/29/2000,11/30/1999,08/31/1999,05/31/1999,02/28/1999,11/30/1998,08/31/1998,05/31/1998,02/28/1998,11/30/1997,08/31/1997,05/31/1997,02/28/1997,11/30/1996,08/31/1996,05/31/1996,02/29/1996,11/30/1995,08/31/1995,05/31/1995,02/28/1995,11/30/1994,08/31/1994,05/31/1994,02/28/1994,11/30/1993,08/31/1993,05/31/1993,02/28/1993,11/30/1992,08/31/1992,05/31/1992,02/29/1992,11/30/1991,08/31/1991,05/31/1991,02/28/1991,11/30/1990,08/31/1990,05/31/1990,02/28/1990,11/30/1989,08/31/1989,05/31/1989,02/28/1989,11/30/1988,08/31/1988,05/31/1988,02/29/1988,11/30/1987,08/31/1987,05/31/1987,02/28/1987,11/30/1986,08/31/1986,05/31/1986,02/28/1986,11/30/1985,08/31/1985
TotalRevenue,"3,573,993,000","993,258,000","856,482,000","897,424,000","826,830,000","827,873,000","725,904,000","777,640,000","691,463,000","674,602,000","646,564,000","739,106,000","725,376,000","759,583,000","672,935,000","768,429,000","770,107,000","789,387,000","713,079,000","678,200,000","562,869,000","561,651,000","503,323,000","574,907,000","512,858,000","532,514,000","474,326,000","548,104,000","524,133,000","540,762,000","470,661,000","547,674,000","526,765,000","544,034,000","485,981,000","533,531,000","514,579,000","519,016,000","479,842,000","513,255,000","500,535,000","526,995,000","375,262,000","436,526,000","387,756,000","393,722,000","339,548,000","360,243,000","338,568,000","347,908,000","309,442,000","341,573,000","315,329,000","299,193,000","278,563,000","350,155,000","361,986,000","356,765,000","322,648,000","307,097,000","367,891,000","373,515,000","351,755,000","346,649,000","388,949,000","388,500,000","348,294,000","413,190,000","358,091,000","387,926,000","352,987,000","378,455,000","349,514,000","363,063,000","318,573,000","346,173,000","322,089,000","324,481,000","294,588,000","329,632,000","313,936,000","319,402,000","293,240,000","322,906,000","315,712,000","328,507,000","306,934,000","361,056,000","323,109,000","347,192,000","321,206,000","357,200,000","331,900,000","348,200,000","327,200,000","361,100,000","333,500,000","342,000,000","310,700,000","350,400,000","323,500,000","328,900,000","304,100,000","333,800,000","318,100,000","320,200,000","303,600,000","313,100,000","312,600,000","322,400,000","295,600,000","295,700,000","286,800,000","272,400,000","242,500,000","247,800,000","252,200,000","247,300,000","228,100,000","243,400,000","236,900,000","234,600,000","218,800,000","220,600,000","213,900,000","216,300,000","202,100,000","203,000,000","203,100,000","204,700,000","181,500,000","189,600,000","189,900,000","196,300,000","177,600,000","180,900,000","176,700,000","172,800,000","154,600,000","153,300,000","155,100,000","151,200,000","137,400,000","139,900,000","136,600,000","132,800,000","119,200,000","116,600,000","117,000,000"
	OperatingRevenue,"3,573,993,000","993,258,000","856,482,000","897,424,000","826,830,000","827,873,000","725,904,000","777,640,000","691,463,000","674,602,000","646,564,000","739,106,000","725,376,000","759,583,000","672,935,000","768,429,000","770,107,000","789,387,000","713,079,000","678,200,000","562,869,000","561,651,000","503,323,000","574,907,000","512,858,000","532,514,000","474,326,000","548,104,000","524,133,000","540,762,000","470,661,000","547,674,000","526,765,000","544,034,000","485,981,000","533,531,000","514,579,000","519,016,000","479,842,000","513,255,000","500,535,000","526,995,000","375,262,000","436,526,000","387,756,000","393,722,000","339,548,000","360,243,000","338,568,000","347,908,000","309,442,000","341,573,000","315,329,000","299,193,000","278,563,000","350,155,000","361,986,000","356,765,000","322,648,000","307,097,000","367,891,000","373,515,000","351,755,000","346,649,000","388,949,000","388,500,000","348,294,000","413,190,000","358,091,000","387,926,000","352,987,000","378,455,000","349,514,000","363,063,000","318,573,000","346,173,000","322,089,000","324,481,000","294,588,000","329,632,000","313,936,000","319,402,000","293,240,000","322,906,000","315,712,000","328,507,000","306,934,000","361,056,000","323,109,000","347,192,000","321,206,000","357,200,000","331,900,000","348,200,000","327,200,000","361,100,000","333,500,000","342,000,000","310,700,000","350,400,000","323,500,000","328,900,000","304,100,000","333,800,000","318,100,000","320,200,000","303,600,000","313,100,000","312,600,000","322,400,000","295,600,000","295,700,000","286,800,000","272,400,000","242,500,000","247,800,000","252,200,000","247,300,000","228,100,000","243,400,000","236,900,000","234,600,000","218,800,000","220,600,000","213,900,000","216,300,000","202,100,000","203,000,000","203,100,000","204,700,000","181,500,000","189,600,000","189,900,000","196,300,000","177,600,000","180,900,000","176,700,000","172,800,000","154,600,000","153,300,000","155,100,000","151,200,000","137,400,000","139,900,000","136,600,000","132,800,000","119,200,000","116,600,000","117,000,000"
CostOfRevenue,"2,672,172,000","739,737,000","643,589,000","655,965,000","632,880,000","610,323,000","533,500,000","563,998,000","503,619,000","489,701,000","476,302,000","537,889,000","518,055,000","541,100,000","493,000,000","558,808,000","552,900,000","567,002,000","525,374,000","510,464,000","412,469,000","415,613,000","364,327,000","407,086,000","366,737,000","374,258,000","336,721,000","392,044,000","377,293,000","391,825,000","354,455,000","415,238,000","401,611,000","401,379,000","352,936,000","387,859,000","370,072,000","372,400,000","346,466,000","369,541,000","366,211,000","390,444,000","261,156,000","310,913,000","275,775,000","281,130,000","242,644,000","258,123,000","242,294,000","246,800,000","211,763,000","235,093,000","214,914,000","209,785,000","203,564,000","262,893,000","271,533,000","261,542,000","231,131,000","207,434,000","259,288,000","265,368,000","249,465,000","246,627,000","278,610,000","276,830,000","250,441,000","301,984,000","260,509,000","288,371,000","262,278,000","286,584,000","255,064,000","262,517,000","232,796,000","252,763,000","235,023,000","234,909,000","212,440,000","238,449,000","229,752,000","231,965,000","218,062,000","234,064,000","229,789,000","226,919,000","211,390,000","238,003,000","216,590,000","226,059,000","206,535,000","226,700,000","211,200,000","222,400,000","210,100,000","234,400,000","207,300,000","221,200,000","201,900,000","227,600,000","209,100,000","212,100,000","198,200,000","213,200,000","207,300,000","206,900,000","197,100,000","206,700,000","201,700,000","208,700,000","193,100,000","191,500,000","186,700,000","174,800,000","158,100,000","161,200,000","161,100,000","156,400,000","149,500,000","153,300,000","148,900,000","147,200,000","139,300,000","138,700,000","136,700,000","139,300,000","130,800,000","128,500,000","129,800,000","130,400,000","116,500,000","120,100,000","123,400,000","126,900,000",,,,,,,,,,,,,,,
GrossProfit,"901,821,000","253,521,000","212,893,000","241,459,000","193,950,000","217,550,000","192,364,000","213,642,000","187,844,000","184,901,000","170,262,000","201,217,000","207,321,000","218,459,000","179,925,000","209,600,000","217,204,000","222,385,000","187,705,000","167,736,000","150,400,000","146,038,000","138,996,000","167,821,000","146,121,000","158,256,000","137,605,000","156,060,000","146,840,000","148,937,000","116,206,000","132,436,000","125,154,000","142,655,000","133,045,000","145,672,000","144,507,000","146,616,000","133,376,000","143,714,000","134,324,000","136,551,000","114,106,000","125,613,000","111,981,000","112,592,000","96,904,000","102,120,000","96,274,000","101,108,000","97,679,000","106,480,000","100,415,000","89,408,000","74,999,000","87,262,000","90,453,000","95,223,000","91,517,000","99,663,000","108,603,000","108,147,000","102,290,000","100,022,000","110,339,000","111,670,000","97,853,000","111,206,000","97,582,000","99,555,000","90,709,000","91,871,000","94,450,000","100,546,000","85,777,000","93,410,000","87,066,000","89,572,000","82,148,000","91,183,000","84,184,000","87,437,000","75,178,000","88,842,000","85,923,000","101,588,000","95,544,000","123,053,000","106,519,000","121,133,000","114,671,000","130,500,000","120,700,000","125,800,000","117,100,000","126,700,000","126,200,000","120,800,000","108,800,000","122,800,000","114,400,000","116,800,000","105,900,000","120,600,000","110,800,000","113,300,000","106,500,000","106,400,000","110,900,000","113,700,000","102,500,000","104,200,000","100,100,000","97,600,000","84,400,000","86,600,000","91,100,000","90,900,000","78,600,000","90,100,000","88,000,000","87,400,000","79,500,000","81,900,000","77,200,000","77,000,000","71,300,000","74,500,000","73,300,000","74,300,000","65,000,000","69,500,000","66,500,000","69,400,000",,,,,,,,,,,,,,,
OperatingExpense,"622,185,000","166,007,000","155,894,000","165,789,000","134,497,000","148,409,000","144,014,000","139,712,000","129,113,000","127,998,000","141,509,000","148,521,000","140,615,000","146,079,000","145,713,000","139,844,000","146,069,000","145,199,000","151,020,000","151,126,000","110,219,000","102,770,000","112,915,000","106,495,000","97,692,000","103,684,000","99,767,000","103,846,000","98,297,000","100,582,000","94,833,000","101,445,000","96,779,000","96,372,000","96,799,000","95,510,000","92,245,000","95,690,000","99,922,000","72,965,000","94,270,000","104,043,000","83,331,000","85,243,000","79,542,000","77,608,000","75,653,000","72,512,000","73,584,000","75,292,000","71,448,000","71,695,000","68,324,000","61,516,000","62,606,000","62,824,000","64,282,000","62,795,000","64,997,000","62,102,000","69,228,000","70,943,000","73,620,000","75,542,000","75,739,000","79,056,000","75,856,000","82,331,000","73,460,000","78,509,000","80,321,000","78,041,000","79,078,000","77,731,000","75,409,000","72,332,000","67,838,000","73,129,000","70,944,000","73,673,000","67,673,000","71,382,000","68,832,000","63,382,000","61,173,000","77,975,000","81,260,000","95,287,000","87,506,000","89,216,000","91,166,000","93,000,000","90,400,000","95,100,000","94,400,000","100,800,000","104,300,000","96,100,000","93,300,000","95,000,000","92,400,000","94,500,000","90,600,000","94,000,000","83,800,000","96,300,000","96,400,000","93,400,000","91,300,000","91,800,000","87,500,000","87,200,000","81,300,000","77,500,000","74,200,000","78,800,000","72,500,000","72,400,000","70,000,000","72,900,000","67,800,000","67,200,000","65,700,000","63,800,000","60,500,000","62,000,000","61,200,000","60,400,000","59,000,000","59,200,000","56,400,000","56,300,000","54,400,000","55,800,000",,,,,,,,,,,,,,,
	SellingGeneralAndAdministration,"582,841,000","166,007,000","155,894,000","126,445,000","134,497,000","148,409,000","144,014,000","102,743,000","129,113,000","127,998,000","141,509,000","148,521,000","140,615,000","146,079,000","145,713,000","139,844,000","146,069,000","145,199,000","151,020,000","121,026,000","110,219,000","102,770,000","112,915,000","77,881,000","97,692,000","103,684,000","99,767,000","77,676,000","98,297,000","100,582,000","94,833,000","80,200,000","96,779,000","96,372,000","96,799,000","95,510,000","92,245,000","95,690,000","99,922,000","72,965,000","94,270,000","104,043,000","83,331,000","85,243,000","79,542,000","77,608,000","75,653,000","72,512,000","73,584,000","75,292,000","71,448,000","71,695,000","68,324,000","61,516,000","62,606,000","62,824,000","64,282,000","62,795,000","64,997,000","62,102,000","69,228,000","70,943,000","73,620,000","56,890,000","75,739,000","79,056,000","75,856,000","79,421,000","73,460,000","78,509,000","80,321,000","78,041,000","79,078,000","77,731,000","75,409,000","72,332,000","67,838,000","73,129,000","70,944,000","73,673,000","67,673,000","71,382,000","68,832,000","63,382,000","61,173,000","64,600,000","68,291,000","81,327,000","75,217,000","76,465,000","78,001,000","80,000,000","78,400,000","81,800,000","81,900,000","86,500,000","81,200,000","84,000,000","82,200,000","82,300,000","80,800,000","83,200,000","79,400,000","81,800,000","75,500,000","84,200,000","82,000,000","83,000,000","79,700,000","81,800,000","78,300,000","77,100,000","73,500,000","70,100,000","66,800,000","72,500,000","63,800,000","65,000,000","62,500,000","63,800,000","60,300,000","59,700,000","58,300,000","56,000,000","53,600,000","55,000,000","54,200,000","53,000,000","52,200,000","52,200,000","50,000,000","49,400,000","48,600,000","50,200,000",,,,,,,,,,,,,,,
		GeneralAndAdministrativeExpense,,,,"165,789,000",,,,,,,,,"140,615,000",,"145,713,000","139,844,000","146,069,000","145,199,000","151,020,000","121,026,000","110,219,000","102,770,000","112,915,000","77,881,000","97,692,000","103,684,000","99,767,000","77,676,000","98,297,000","100,582,000","94,833,000","80,200,000","96,779,000","96,372,000","96,799,000","95,510,000","92,245,000","95,690,000","99,922,000","95,395,000","94,270,000","104,043,000",,,,,,,,,,,,,,,,,,,,,,,,,,,,,,,,,,,,,,,,,,,,,,,,,,,,,,,,,,,,,,,,,,,,,,,,,,,,,,,,,,,,,,,,,,,,,,,,,,,,,,,,,,,
			OtherGandA,,,,"165,789,000",,,,,,,,,"140,615,000",,"145,713,000","139,844,000","146,069,000","145,199,000","151,020,000","121,026,000","110,219,000","102,770,000","112,915,000","77,881,000","97,692,000","103,684,000","99,767,000","77,676,000","98,297,000","100,582,000","94,833,000","80,200,000","96,779,000","96,372,000","96,799,000","95,510,000","92,245,000","95,690,000","99,922,000","95,395,000","94,270,000","104,043,000",,,,,,,,,,,,,,,,,,,,,,,,,,,,,,,,,,,,,,,,,,,,,,,,,,,,,,,,,,,,,,,,,,,,,,,,,,,,,,,,,,,,,,,,,,,,,,,,,,,,,,,,,,,
	DepreciationAmortizationDepletionIncomeStatement,,,,,,,,,,,,,,,,,,,,,,,,,,,,,,,,,,,,,,,,,,,,,,,,,,,,,,,,,,,,,,,,,,,,,,,,,,,,,,,,,,,,,,"13,375,000","12,969,000","13,960,000","12,289,000","12,751,000","13,165,000","13,000,000","12,000,000","13,300,000","12,500,000","14,300,000","23,100,000","12,100,000","11,100,000","12,700,000","11,600,000","11,300,000","11,200,000","12,200,000","8,300,000","12,100,000","14,400,000","10,400,000","11,600,000","10,000,000","9,200,000","10,100,000","7,800,000","7,400,000","7,400,000","6,300,000","8,700,000","7,400,000","7,500,000","9,100,000","7,500,000","7,500,000","7,400,000","7,800,000","6,900,000","7,000,000","7,000,000","7,400,000","6,800,000","7,000,000","6,400,000","6,900,000","5,800,000","5,600,000",,,,,,,,,,,,,,,
		DepreciationAndAmortizationInIncomeStatement,,,,,,,,,,,,,,,,,,,,,,,,,,,,,,,,,,,,,,,,,,,,,,,,,,,,,,,,,,,,,,,,,,,,,,,,,,,,,,,,,,,,,,"13,375,000","12,969,000","13,960,000","12,289,000","12,751,000","13,165,000","13,000,000","12,000,000","13,300,000","12,500,000","14,300,000","23,100,000","12,100,000","11,100,000","12,700,000","11,600,000","11,300,000","11,200,000","12,200,000","8,300,000","12,100,000","14,400,000","10,400,000","11,600,000","10,000,000","9,200,000","10,100,000","7,800,000","7,400,000","7,400,000","6,300,000","8,700,000","7,400,000","7,500,000","9,100,000","7,500,000","7,500,000","7,400,000","7,800,000","6,900,000","7,000,000","7,000,000","7,400,000","6,800,000","7,000,000","6,400,000","6,900,000","5,800,000","5,600,000",,,,,,,,,,,,,,,
OperatingIncome,"279,636,000","87,514,000","56,999,000","75,670,000","59,453,000","69,141,000","48,350,000","73,930,000","58,731,000","56,903,000","28,753,000","52,696,000","66,706,000","72,380,000","34,212,000","69,756,000","71,135,000","77,186,000","36,685,000","16,610,000","40,181,000","43,268,000","26,081,000","61,326,000","48,429,000","54,572,000","37,838,000","52,214,000","48,543,000","48,355,000","21,373,000","30,991,000","28,375,000","46,283,000","36,246,000","50,162,000","52,262,000","50,926,000","33,454,000","70,749,000","40,054,000","32,508,000","30,775,000","40,370,000","32,439,000","34,984,000","21,251,000","29,608,000","22,690,000","25,816,000","26,231,000","34,785,000","32,091,000","27,892,000","12,393,000","24,438,000","26,171,000","32,428,000","26,520,000","37,561,000","39,375,000","37,204,000","28,670,000","24,480,000","34,600,000","32,614,000","21,997,000","28,875,000","24,122,000","21,046,000","10,388,000","13,830,000","15,372,000","22,815,000","10,368,000","21,078,000","19,228,000","16,443,000","11,204,000","17,510,000","16,511,000","16,055,000","6,346,000","25,460,000","24,750,000","23,613,000","14,284,000","27,766,000","19,013,000","31,917,000","23,505,000","37,500,000","30,300,000","30,700,000","22,700,000","25,900,000","21,900,000","24,700,000","15,500,000","27,800,000","22,000,000","22,300,000","15,300,000","26,600,000","27,000,000","17,000,000","10,100,000","13,000,000","19,600,000","21,900,000","15,000,000","17,000,000","18,800,000","20,100,000","10,200,000","7,800,000","18,600,000","18,500,000","8,600,000","17,200,000","20,200,000","20,200,000","13,800,000","18,100,000","16,700,000","15,000,000","10,100,000","14,100,000","14,300,000","15,100,000","8,600,000","13,200,000","12,100,000","13,600,000","177,600,000","-457,600,000","176,700,000","172,800,000","154,600,000","-396,000,000","155,100,000","151,200,000","137,400,000","-349,100,000","136,600,000","132,800,000","119,200,000","-310,600,000","117,000,000"
NetNonOperatingInterestIncomeExpense,"-67,497,000","-17,737,000","-16,256,000","-16,626,000","-16,876,000","-17,412,000","-17,702,000","-19,523,000","-17,251,000","-18,746,000","-19,839,000","-20,946,000","-22,492,000","-23,917,000","-23,754,000","-24,569,000","-24,924,000","-25,223,000","-27,545,000","-15,146,000","-8,100,000","-8,148,000","-8,380,000","-5,600,000","-6,809,000","-6,597,000","-6,308,000","-5,746,000","-6,448,000","-6,215,000","-6,102,000","-5,222,000","-5,292,000","-4,760,000","-4,126,000","-3,593,000","-4,579,000","-4,884,000","-5,327,000","-3,745,000","-5,950,000","-5,749,000","-2,618,000","-2,895,000","-2,763,000","-2,572,000","-2,581,000","-2,754,000","-2,669,000","-3,043,000","-1,948,000","-1,468,000","-1,680,000","-2,188,000","-2,398,000",,,,,,,,,,,,,,,,,,,,,,,,,,,,,,,,,,,,,,,,,,,,,,,,,,,,,,,,,,,,,,,,,,,,,,,,,,,,,,,,,,,,,,,,,,,,,,
	InterestIncomeNonOperating,"8,317,000","2,091,000","1,940,000","1,767,000","2,520,000","2,530,000","2,659,000","2,656,000","2,945,000","2,898,000","2,918,000","2,987,000","3,115,000","3,023,000","3,053,000","3,005,000",,,,,,,,,,,,,,,,,,,,,,,,,,,,,,,,,,,,,,,,,,,,,,,,,,,,,,,,,,,,,,,,,,,,,,,,,,,,,,,,,,,,,,,,,,,,,,,,,,,,,,,,,,,,,,,,,,,,,,,,,,,,,,,,,,,,,
	InterestExpenseNonOperating,"75,814,000","19,828,000","18,196,000","18,393,000","19,396,000","19,942,000","20,361,000","22,179,000","20,196,000","21,644,000","22,757,000","23,933,000","25,607,000","26,940,000","26,807,000","36,343,000","24,924,000","25,223,000","27,545,000","19,073,000","8,100,000","8,148,000","8,380,000","7,645,000","6,809,000","6,597,000","6,308,000","6,256,000","6,448,000","6,215,000","6,102,000","5,566,000","5,292,000","4,760,000","4,126,000","4,330,000","4,579,000","4,884,000","5,327,000","5,476,000","5,950,000","5,749,000","2,618,000","2,895,000","2,763,000","2,572,000","2,581,000","2,754,000","2,669,000","3,043,000","1,948,000","1,468,000","1,680,000","2,188,000","2,398,000",,,,,,,,,,,,,,,,,,,,,,,,,,,,,,,,,,,,,,,,,,,,,,,,,,,,,,,,,,,,,,,,,,,,,,,,,,,,,,,,,,,,,,,,,,,,,,
OtherIncomeExpense,"19,249,000",,"6,142,000","6,956,000","6,150,000","11,879,000","7,869,000","3,658,000","3,722,000","3,049,000","4,969,000","8,830,000","22,762,000","2,986,000","3,365,000","-2,324,000","-1,375,000","3,850,000","4,074,000","-28,328,000","150,000","-110,000","621,000","-3,847,000","1,851,000","-1,935,000","-5,495,000","-1,791,000","-2,337,000","-1,503,000","-1,998,000","-4,040,000","-12,589,000","-13,742,000","-12,784,000","-15,251,000","-12,180,000","-10,773,000","-2,673,000","-33,452,000","-2,361,000","-21,480,000","-6,339,000","-4,720,000","1,568,000","-51,000","-38,000","254,000","1,041,000","-7,445,000","-63,000","-159,000","18,487,000","-1,293,000","-1,842,000","-86,370,000","1,640,000","1,195,000","1,748,000","-706,000","2,383,000","3,557,000","3,490,000","910,000","1,886,000","543,000","2,426,000","3,275,000","904,000","5,241,000","1,937,000","4,805,000","-1,128,000","-1,798,000","-432,000","319,000","1,554,000","-119,000","-2,301,000","676,000","1,843,000","706,000","-243,000","-406,000","-1,111,000","362,000","-59,000","1,164,000","-1,239,000","2,484,000","-1,439,000","-3,600,000","-3,200,000","-6,500,000","-2,600,000","-600,000","-24,700,000","600,000","-500,000","-1,700,000","200,000","1,100,000","-500,000","-1,100,000","14,200,000","1,900,000","-300,000","200,000","200,000","-800,000","-400,000",,,"-1,000,000","-400,000","-400,000","-400,000","-900,000","-500,000","1,200,000","500,000","100,000","300,000","1,100,000","500,000","800,000",,"900,000","-100,000","-300,000","-1,300,000","-1,200,000","-600,000","-600,000",,,,,,,,,,,,,,,
	EarningsFromEquityInterest,,,,,,,,,,,,,,,,,,,,,,,,,,,,,,,,,,,,,,,,,,,,,,,,,,,,,,,,"1,133,000","866,000","351,000","479,000","-3,802,000","1,437,000","2,259,000","2,028,000","2,244,000","1,626,000","1,004,000","1,114,000","1,421,000","651,000","698,000","495,000","519,000","447,000","352,000","501,000","670,000","561,000","495,000","379,000","659,000","249,000",,,,"426,000",,,,,,,,,,,,,,,,,,,,,,,,,,,,,,,,,,,,,,,,,,,,,,,,,,,,,,,,,,,,,,,,
	SpecialIncomeCharges,,,,,,,,,,,,,,,,,,,,"22,000","0","0","0","-2,652,000","2,807,000","-370,000","-413,000","268,000","-1,297,000","-934,000","-2,361,000","-3,186,000","-12,300,000","-13,538,000","-11,734,000","-12,922,000","-11,134,000","-8,959,000","-3,051,000","-32,248,000","-2,361,000","-21,480,000","-6,339,000","-4,720,000","1,568,000","-51,000","-38,000","254,000","1,041,000","-7,445,000","-63,000","-159,000","18,487,000","-1,293,000","-1,842,000","-87,503,000","774,000","844,000","1,269,000","3,096,000","946,000","1,298,000","1,462,000","-1,334,000","260,000","-461,000","1,312,000","1,854,000","253,000","4,543,000","1,442,000","4,286,000","-1,575,000","-2,150,000","-933,000","-351,000","993,000","-614,000","-2,680,000","17,000","1,594,000","706,000","-243,000","1,015,000","-1,537,000","362,000","-59,000","1,164,000","-1,239,000","2,484,000","-1,439,000","-3,600,000","-3,200,000","-6,500,000","-2,600,000","-600,000","-24,700,000","600,000","-500,000","-1,700,000","200,000","1,100,000","-500,000","-1,100,000","14,200,000","1,900,000","-300,000","200,000","200,000","-800,000","-400,000",,,"-1,000,000","-400,000","-400,000","-400,000","-900,000","-500,000","1,200,000","500,000","100,000","300,000","1,100,000","500,000","800,000",,"900,000","-100,000","-300,000","-1,300,000","-1,200,000","-600,000","-600,000",,,,,,,,,,,,,,,
		RestructuringAndMergernAcquisition,,,,,,,,,,,,,,,,,,,,,,,,"1,856,000","-2,807,000","370,000","413,000","62,000","1,297,000",,,"5,955,000","12,300,000","13,538,000","11,734,000","13,245,000","11,134,000","8,959,000","3,051,000",,"1,739,000","21,036,000",,,,,,,,,,,,,,,,,,,,,,,,,,,,,,,,,,,,,,,,,,,,,,,,,,,,,,,,,,,,,,,,,,,,,,,,,,,,,,,,,,,,,,,,,,,,,,,,,,,,,,,,,,,
		ImpairmentOfCapitalAssets,,,,,,,,,,,,,,,,,,,,,,,,,,,,,,,,,,,,,,,,"846,000","0","671,000","0","0","0","0","332,000","0","0","8,785,000","0","0","0","0","790,000",,,,,,,,,,,,,,,,,,,,,,,,,,,,,,,,,,,,,,,,,,,,,,,,,,,,,,,,,,,,,,,,,,,,,,,,,,,,,,,,,,,,,,,,,,,,,,
		WriteOff,,,,,,,,,,,,,,,,,,,,,,,,,,,,,,,,,,,,"0","0","0",,"846,000",,,,,,,,,,,,,,,,,,,,,,,,,,,,,,,,,,,,,,,,,,,,,,,,,,,,,,,,,,,,,,,,,,,,,,,,,,,,,,,,,,,,,,,,,,,,,,,,,,,,,,,,,,,,,
		OtherSpecialCharges,,,,,,,,,,,,,,,,,,,,,,,,"1,856,000","-2,807,000","370,000","413,000","62,000","1,297,000","934,000","2,361,000","13,886,000","12,343,000","13,538,000","11,734,000",,"12,775,000","10,843,000","5,333,000","63,570,000","622,000","-227,000","6,339,000","4,720,000","-1,568,000","51,000","-294,000","-254,000","-1,041,000","-1,340,000","63,000","159,000","-18,487,000","1,293,000","1,052,000",,,,,,,,,,,,,,,,,,,,,,,,,,,,,,,,,,,,,,,,,,,,,,,,,,,,,,,,,,,,,,,,,,,,,,,,,,,,,,,,,,,,,,,,,,,,,,
	OtherNonOperatingIncomeExpenses,"-6,211,000",,"6,142,000","-18,504,000","6,150,000","11,879,000","7,869,000","-11,080,000","3,722,000","3,049,000","4,969,000","-14,318,000","22,762,000","2,986,000","3,365,000","-51,000","-1,375,000","3,850,000","4,074,000","-25,939,000","150,000","-110,000","621,000","8,315,000","-956,000","-1,565,000","-5,082,000","1,490,000","-1,040,000","-569,000","363,000","1,692,000","-289,000","-204,000","-1,050,000","1,777,000","-1,046,000","-1,814,000","378,000","759,000",,,,,,,,,,,,,,,,,,,,,,,,,,,,,,,,,,,,,,,,,,,,,,,,,,,,,,,,,,,,,,,,,,,,,,,,,,,,,,,,,,,,,,,,,,,,,,,,,,,,,,,,,,,,,
PretaxIncome,"231,388,000","69,777,000","46,885,000","66,000,000","48,727,000","63,608,000","38,517,000","58,065,000","45,202,000","41,206,000","13,883,000","40,580,000","66,976,000","51,449,000","13,823,000","42,863,000","44,836,000","55,813,000","13,214,000","-26,864,000","32,231,000","35,010,000","18,322,000","51,879,000","43,471,000","46,040,000","26,035,000","44,677,000","39,758,000","40,637,000","13,273,000","21,744,000","10,451,000","27,781,000","19,336,000","31,318,000","35,503,000","35,269,000","25,454,000","33,552,000","31,743,000","5,279,000","21,818,000","32,755,000","31,244,000","32,361,000","18,632,000","27,108,000","21,062,000","15,328,000","24,220,000","33,158,000","48,898,000","24,411,000","8,153,000","-67,056,000","23,073,000","29,330,000","24,861,000","37,589,000","37,453,000","35,321,000","26,524,000","21,995,000","30,285,000","27,185,000","20,566,000","29,775,000","21,433,000","22,694,000","8,500,000","14,807,000","10,592,000","17,027,000","5,871,000","17,263,000","16,559,000","12,227,000","4,759,000","13,750,000","13,752,000","11,806,000","1,004,000","20,719,000","18,015,000","17,977,000","8,547,000","22,551,000","11,687,000","27,683,000","15,697,000","24,600,000","20,900,000","17,400,000","13,100,000","16,400,000","-10,200,000","18,700,000","9,800,000","20,800,000","17,900,000","18,500,000","9,800,000","21,100,000","36,900,000","14,100,000","4,500,000","8,800,000","14,500,000","16,600,000","10,300,000","13,000,000","14,900,000","15,900,000","6,800,000","5,100,000","15,700,000","15,000,000","5,100,000","15,600,000","17,700,000","16,800,000","10,200,000","15,100,000","13,400,000","12,100,000","6,200,000","11,400,000","10,600,000","11,400,000","3,100,000","9,000,000","8,000,000","9,200,000",,,,,,,,,,,,,,,
TaxProvision,"69,531,000","23,616,000","10,148,000","16,671,000","19,095,000","16,660,000","10,607,000","19,727,000","5,112,000","11,471,000","5,611,000","10,506,000","19,321,000","16,441,000","3,140,000","3,488,000","9,300,000","13,488,000","-32,632,000","-17,092,000","9,262,000","11,151,000","5,765,000","14,873,000","12,513,000","14,290,000","8,760,000","21,327,000","14,372,000","15,387,000","4,769,000","10,934,000","8,035,000","8,838,000","6,541,000","11,675,000","10,290,000","10,864,000","7,120,000","11,191,000","9,358,000","2,367,000","8,683,000","8,734,000","9,948,000","9,984,000","6,285,000","8,155,000","4,071,000","6,022,000","7,059,000","10,553,000","15,113,000","8,054,000","3,008,000","-23,512,000","2,266,000","8,343,000","7,210,000","9,132,000","10,645,000","10,243,000","7,692,000","1,903,000","7,454,000","8,156,000","6,170,000","7,991,000","6,855,000","7,424,000","2,720,000","5,579,000","1,806,000","5,449,000","1,879,000","5,205,000","4,804,000","2,664,000","1,634,000","3,725,000","4,728,000","4,078,000","442,000","7,043,000","3,676,000","6,117,000","2,997,000","8,284,000","4,293,000","9,911,000","5,967,000","10,200,000","8,800,000","7,400,000","5,500,000","7,400,000","100,000","7,400,000","3,800,000","8,200,000","7,100,000","7,400,000","4,000,000","8,800,000","14,900,000","5,700,000","1,800,000","2,500,000","5,700,000","6,500,000","4,300,000","4,400,000","6,000,000","6,600,000","2,800,000","4,000,000","6,900,000","6,100,000","2,100,000","6,400,000","7,400,000","6,700,000","4,200,000","6,300,000","5,200,000","5,000,000","2,600,000","4,400,000","4,300,000","5,100,000","1,500,000","3,900,000","4,200,000","4,300,000",,,,,,,,,,,,,,,
EarningsFromEquityInterestNetOfTax,"6,234,000","1,066,000","1,583,000","1,586,000","1,998,000","2,176,000","1,896,000","2,285,000","1,541,000","1,893,000","1,634,000","2,151,000","2,075,000","1,633,000","1,565,000","1,990,000","2,200,000","2,139,000","1,821,000","2,228,000","2,170,000","2,005,000","2,274,000","2,221,000","1,840,000","1,640,000","1,692,000","1,750,000","1,500,000","1,366,000","1,291,000","-18,000","1,668,000","1,683,000","1,854,000","2,360,000","1,937,000","1,643,000","2,440,000","2,651,000","2,222,000","2,148,000","2,195,000","2,575,000","2,095,000","2,476,000","1,860,000","2,617,000","1,859,000","1,717,000","1,815,000","2,050,000","1,677,000","1,106,000","961,000",,,,,,,,,,,,,,,,,,,,,,,,,,,,,,,,,,,,,,,,,,,,,,,,,,,,,,,,,,,,,,,,,,,,,,,,,,,,,,,,,,,,,,,,,,,,,,
NetIncomeCommonStockholders,"168,009,000","47,203,000","38,306,000","50,884,000","31,616,000","49,102,000","29,791,000","40,604,000","41,607,000","31,613,000","9,895,000","32,214,000","49,718,000","36,641,000","12,244,000","41,345,000","37,730,000","44,451,000","47,682,000","-7,558,000","25,138,000","25,867,000","14,795,000","39,134,000","32,745,000","33,331,000","18,918,000","24,991,000","26,807,000","25,172,000","9,710,000","10,678,000","3,987,000","20,537,000","14,571,000","21,886,000","28,269,000","25,929,000","20,677,000","25,112,000","83,268,000","1,936,000","15,305,000","26,408,000","23,220,000","25,126,000","14,351,000","21,936,000","18,978,000","11,011,000","18,952,000","24,567,000","35,413,000","17,558,000","6,116,000","-42,406,000","21,716,000","21,366,000","18,213,000","25,720,000","28,366,000","27,267,000","20,820,000","75,204,000","24,198,000","19,540,000","15,270,000","23,319,000","15,541,000","16,215,000","6,501,000","9,776,000","9,516,000","11,697,000","4,613,000","13,321,000","12,286,000","9,766,000","3,246,000","10,376,000","9,199,000","7,935,000","666,000","12,441,000","14,588,000","11,860,000","5,550,000","14,267,000","7,394,000","17,772,000","9,730,000","13,700,000","12,100,000","10,000,000","7,600,000","9,000,000","-10,300,000","11,300,000","6,000,000","9,200,000","10,800,000","11,100,000","5,800,000","12,300,000","22,000,000","8,400,000","2,700,000","6,300,000","8,800,000","10,100,000","3,500,000","8,600,000","8,900,000","9,300,000","4,000,000","-10,600,000","8,800,000","8,900,000","3,000,000","9,200,000","10,300,000","10,100,000","6,000,000","8,800,000","8,200,000","7,100,000","3,600,000","7,000,000","6,300,000","6,300,000","1,600,000","5,100,000","3,800,000","4,900,000",,,,,,,,,,,,,,,
	NetIncome,"168,009,000","47,203,000","38,306,000","50,884,000","31,616,000","49,102,000","29,791,000","40,604,000","41,607,000","31,613,000","9,895,000","32,214,000","49,718,000","36,641,000","12,244,000","41,345,000","37,730,000","44,451,000","47,682,000","-7,558,000","25,138,000","25,867,000","14,795,000","39,134,000","32,745,000","33,331,000","18,918,000","24,991,000","26,807,000","25,172,000","9,710,000","10,678,000","3,987,000","20,537,000","14,571,000","21,886,000","28,269,000","25,929,000","20,677,000","25,112,000","83,268,000","1,936,000","15,305,000","26,408,000","23,220,000","25,126,000","14,351,000","21,936,000","18,978,000","11,011,000","18,952,000","24,567,000","35,413,000","17,558,000","6,116,000","-42,406,000","21,716,000","21,366,000","18,213,000","25,720,000","28,366,000","27,267,000","20,820,000","75,204,000","24,198,000","19,540,000","15,270,000","23,319,000","15,541,000","16,215,000","6,501,000","9,776,000","9,516,000","11,697,000","4,613,000","13,321,000","12,286,000","9,766,000","3,246,000","10,376,000","9,199,000","7,935,000","666,000","12,441,000","14,588,000","11,860,000","5,550,000","14,267,000","7,394,000","17,772,000","9,730,000","13,700,000","12,100,000","10,000,000","7,600,000","9,000,000","-10,300,000","11,300,000","6,000,000","9,200,000","10,800,000","11,100,000","5,800,000","12,300,000","22,000,000","8,400,000","2,700,000","6,300,000","8,800,000","10,100,000","3,500,000","8,600,000","8,900,000","9,300,000","4,000,000","-10,600,000","8,800,000","8,900,000","3,000,000","9,200,000","10,300,000","10,100,000","6,000,000","8,800,000","8,200,000","7,100,000","3,600,000","7,000,000","6,300,000","6,300,000","1,600,000","5,100,000","3,800,000","4,900,000",,,,,,,,,,,,,,,
		NetIncomeIncludingNoncontrollingInterests,"168,091,000","47,227,000","38,320,000","50,915,000","31,630,000","49,124,000","29,806,000","40,623,000","41,631,000","31,628,000","9,906,000","32,225,000","49,730,000","36,641,000","12,248,000","41,365,000","37,736,000","44,464,000","47,667,000","-7,544,000","25,139,000","25,864,000","14,831,000","39,227,000","32,798,000","33,390,000","18,967,000","25,100,000","26,886,000","25,316,000","9,795,000","10,792,000","4,084,000","20,626,000","14,649,000","22,003,000","28,361,000","26,048,000","20,774,000","25,194,000","83,323,000","2,007,000","15,330,000","26,596,000","23,391,000","24,853,000","14,207,000","21,570,000","18,850,000","11,023,000","18,976,000","22,605,000","33,785,000","16,357,000","5,145,000","-42,411,000","21,673,000","21,338,000","18,130,000","25,684,000","28,245,000","27,337,000","20,860,000","75,601,000","24,457,000","20,033,000","15,510,000","23,205,000","15,229,000","15,968,000","6,275,000","9,747,000","9,233,000","11,930,000","4,493,000","12,754,000","12,316,000","10,058,000","3,504,000","10,684,000","9,273,000","8,263,000","945,000","12,627,000","14,765,000","12,355,000","5,565,000","14,831,000","7,679,000","18,422,000","10,058,000","15,900,000","11,800,000","10,300,000","7,500,000","10,500,000","-10,800,000","11,400,000","6,100,000","9,400,000","10,300,000","11,000,000","5,800,000","12,500,000","21,900,000","8,300,000","2,700,000","6,200,000","8,900,000","10,200,000","3,700,000","8,700,000","8,900,000","9,400,000","4,200,000","-10,900,000","8,800,000","9,000,000","3,200,000","9,300,000","10,400,000","10,300,000","6,300,000","9,000,000","8,300,000","7,200,000","3,800,000","7,200,000","6,500,000","6,500,000","1,800,000","5,300,000","3,900,000","5,000,000","1,900,000","4,800,000","5,800,000","5,700,000","4,700,000","7,300,000","7,900,000","6,900,000","3,600,000","5,100,000","5,700,000","5,300,000","2,800,000","4,200,000","3,900,000"
			NetIncomeContinuousOperations,"168,091,000","47,227,000","38,320,000","50,915,000","31,630,000","49,124,000","29,806,000","40,623,000","41,631,000","31,628,000","9,906,000","32,225,000","49,730,000","36,641,000","12,248,000","41,365,000","37,736,000","44,464,000","47,667,000","-7,544,000","25,139,000","25,864,000","14,831,000","39,227,000","32,798,000","33,390,000","18,967,000","25,100,000","26,886,000","26,616,000","9,795,000","10,792,000","4,084,000","20,626,000","14,649,000","22,003,000","27,150,000","26,048,000","20,774,000","25,012,000","24,607,000","5,060,000","15,330,000","26,596,000","23,391,000","24,853,000","14,207,000","21,570,000","18,850,000","11,023,000","18,976,000","28,367,000","33,785,000","16,357,000","5,145,000","-42,406,000","21,716,000","21,366,000","18,213,000","24,691,000","28,366,000","27,267,000","20,820,000","21,939,000","24,198,000","19,540,000","15,270,000","23,319,000","15,541,000","16,215,000","6,501,000","9,776,000","9,516,000","11,697,000","4,613,000","13,321,000","12,286,000","9,766,000","3,246,000","10,376,000","9,199,000","7,935,000","666,000","12,942,000","14,588,000","11,860,000","5,550,000","14,267,000","7,394,000","17,772,000","9,730,000","14,400,000","12,100,000","10,000,000","7,600,000","9,000,000","-10,300,000","11,300,000","6,000,000","12,600,000","10,800,000","11,100,000","5,800,000","12,300,000","22,000,000","8,400,000","2,700,000","6,300,000","8,800,000","10,100,000","6,000,000","8,600,000","8,900,000","9,300,000","4,000,000","1,100,000","8,800,000","8,900,000","3,000,000","9,200,000","10,300,000","10,100,000","6,000,000","8,800,000","8,200,000","7,100,000","3,600,000","7,000,000","6,300,000","6,300,000","1,600,000","5,100,000","3,800,000","4,900,000","1,900,000","4,800,000","5,800,000","5,700,000","4,700,000","7,300,000","7,900,000","6,900,000","3,600,000","5,100,000","5,700,000","5,300,000","2,800,000","4,200,000","3,900,000"
			NetIncomeDiscontinuousOperations,,,,,,,,,,,,,,,,,,,,,,,,,"0","0",,"0","0","-1,300,000",,"0","0",,,"0","1,211,000","0","0","182,000","58,716,000","-3,053,000",,,,,,,,,,,,,,,,,,,,,,,,,,,,,,,,,,,,,,,,,,,,,,,,,,,,,,,,,,,,,,,,,,,,,,,,,,,,,,,,,,,,,,,,,,,,,,,,,,,,,,,,,,,
			NetIncomeExtraordinary,,,,,,,,,,,,,,,,,,,,,,,,,,,,,,,,,,,,,,,,,,,,,,,,,,,,,,,,,,,,,,,,,,,,,,,,,,,,,,,,,,,,,,,,,,,,,,,,,,,,,,,,,,,,"0",,,"-2,500,000",,,,,,,,,,,,,,,,,,,,,,,,,,,,,,,,,,,,,,
		MinorityInterests,"-82,000","-24,000","-14,000","-31,000","-14,000","-22,000","-15,000","-19,000","-24,000","-15,000","-11,000","-11,000","-12,000","0","-4,000","-20,000","-6,000","-13,000","15,000","-14,000","-1,000","3,000","-36,000","-93,000","-53,000","-59,000","-49,000","-109,000","-79,000","-144,000","-85,000","-114,000","-97,000","-89,000","-78,000","-117,000","-92,000","-119,000","-97,000","-82,000","-55,000","-71,000","-25,000","-188,000","-171,000","273,000","144,000","366,000","128,000","-12,000","-24,000","-88,000","-49,000","95,000","10,000","5,000","43,000","28,000","83,000","36,000","121,000","-70,000","-40,000","-397,000","-259,000","-493,000","-240,000","114,000","312,000","247,000","226,000","29,000","283,000","-233,000","120,000","567,000","-30,000","-292,000","-258,000","-308,000","-74,000","-328,000","-279,000","-186,000","-177,000","-495,000","-15,000","-564,000","-285,000","-650,000","-328,000","-2,200,000","300,000","-300,000","100,000","-1,500,000","500,000","-100,000","-100,000","-200,000","500,000","100,000",,"-200,000","100,000","100,000",,"100,000","-100,000","-100,000","-200,000","-100,000",,"-100,000","-200,000",,,"-100,000","-200,000","-100,000","-100,000","-200,000","-300,000","-200,000","-100,000","-100,000","-200,000","-200,000","-200,000","-200,000","-200,000","-200,000","-100,000","-100,000",,,,,,,,,,,,,,,
DilutedNIAvailtoComStockholders,"168,009,000","47,203,000","38,306,000","50,884,000","31,616,000","49,102,000","29,791,000","40,604,000","41,607,000","31,613,000","9,895,000","32,214,000","49,718,000","36,641,000","12,244,000","41,345,000","37,730,000","44,451,000","47,682,000","-7,558,000","25,138,000","25,867,000","14,795,000","39,134,000","32,745,000","33,331,000","18,918,000","24,991,000","26,807,000","25,172,000","9,710,000","10,678,000","3,987,000","20,537,000","14,571,000","21,886,000","28,269,000","25,929,000","20,677,000","25,112,000","83,268,000","1,936,000","15,305,000","26,408,000","23,220,000","25,126,000","14,351,000","21,936,000","18,978,000","11,011,000","18,952,000","24,567,000","35,413,000","17,558,000","6,116,000","-42,406,000","21,716,000","21,366,000","18,213,000","25,720,000","28,366,000","27,267,000","20,820,000","75,204,000","24,198,000","19,540,000","15,270,000","23,319,000","15,541,000","16,215,000","6,501,000","9,776,000","9,516,000","11,697,000","4,613,000","13,321,000","12,286,000","9,766,000","3,246,000","10,376,000","9,199,000","7,935,000","666,000","12,441,000","14,588,000","11,860,000","5,550,000","14,267,000","7,394,000","17,772,000","9,730,000","13,700,000","12,100,000","10,000,000","7,600,000","9,000,000","-10,300,000","11,300,000","6,000,000","9,200,000","10,800,000","11,100,000","5,800,000","12,300,000","22,000,000","8,400,000","2,700,000","6,300,000","8,800,000","10,100,000","3,500,000","8,600,000","8,900,000","9,300,000","4,000,000","-10,600,000","8,800,000","8,900,000","3,000,000","9,200,000","10,300,000","10,100,000","6,000,000","8,800,000","8,200,000","7,100,000","3,600,000","7,000,000","6,300,000","6,300,000","1,600,000","5,100,000","3,800,000","4,900,000",,,,,,,,,,,,,,,
BasicEPS,,"0.88","0.72","1.22","0.6","0.93","0.57","0.78","0.8","0.61","0.19","0.63","0.98","0.72","0.24","0.82","0.75","0.88","0.94","-0.15","0.5","0.51","0.29","0.78","0.65","0.66","0.38","0.5","0.53","0.49","0.19","0.21","0.08","0.41","0.29",,"0.57","0.52","0.42","0.51","1.67","0.04","0.31",,"0.47","0.51","0.29",,"0.39","0.23","0.39",,"0.73","0.36","0.13",,"0.45","0.42","0.32",,"0.47","0.45","0.35",,"0.41","0.335","0.265",,"0.27","0.285","0.115",,"0.165","0.205","0.08",,"0.215","0.175","0.06",,"0.165","0.14","0.01",,"0.26","0.213","0.1",,"0.133","0.32","0.175",,"0.218","0.183","0.138",,"-0.188","0.205","0.11",,"0.193","0.195","0.103",,"0.39","0.15","0.048",,"0.155","0.18","0.063",,"0.16","0.165","0.073",,"0.158","0.158","0.053",,"0.183","0.183","0.108",,"0.148","0.128","0.068",,"0.115","0.113","0.028",,"0.068","0.085","0.033",,"0.1","0.1","0.083",,"0.138","0.123","0.063",,"0.1","0.093","0.05",,"0.07"
DilutedEPS,,"0.86","0.69","1.18","0.58","0.9","0.56","0.77","0.79","0.61","0.19","0.61","0.97","0.7","0.24","0.79","0.72","0.86","0.92","-0.15","0.49","0.5","0.29","0.76","0.64","0.65","0.37","0.49","0.52","0.48","0.19","0.21","0.08","0.4","0.28",,"0.55","0.51","0.41","0.49","1.64","0.04","0.3",,"0.47","0.5","0.29",,"0.38","0.22","0.38",,"0.72","0.36","0.13",,"0.44","0.41","0.32",,"0.46","0.44","0.34",,"0.4","0.325","0.26",,"0.265","0.28","0.11",,"0.165","0.205","0.08",,"0.215","0.17","0.055",,"0.16","0.14","0.01",,"0.258","0.21","0.098",,"0.13","0.315","0.173",,"0.215","0.18","0.138",,"-0.188","0.203","0.108",,"0.193","0.195","0.103",,"0.39","0.15","0.048",,"0.155","0.18","0.063",,"0.16","0.165","0.073",,"0.158","0.158","0.053",,"0.183","0.183","0.108",,"0.148","0.128","0.068",,"0.115","0.113","0.028",,"0.068","0.085","0.033",,"0.1","0.1","0.083",,"0.138","0.123","0.063",,"0.1","0.093","0.05",,"0.07"
BasicAverageShares,,"53,497,000","53,353,000","53,168,000","53,049,000","52,839,000","52,492,000","52,276,000","52,130,000","51,420,000","51,295,000","51,089,000","50,939,000","50,902,000","50,752,000","50,712,000","50,632,000","50,551,000","50,471,000","50,356,000","50,384,000","50,496,000","50,243,000","50,180,000","50,261,000","50,145,000","49,958,000","50,143,000","50,421,000","50,345,000","50,188,000","50,107,000","50,053,000","49,956,000","49,910,000",,"49,913,000","49,935,000","49,817,000","49,640,000","49,627,000","49,652,000","49,365,000",,"49,000,000","49,021,000","49,006,000",,"48,595,000","48,572,000","48,491,000",,"48,343,000","48,305,000","48,288,000",,"48,222,000","51,047,000","56,682,000",,"60,370,000","60,394,000","59,933,000",,"59,157,000","58,730,000","58,040,000",,"57,634,000","57,290,000","57,082,000",,"56,942,000","56,804,000","56,694,000",,"56,524,000","56,446,000","56,402,000",,"56,270,000","56,142,000","56,012,000",,"55,940,000","55,908,000","55,864,000",,"55,752,000","55,636,000","55,448,000",,"55,632,184","54,794,521","55,272,727",,"54,933,333","55,121,951","54,545,455",,"56,103,896","56,923,077","56,585,366",,"56,410,256","56,000,000","56,842,105",,"56,774,194","56,111,111","56,000,000",,"55,625,000","56,363,636","55,172,414",,"55,873,016","56,507,937","57,142,857",,"56,438,356","55,342,466","55,813,953",,"55,593,220","55,686,275","53,333,333",,"54,782,609","56,000,000","58,181,818",,"56,296,296","57,647,059","56,828,000",,"56,820,000","56,732,000","56,684,000",,"56,456,000","56,268,000","56,168,000",,"56,144,000","55,232,000","55,112,000",,"55,108,000"
DilutedAverageShares,,"55,078,000","55,395,000","54,980,000","54,646,000","54,294,000","53,339,000","52,879,000","52,591,000","52,029,000","52,580,000","52,423,000","51,502,000","52,105,000","51,901,000","52,017,000","52,138,000","51,846,000","51,898,000","51,724,000","51,605,000","51,686,000","51,460,000","51,378,000","51,453,000","51,253,000","50,995,000","51,194,000","51,530,000","51,471,000","51,379,000","51,296,000","51,297,000","51,175,000","51,255,000",,"51,127,000","51,152,000","51,027,000","50,798,000","50,699,000","50,722,000","50,253,000",,"49,917,000","49,850,000","49,877,000",,"49,585,000","49,613,000","49,494,000",,"49,242,000","48,927,000","48,924,000",,"49,058,000","51,819,000","57,492,000",,"61,357,000","61,465,000","61,212,000",,"60,281,000","60,192,000","59,154,000",,"58,864,000","58,258,000","57,924,000",,"57,856,000","57,706,000","57,776,000",,"57,418,000","57,296,000","57,318,000",,"57,264,000","57,286,000","56,874,000",,"56,792,000","56,540,000","56,504,000",,"56,408,000","56,344,000","56,404,000",,"56,279,070","55,555,556","55,272,727",,"55,675,676","55,802,469","55,813,953",,"56,103,896","56,923,077","56,585,366",,"56,410,256","56,000,000","56,842,105",,"56,774,194","56,111,111","56,000,000",,"55,625,000","56,363,636","55,172,414",,"55,873,016","56,507,937","57,142,857",,"56,438,356","55,342,466","55,813,953",,"55,593,220","55,686,275","53,333,333",,"54,782,609","56,000,000","58,181,818",,"56,296,296","57,647,059","56,828,000",,"56,820,000","56,732,000","56,684,000",,"56,456,000","56,268,000","56,168,000",,"56,144,000","55,232,000","55,112,000",,"55,108,000"
TotalOperatingIncomeAsReported,,,,,,,,,,,,,,,,,"71,135,000","77,186,000",,"16,610,000",,,,,,,,,,,,,,,,,,,,,,,,,,,,,,,,,,,,,,,,,,,,,,,,,,,,,,,,,,,,,,,,,,,,,,,,,,,,,,,,,,,,,,,,,,,,,,,,,,,,,,,,,,,,,,,,,,,,,,,,,,,,,,,,,
TotalExpenses,"3,294,357,000","905,744,000","799,483,000","821,754,000","767,377,000","758,732,000","677,514,000","703,710,000","632,732,000","617,699,000","617,811,000","686,410,000","658,670,000","687,179,000","638,713,000","698,652,000","698,969,000","712,201,000","676,394,000","661,590,000","522,688,000","518,383,000","477,242,000","513,581,000","464,429,000","477,942,000","436,488,000","495,890,000","475,590,000","492,407,000","449,288,000","516,683,000","498,390,000","497,751,000","449,735,000","483,369,000","462,317,000","468,090,000","446,388,000","442,506,000","460,481,000","494,487,000","344,487,000","396,156,000","355,317,000","358,738,000","318,297,000","330,635,000","315,878,000","322,092,000","283,211,000","306,788,000","283,238,000","271,301,000","266,170,000","325,717,000","335,815,000","324,337,000","296,128,000","269,536,000","328,516,000","336,311,000","323,085,000","322,169,000","354,349,000","355,886,000","326,297,000","384,315,000","333,969,000","366,880,000","342,599,000","364,625,000","334,142,000","340,248,000","308,205,000","325,095,000","302,861,000","308,038,000","283,384,000","312,122,000","297,425,000","303,347,000","286,894,000","297,446,000","290,962,000","304,894,000","292,650,000","333,290,000","304,096,000","315,275,000","297,701,000","319,700,000","301,600,000","317,500,000","304,500,000","335,200,000","311,600,000","317,300,000","295,200,000","322,600,000","301,500,000","306,600,000","288,800,000","307,200,000","291,100,000","303,200,000","293,500,000","300,100,000","293,000,000","300,500,000","280,600,000","278,700,000","268,000,000","252,300,000","232,300,000","240,000,000","233,600,000","228,800,000","219,500,000","226,200,000","216,700,000","214,400,000","205,000,000","202,500,000","197,200,000","201,300,000","192,000,000","188,900,000","188,800,000","189,600,000","172,900,000","176,400,000","177,800,000","182,700,000",,,,,,,,,,,,,,,
NetIncomeFromContinuingAndDiscontinuedOperation,"168,009,000","47,203,000","38,306,000","50,884,000","31,616,000","49,102,000","29,791,000","40,604,000","41,607,000","31,613,000","9,895,000","32,214,000","49,718,000","36,641,000","12,244,000","41,345,000","37,730,000","44,451,000","47,682,000","-7,558,000","25,138,000","25,867,000","14,795,000","39,134,000","32,745,000","33,331,000","18,918,000","24,991,000","26,807,000","25,172,000","9,710,000","10,678,000","3,987,000","20,537,000","14,571,000","21,886,000","28,269,000","25,929,000","20,677,000","25,112,000","83,268,000","1,936,000","15,305,000","26,408,000","23,220,000","25,126,000","14,351,000","21,936,000","18,978,000","11,011,000","18,952,000","30,329,000","35,413,000","17,558,000","6,116,000","-42,406,000","21,716,000","21,366,000","18,213,000","25,720,000","28,366,000","27,267,000","20,820,000","75,946,000","24,198,000","19,540,000","15,270,000","23,319,000","15,541,000","16,215,000","6,501,000","9,776,000","9,516,000","11,697,000","4,613,000","13,321,000","12,286,000","9,766,000","3,246,000","10,376,000","9,199,000","7,935,000","666,000","12,942,000","14,588,000","11,860,000","5,550,000","14,267,000","7,394,000","17,772,000","9,730,000","14,400,000","12,100,000","10,000,000","7,600,000","9,000,000","-10,300,000","11,300,000","6,000,000","12,600,000","10,800,000","11,100,000","5,800,000","12,300,000","22,000,000","8,400,000","2,700,000","6,300,000","8,800,000","10,100,000","6,000,000","8,600,000","8,900,000","9,300,000","4,000,000","1,100,000","8,800,000","8,900,000","3,000,000","9,200,000","10,300,000","10,100,000","6,000,000","8,800,000","8,200,000","7,100,000","3,600,000","7,000,000","6,300,000","6,300,000","1,600,000","5,100,000","3,800,000","4,900,000",,,,,,,,,,,,,,,
NormalizedIncome,"150,199,609.625","47,203,000","38,306,000","50,884,000","31,616,000","49,102,000","29,791,000","40,604,000","41,607,000","31,613,000","9,895,000","32,214,000","49,718,000","36,641,000","12,244,000","41,345,000","37,730,000","44,451,000","47,682,000","-6,124,600","25,138,000","25,867,000","14,795,000","47,809,320.881","30,746,416","33,586,300","19,192,232","26,959,600","27,635,783","27,052,014","11,223,401","14,403,800","11,982,000","29,769,916","22,338,908","32,566,152.117","34,963,140","32,128,628","22,873,720","47,224,354.196","26,216,505","18,951,000","19,121,078","29,869,429.4","22,151,246.703","25,161,265.505","14,376,181.73","21,758,411.76","18,138,211.234","15,531,039.796","18,996,638.439","30,437,396.013","22,639,813.06","18,424,396.338","7,278,405.25","14,415,621.212","21,018,014.562","20,762,078.145","17,312,025.824","22,347,152.811","27,688,874.856","26,345,416.693","19,781,982.205","23,157,582.769","24,001,993.396","19,862,691.521","14,351,612.759","21,962,575.617","15,368,917.977","13,158,173.967","5,520,440","7,104,884.447","10,822,452.983","13,158,954.543","5,247,395.503","13,566,169.322","11,581,083.338","10,246,222.622","5,005,823.492","10,363,605.455","8,153,024.433","7,472,864.815","811,800","12,272,028.476","15,811,371.801","11,621,177.06","5,588,311.688","13,530,589.73","8,177,876.615","16,177,315.609","10,621,983.819","16,560,000","14,020,000","13,900,000","9,160,000","9,360,000","4,520,000","10,937,433.155","6,306,122.449","13,629,807.692","10,679,329.609","10,440,000","6,100,000","12,960,000","13,480,000","7,260,000","2,880,000","6,156,818.182","8,678,620.69","10,586,746.988","6,240,000","8,600,000","8,900,000","9,900,000","4,240,000","1,340,000","9,040,000","9,440,000","3,300,000","8,480,000","10,000,000","10,039,880.952","5,820,000","8,140,000","7,894,029.851","6,620,000","3,600,000","6,447,368.421","6,360,000","6,480,000","2,380,000","5,820,000","4,160,000","5,260,000",,,,,,,,,,,,,,,
InterestIncome,"8,317,000","2,091,000","1,940,000","1,767,000","2,520,000","2,530,000","2,659,000","2,656,000","2,945,000","2,898,000","2,918,000","2,987,000","3,115,000","3,023,000","3,053,000","3,005,000",,,,,,,,,,,,,,,,,,,,,,,,,,,,,,,,,,,,,,,,,,,,,,,,,,,,,,,,,,,,,,,,,,,,,,,,,,,,,,,,,,,,,,,,,,,,,,,,,,,,,,,,,,,,,,,,,,,,,,,,,,,,,,,,,,,,,
InterestExpense,"75,814,000","19,828,000","18,196,000","18,393,000","19,396,000","19,942,000","20,361,000","22,179,000","20,196,000","21,644,000","22,757,000","23,933,000","25,607,000","26,940,000","26,807,000","36,343,000","24,924,000","25,223,000","27,545,000","19,073,000","8,100,000","8,148,000","8,380,000","7,645,000","6,809,000","6,597,000","6,308,000","6,256,000","6,448,000","6,215,000","6,102,000","5,566,000","5,292,000","4,760,000","4,126,000","4,330,000","4,579,000","4,884,000","5,327,000","5,476,000","5,950,000","5,749,000","2,618,000","2,895,000","2,763,000","2,572,000","2,581,000","2,754,000","2,669,000","3,043,000","1,948,000","1,468,000","1,680,000","2,188,000","2,398,000",,,,,,,,,,,,,,,,,,,,,,,,,,,,,,,,,,,,,,,,,,,,,,,,,,,,,,,,,,,,,,,,,,,,,,,,,,,,,,,,,,,,,,,,,,,,,,
NetInterestIncome,"-67,497,000","-17,737,000","-16,256,000","-16,626,000","-16,876,000","-17,412,000","-17,702,000","-19,523,000","-17,251,000","-18,746,000","-19,839,000","-20,946,000","-22,492,000","-23,917,000","-23,754,000","-24,569,000","-24,924,000","-25,223,000","-27,545,000","-15,146,000","-8,100,000","-8,148,000","-8,380,000","-5,600,000","-6,809,000","-6,597,000","-6,308,000","-5,746,000","-6,448,000","-6,215,000","-6,102,000","-5,222,000","-5,292,000","-4,760,000","-4,126,000","-3,593,000","-4,579,000","-4,884,000","-5,327,000","-3,745,000","-5,950,000","-5,749,000","-2,618,000","-2,895,000","-2,763,000","-2,572,000","-2,581,000","-2,754,000","-2,669,000","-3,043,000","-1,948,000","-1,468,000","-1,680,000","-2,188,000","-2,398,000",,,,,,,,,,,,,,,,,,,,,,,,,,,,,,,,,,,,,,,,,,,,,,,,,,,,,,,,,,,,,,,,,,,,,,,,,,,,,,,,,,,,,,,,,,,,,,
EBIT,"307,202,000","89,605,000","65,081,000","84,393,000","68,123,000","83,550,000","58,878,000","80,244,000","65,398,000","62,850,000","36,640,000","64,513,000","92,583,000","78,389,000","40,630,000","79,206,000","69,760,000","81,036,000","40,759,000","-7,791,000","40,331,000","43,158,000","26,702,000","59,524,000","50,280,000","52,637,000","32,343,000","50,933,000","46,206,000","46,852,000","19,375,000","27,310,000","15,743,000","32,541,000","23,462,000","35,648,000","40,082,000","40,153,000","30,781,000","39,028,000","37,693,000","11,028,000","24,436,000","35,650,000","34,007,000","34,933,000","21,213,000","29,862,000","23,731,000","18,371,000","26,168,000","34,626,000","50,578,000","26,599,000","10,551,000","24,438,000","26,171,000","32,428,000","26,520,000","37,561,000","39,375,000","37,204,000","28,670,000","24,480,000","34,600,000","32,614,000","21,997,000","28,875,000","24,122,000","21,046,000","10,388,000","13,830,000","15,372,000","22,815,000","10,368,000","21,078,000","19,228,000","16,443,000","11,204,000","17,510,000","16,511,000","16,055,000","6,346,000","25,460,000","24,750,000","23,613,000","14,284,000","27,766,000","19,013,000","31,917,000","23,505,000","37,500,000","30,300,000","30,700,000","22,700,000","25,900,000","21,900,000","24,700,000","15,500,000","27,800,000","22,000,000","22,300,000","15,300,000","26,600,000","27,000,000","17,000,000","10,100,000","13,000,000","19,600,000","21,900,000","15,000,000","17,000,000","18,800,000","20,100,000","10,200,000","7,800,000","18,600,000","18,500,000","8,600,000","17,200,000","20,200,000","20,200,000","13,800,000","18,100,000","16,700,000","15,000,000","10,100,000","14,100,000","14,300,000","15,100,000","8,600,000","13,200,000","12,100,000","13,600,000","177,600,000","-457,600,000","176,700,000","172,800,000","154,600,000","-396,000,000","155,100,000","151,200,000","137,400,000","-349,100,000","136,600,000","132,800,000","119,200,000","-310,600,000","117,000,000"
EBITDA,"451,496,000"
ReconciledCostOfRevenue,"2,672,172,000","739,737,000","643,589,000","655,965,000","632,880,000","610,323,000","533,500,000","563,998,000","503,619,000","489,701,000","476,302,000","537,889,000","518,055,000","541,100,000","493,000,000","558,808,000","552,900,000","567,002,000","525,374,000","510,464,000","412,469,000","415,613,000","364,327,000","407,086,000","366,737,000","374,258,000","336,721,000","392,044,000","377,293,000","391,825,000","354,455,000","415,238,000","401,611,000","401,379,000","352,936,000","387,859,000","370,072,000","372,400,000","346,466,000","369,541,000","366,211,000","390,444,000","261,156,000","310,913,000","275,775,000","281,130,000","242,644,000","258,123,000","242,294,000","246,800,000","211,763,000","235,093,000","214,914,000","209,785,000","203,564,000","262,893,000","271,533,000","261,542,000","231,131,000","207,434,000","259,288,000","265,368,000","249,465,000","246,627,000","278,610,000","276,830,000","250,441,000","301,984,000","260,509,000","288,371,000","262,278,000","286,584,000","255,064,000","262,517,000","232,796,000","252,763,000","235,023,000","234,909,000","212,440,000","238,449,000","229,752,000","231,965,000","218,062,000","234,064,000","229,789,000","226,919,000","211,390,000","238,003,000","216,590,000","226,059,000","206,535,000","226,700,000","211,200,000","222,400,000","210,100,000","234,400,000","218,400,000","221,200,000","201,900,000","227,600,000","209,100,000","212,100,000","198,200,000","213,200,000","207,300,000","206,900,000","197,100,000","206,700,000","201,700,000","208,700,000","193,100,000","191,500,000","185,900,000","174,900,000","158,100,000","161,200,000","161,100,000","156,600,000","149,500,000","153,300,000","149,000,000","147,000,000","139,300,000","138,700,000","136,700,000","139,300,000","130,800,000","128,500,000","129,800,000","130,400,000","116,500,000","120,100,000","123,400,000","126,900,000",,,,,,,,,,,,,,,
ReconciledDepreciation,"144,294,000","36,790,000","35,955,000","35,552,000","35,997,000","35,896,000","35,729,000","35,316,000","34,845,000","34,071,000","34,585,000","34,668,000","34,780,000","35,704,000","36,054,000","35,964,000","36,484,000","36,013,000","36,665,000","27,812,000","20,303,000","19,900,000","19,300,000","20,445,000","18,686,000","18,597,000","19,956,000","19,547,000","18,992,000","18,926,000","17,824,000","18,456,000","18,387,000","17,523,000","16,128,000","15,862,000","15,807,000","14,345,000","15,643,000","16,647,000","14,770,000","15,867,000","10,132,000","11,037,000","10,216,000","9,897,000","10,066,000","10,483,000","10,083,000","10,183,000","10,451,000","13,317,000","11,254,000","10,972,000","11,204,000","11,459,000","11,517,000","11,506,000","11,690,000","10,995,000","12,735,000","12,406,000","14,222,000","11,136,000","13,432,000","12,898,000","10,989,000","14,128,000","13,513,000","13,916,000","13,918,000","14,394,000","14,531,000","13,560,000","13,545,000","13,855,000","14,795,000","12,470,000","13,016,000","13,791,000","14,122,000","15,348,000","14,283,000","14,978,000","13,079,000","13,375,000","12,969,000","13,960,000","12,289,000","12,751,000","13,165,000","13,000,000","12,000,000","13,300,000","12,500,000","14,300,000","12,000,000","12,100,000","11,100,000","12,700,000","11,600,000","11,300,000","11,200,000","12,200,000","8,300,000","12,100,000","14,400,000","10,400,000","11,600,000","10,000,000","9,200,000","10,100,000","8,600,000","7,300,000","7,400,000","6,300,000","8,700,000","7,200,000","7,500,000","9,100,000","7,400,000","7,700,000","7,400,000","7,800,000","6,900,000","7,000,000","7,000,000","7,400,000","6,800,000","7,000,000","6,400,000","6,900,000","5,800,000","5,600,000",,,,,,,,,,,,,,,
NetIncomeFromContinuingOperationNetMinorityInterest,"168,009,000","47,203,000","38,306,000","50,884,000","31,616,000","49,102,000","29,791,000","40,604,000","41,607,000","31,613,000","9,895,000","32,214,000","49,718,000","36,641,000","12,244,000","41,345,000","37,730,000","44,451,000","47,682,000","-7,558,000","25,138,000","25,867,000","14,795,000","39,134,000","32,745,000","33,331,000","18,918,000","24,991,000","26,807,000","26,472,000","9,710,000","10,678,000","3,987,000","20,537,000","14,571,000","21,886,000","27,058,000","25,929,000","20,677,000","24,930,000","24,552,000","4,989,000","15,305,000","26,408,000","23,220,000","25,126,000","14,351,000","21,936,000","18,978,000","11,011,000","18,952,000","30,329,000","35,413,000","17,558,000","6,116,000","-42,406,000","21,716,000","21,366,000","18,213,000","24,691,000","28,366,000","27,267,000","20,820,000","21,939,000","24,198,000","19,540,000","15,270,000","23,319,000","15,541,000","16,215,000","6,501,000","9,776,000","9,516,000","11,697,000","4,613,000","13,321,000","12,286,000","9,766,000","3,246,000","10,376,000","9,199,000","7,935,000","666,000","12,942,000","14,588,000","11,860,000","5,550,000","14,267,000","7,394,000","17,772,000","9,730,000","14,400,000","12,100,000","10,000,000","7,600,000","9,000,000","-10,300,000","11,300,000","6,000,000","12,600,000","10,800,000","11,100,000","5,800,000","12,300,000","22,000,000","8,400,000","2,700,000","6,300,000","8,800,000","10,100,000","6,000,000","8,600,000","8,900,000","9,300,000","4,000,000","1,100,000","8,800,000","8,900,000","3,000,000","9,200,000","10,300,000","10,100,000","6,000,000","8,800,000","8,200,000","7,100,000","3,600,000","7,000,000","6,300,000","6,300,000","1,600,000","5,100,000","3,800,000","4,900,000",,,,,,,,,,,,,,,
TotalUnusualItemsExcludingGoodwill,"25,460,000",,,,,,,,,,,,,,,,,,,"-2,389,000","0","0","0","-12,162,000","2,807,000","-370,000","-413,000","-3,281,000","-1,297,000","-934,000","-2,361,000","-5,732,000","-12,300,000","-13,538,000","-11,734,000","-17,028,000","-11,134,000","-8,959,000","-3,051,000","-33,452,000","-2,361,000","-21,480,000","-6,339,000","-4,720,000","1,568,000","-51,000","-38,000","254,000","1,041,000","-7,445,000","-63,000","-159,000","18,487,000","-1,293,000","-1,842,000","-87,503,000","774,000","844,000","1,269,000","3,096,000","946,000","1,298,000","1,462,000","-1,334,000","260,000","-461,000","1,312,000","1,854,000","253,000","4,543,000","1,442,000","4,286,000","-1,575,000","-2,150,000","-933,000","-351,000","993,000","-614,000","-2,680,000","17,000","1,594,000","706,000","-243,000","1,015,000","-1,537,000","362,000","-59,000","1,164,000","-1,239,000","2,484,000","-1,439,000","-3,600,000","-3,200,000","-6,500,000","-2,600,000","-600,000","-24,700,000","600,000","-500,000","-1,700,000","200,000","1,100,000","-500,000","-1,100,000","14,200,000","1,900,000","-300,000","200,000","200,000","-800,000","-400,000",,,"-1,000,000","-400,000","-400,000","-400,000","-900,000","-500,000","1,200,000","500,000","100,000","300,000","1,100,000","500,000","800,000",,"900,000","-100,000","-300,000","-1,300,000","-1,200,000","-600,000","-600,000",,,,,,,,,,,,,,,
TotalUnusualItems,"25,460,000",,,,,,,,,,,,,,,,,,,"-2,389,000","0","0","0","-12,162,000","2,807,000","-370,000","-413,000","-3,281,000","-1,297,000","-934,000","-2,361,000","-5,732,000","-12,300,000","-13,538,000","-11,734,000","-17,028,000","-11,134,000","-8,959,000","-3,051,000","-33,452,000","-2,361,000","-21,480,000","-6,339,000","-4,720,000","1,568,000","-51,000","-38,000","254,000","1,041,000","-7,445,000","-63,000","-159,000","18,487,000","-1,293,000","-1,842,000","-87,503,000","774,000","844,000","1,269,000","3,096,000","946,000","1,298,000","1,462,000","-1,334,000","260,000","-461,000","1,312,000","1,854,000","253,000","4,543,000","1,442,000","4,286,000","-1,575,000","-2,150,000","-933,000","-351,000","993,000","-614,000","-2,680,000","17,000","1,594,000","706,000","-243,000","1,015,000","-1,537,000","362,000","-59,000","1,164,000","-1,239,000","2,484,000","-1,439,000","-3,600,000","-3,200,000","-6,500,000","-2,600,000","-600,000","-24,700,000","600,000","-500,000","-1,700,000","200,000","1,100,000","-500,000","-1,100,000","14,200,000","1,900,000","-300,000","200,000","200,000","-800,000","-400,000",,,"-1,000,000","-400,000","-400,000","-400,000","-900,000","-500,000","1,200,000","500,000","100,000","300,000","1,100,000","500,000","800,000",,"900,000","-100,000","-300,000","-1,300,000","-1,200,000","-600,000","-600,000",,,,,,,,,,,,,,,
NormalizedEBITDA,"426,036,000","126,395,000","101,036,000","119,945,000","104,120,000","119,446,000","94,607,000","115,560,000","100,243,000","96,921,000","71,225,000","99,181,000","127,363,000","114,093,000","76,684,000","115,170,000","106,244,000","117,049,000","77,424,000","22,410,000","60,634,000","63,058,000","46,002,000","92,131,000","66,159,000","71,604,000","52,712,000","73,761,000","66,495,000","66,712,000","39,560,000","51,498,000","46,430,000","63,602,000","51,324,000","68,538,000","67,023,000","63,457,000","49,475,000","89,127,000","54,824,000","48,375,000","40,907,000","51,407,000","42,655,000","44,881,000","31,317,000","40,091,000","32,773,000","35,999,000","36,682,000","48,102,000","43,345,000","38,864,000","23,597,000","123,400,000","36,914,000","43,090,000","36,941,000","45,460,000","51,164,000","48,312,000","41,430,000","36,950,000","47,772,000","45,973,000","31,674,000","41,149,000","37,382,000","30,419,000","22,864,000","23,938,000","31,478,000","38,525,000","24,846,000","35,284,000","33,030,000","29,527,000","26,900,000","31,284,000","29,039,000","30,697,000","20,872,000","39,423,000","39,366,000","36,626,000","27,312,000","40,562,000","32,541,000","42,184,000","38,109,000","54,100,000","45,500,000","50,500,000","37,800,000","40,800,000","69,700,000","36,200,000","27,100,000","42,200,000","33,400,000","32,500,000","27,000,000","39,900,000","21,100,000","27,200,000","24,800,000","23,200,000","31,000,000","32,700,000","24,600,000","27,100,000","27,400,000","28,500,000","18,000,000","14,500,000","27,700,000","26,800,000","16,600,000","25,100,000","27,200,000","27,800,000","20,900,000","24,800,000","23,100,000","21,200,000","17,100,000","20,600,000","21,200,000","22,400,000","16,300,000","21,300,000","18,500,000","19,800,000","177,600,000","-457,600,000","176,700,000","172,800,000","154,600,000","-396,000,000","155,100,000","151,200,000","137,400,000","-349,100,000","136,600,000","132,800,000","119,200,000","-310,600,000","117,000,000"
TaxRateForCalcs,"0.3","0.339","0.216","0.253","0.392","0.262","0.275","0.34","0.113","0.279","0.4","0.259","0.288","0.32","0.227","0.081","0.207","0.242","0.27","0.4","0.287","0.319","0.315","0.287","0.288","0.31","0.336","0.4","0.361","0.379","0.359","0.35","0.35","0.318","0.338","0.373","0.29","0.308","0.28","0.334","0.295","0.35","0.398","0.267","0.318","0.309","0.337","0.301","0.193","0.393","0.291","0.318","0.309","0.33","0.369","0.351","0.098","0.284","0.29","0.243","0.284","0.29","0.29","0.087","0.246","0.3","0.3","0.268","0.32","0.327","0.32","0.377","0.171","0.32","0.32","0.302","0.29","0.218","0.343","0.271","0.344","0.345","0.4","0.34","0.204","0.34","0.351","0.367","0.367","0.358","0.38","0.4","0.4","0.4","0.4","0.4","0.4","0.396","0.388","0.394","0.397","0.4","0.4","0.4","0.4","0.4","0.4","0.284","0.393","0.392","0.4","0.338","0.4","0.4","0.4","0.4","0.4","0.4","0.4","0.4","0.4","0.399","0.4","0.4","0.388","0.4","0.4","0.386","0.4","0.4","0.4","0.4","0.4","0.4",,,,,,,,,,,,,,,
TaxEffectOfUnusualItems,"7,650,609.625","0","0","0","0","0","0","0","0","0","0","0","0","0","0","0","0","0","0","-955,600","0","0","0","-3,486,679.119","808,416","-114,700","-138,768","-1,312,400","-468,217","-353,986","-847,599","-2,006,200","-4,305,000","-4,305,084","-3,966,092","-6,347,847.883","-3,228,860","-2,759,372","-854,280","-11,157,645.804","-696,495","-7,518,000","-2,522,922","-1,258,570.6","499,246.703","-15,734.495","-12,818.27","76,411.76","201,211.234","-2,924,960.204","-18,361.561","-50,603.987","5,713,813.06","-426,603.662","-679,594.75","-30,681,378.788","76,014.562","240,078.145","368,025.824","752,152.811","268,874.856","376,416.693","423,982.205","-115,417.231","63,993.396","-138,308.479","393,612.759","497,575.617","80,917.977","1,486,173.967","461,440","1,614,884.447","-268,547.017","-688,045.457","-298,604.497","-105,830.678","288,083.338","-133,777.378","-920,176.508","4,605.455","548,024.433","243,864.815","-97,200","345,028.476","-313,628.199","123,177.06","-20,688.312","427,589.73","-455,123.385","889,315.609","-547,016.181","-1,440,000","-1,280,000","-2,600,000","-1,040,000","-240,000","-9,880,000","237,433.155","-193,877.551","-670,192.308","79,329.609","440,000","-200,000","-440,000","5,680,000","760,000","-120,000","56,818.182","78,620.69","-313,253.012","-160,000","0","0","-400,000","-160,000","-160,000","-160,000","-360,000","-200,000","480,000","200,000","39,880.952","120,000","440,000","194,029.851","320,000","0","347,368.421","-40,000","-120,000","-520,000","-480,000","-240,000","-240,000",,,,,,,,,,,,,,,