name,ttm,03/31/2022,12/31/2021,09/30/2021,06/30/2021,03/31/2021,12/31/2020,09/30/2020,06/30/2020,03/31/2020,12/31/2019,09/30/2019,06/30/2019,03/31/2019,12/31/2018,09/30/2018,06/30/2018,03/31/2018,12/31/2017,09/30/2017,06/30/2017,03/31/2017,12/31/2016,09/30/2016,06/30/2016,03/31/2016,12/31/2015,09/30/2015,06/30/2015,03/31/2015,12/31/2014,09/30/2014,06/30/2014,03/31/2014,12/31/2013,09/30/2013,06/30/2013,03/31/2013,12/31/2012,09/30/2012,06/30/2012,03/31/2012,12/31/2011,09/30/2011,06/30/2011,03/31/2011,12/31/2010,09/30/2010,06/30/2010,03/31/2010,12/31/2009,09/30/2009,06/30/2009,03/31/2009,12/31/2008,09/30/2008,06/30/2008,03/31/2008,12/31/2007,09/30/2007,06/30/2007,03/31/2007,12/31/2006,09/30/2006,06/30/2006,03/31/2006,12/31/2005,09/30/2005,06/30/2005,03/31/2005,12/31/2004,09/30/2004,06/30/2004,03/31/2004,12/31/2003,09/30/2003,06/30/2003,03/31/2003,12/31/2002,09/30/2002,06/30/2002,03/31/2002,12/31/2001,09/30/2001,06/30/2001,03/31/2001,12/31/2000,09/30/2000,06/30/2000,03/31/2000,12/31/1999,09/30/1999,06/30/1999,03/31/1999,12/31/1998,09/30/1998,06/30/1998,03/31/1998,12/31/1997,09/30/1997,06/30/1997,03/31/1997,12/31/1996,09/30/1996,06/30/1996,03/31/1996,12/31/1995,09/30/1995,06/30/1995,03/31/1995,12/31/1994,09/30/1994,06/30/1994,03/31/1994,12/31/1993,09/30/1993,06/30/1993,03/31/1993,12/31/1992,09/30/1992,06/30/1992,03/31/1992,12/31/1991,09/30/1991,06/30/1991,03/31/1991,12/31/1990,09/30/1990,06/30/1990,03/31/1990,12/31/1989,09/30/1989,06/30/1989,03/31/1989,12/31/1988,09/30/1988,06/30/1988,03/31/1988,12/31/1987,09/30/1987,06/30/1987,03/31/1987
TotalRevenue,"1,427,312,000","98,835,000","350,936,000","753,404,000","224,137,000","9,742,000","33,877,000","87,457,000","6,586,000","53,635,000","257,246,000","714,512,000","436,190,000","66,977,000","249,784,000","663,703,000","380,316,000","54,727,000","228,162,000","652,689,000","392,798,000","48,318,000","191,966,000","650,283,000","388,034,000","58,438,000","166,916,000","644,637,000","377,408,000","46,817,000","160,807,000","595,318,000","363,014,000","40,466,000","139,077,000","592,076,000","361,620,000","41,799,000","129,205,000","553,445,000","357,606,000","28,198,000","144,845,000","572,268,000","284,490,000","26,869,000","129,689,000","545,000,000","275,587,000","27,316,000","105,570,000","519,913,000","264,126,000","26,466,000","119,274,000","540,322,000","296,234,000","40,402,000","115,447,000","567,513,000","274,014,000","29,999,000","119,866,000","542,149,000","145,429,000","23,945,000","78,029,000","317,025,000","148,852,000","24,801,000","68,159,000","305,602,000","145,001,000","23,210,000","61,050,000","282,212,000","145,215,000","21,499,000","57,833,000","273,513,000","147,569,000","23,936,000","48,019,000","285,635,000","123,665,000","19,937,000","6,118,000","266,823,000","129,504,000","20,548,000","3,200,000","240,700,000","124,200,000","23,200,000","38,000,000","234,200,000","120,500,000","18,000,000","8,700,000","174,800,000","79,200,000","1,400,000","2,900,000","167,500,000","79,800,000","300,000","1,700,000","161,200,000","54,900,000","400,000","600,000","142,100,000","55,300,000","400,000","400,000","127,000,000","51,200,000","300,000","300,000","110,800,000","41,600,000","300,000","400,000","84,100,000","43,200,000","300,000","500,000","88,300,000","32,900,000","300,000","500,000","84,600,000","34,500,000","400,000","100,000","71,200,000","31,200,000","300,000","300,000","69,100,000","33,100,000","300,000"
	OperatingRevenue,"1,427,312,000","98,835,000","350,936,000","753,404,000","224,137,000","9,742,000","33,877,000","87,457,000","6,586,000","53,635,000","257,246,000","714,512,000","436,190,000","66,977,000","249,784,000","663,703,000","380,316,000","54,727,000","228,162,000","652,689,000","392,798,000","48,318,000","191,966,000","650,283,000","388,034,000","58,438,000","166,916,000","644,637,000","377,408,000","46,817,000","160,807,000","595,318,000","363,014,000","40,466,000","139,077,000","592,076,000","361,620,000","41,799,000","129,205,000","553,445,000","357,606,000","28,198,000","144,845,000","572,268,000","284,490,000","26,869,000","129,689,000","545,000,000","275,587,000","27,316,000","105,570,000","519,913,000","264,126,000","26,466,000","119,274,000","540,322,000","296,234,000","40,402,000","115,447,000","567,513,000","274,014,000","29,999,000","119,866,000","542,149,000","145,429,000","23,945,000","78,029,000","317,025,000","148,852,000","24,801,000","68,159,000","305,602,000","145,001,000","23,210,000","61,050,000","282,212,000","145,215,000","21,499,000","57,833,000","273,513,000","147,569,000","23,936,000","48,019,000","285,635,000","123,665,000","19,937,000","6,118,000","266,823,000","129,504,000","20,548,000","3,200,000","240,700,000","124,200,000","23,200,000","38,000,000","234,200,000","120,500,000","18,000,000","8,700,000","174,800,000","79,200,000","1,400,000","2,900,000","167,500,000","79,800,000","300,000","1,700,000","161,200,000","54,900,000","400,000","600,000","142,100,000","55,300,000","400,000","400,000","127,000,000","51,200,000","300,000","300,000","110,800,000","41,600,000","300,000","400,000","84,100,000","43,200,000","300,000","500,000","88,300,000","32,900,000","300,000","500,000","84,600,000","34,500,000","400,000","100,000","71,200,000","31,200,000","300,000","300,000","69,100,000","33,100,000","300,000"
CostOfRevenue,"120,984,000","10,824,000","27,028,000","59,502,000","23,630,000","2,306,000","7,963,000","11,638,000","2,005,000","6,385,000","20,332,000","58,475,000","39,808,000","7,649,000","19,821,000","53,891,000","35,018,000","6,003,000","18,435,000","52,647,000","34,249,000","5,480,000","13,748,000","52,057,000","34,566,000","6,237,000","13,959,000","52,174,000","33,106,000","5,588,000","12,321,000","46,812,000","31,090,000","4,985,000","9,839,000","45,843,000","31,053,000","5,037,000","-369,710,000","210,664,000","178,722,000","75,372,000","91,369,000","210,210,000","152,089,000","69,240,000","422,199,000","45,591,000","26,350,000","66,633,000","77,575,000","202,213,000","142,948,000","64,932,000","-336,630,000","200,998,000","152,567,000","73,691,000","88,175,000","210,183,000","150,827,000","62,494,000","89,129,000","204,498,000","87,147,000","39,692,000","51,615,000","122,790,000","87,623,000","39,221,000","54,990,000","124,185,000","85,242,000","34,366,000","47,168,000","107,019,000","80,817,000","34,607,000","45,457,000","108,206,000","79,769,000","36,085,000","44,816,000","115,730,000","71,885,000","31,827,000","2,534,000","106,894,000","72,522,000","32,398,000","2,000,000","95,100,000","68,900,000","30,200,000","23,600,000","91,500,000","66,000,000","30,300,000","15,500,000","61,900,000","44,100,000","13,300,000","12,200,000","57,000,000","40,900,000","11,300,000","11,700,000","54,400,000","28,700,000","9,000,000",,,,"8,200,000","8,000,000","43,900,000","26,600,000","7,400,000","8,100,000","40,100,000","20,500,000","5,300,000","5,800,000","28,700,000","20,300,000","5,300,000","5,100,000","31,000,000","16,700,000","4,700,000","4,700,000","30,000,000","4,500,000",,,,,,,,,
GrossProfit,"1,306,328,000","88,011,000","323,908,000","693,902,000","200,507,000","7,436,000","25,914,000","75,819,000","4,581,000","47,250,000","236,914,000","656,037,000","396,382,000","59,328,000","229,963,000","609,812,000","345,298,000","48,724,000","209,727,000","600,042,000","358,549,000","42,838,000","178,218,000","598,226,000","353,468,000","52,201,000","152,957,000","592,463,000","344,302,000","41,229,000","148,486,000","548,506,000","331,924,000","35,481,000","129,238,000","546,233,000","330,567,000","36,762,000","498,915,000","342,781,000","178,884,000","-47,174,000","53,476,000","362,058,000","132,401,000","-42,371,000","-292,510,000","499,409,000","249,237,000","-39,317,000","27,995,000","317,700,000","121,178,000","-38,466,000","455,904,000","339,324,000","143,667,000","-33,289,000","27,272,000","357,330,000","123,187,000","-32,495,000","30,737,000","337,651,000","58,282,000","-15,747,000","26,414,000","194,235,000","61,229,000","-14,420,000","13,169,000","181,417,000","59,759,000","-11,156,000","13,882,000","175,193,000","64,398,000","-13,108,000","12,376,000","165,307,000","67,800,000","-12,149,000","3,203,000","169,905,000","51,780,000","-11,890,000","3,584,000","159,929,000","56,982,000","-11,850,000","1,200,000","145,600,000","55,300,000","-7,000,000","14,400,000","142,700,000","54,500,000","-12,300,000","-6,800,000","112,900,000","35,100,000","-11,900,000","-9,300,000","110,500,000","38,900,000","-11,000,000","-10,000,000","106,800,000","26,200,000","-8,600,000",,,,"-7,800,000","-7,600,000","83,100,000","24,600,000","-7,100,000","-7,800,000","70,700,000","21,100,000","-5,000,000","-5,400,000","55,400,000","22,900,000","-5,000,000","-4,600,000","57,300,000","16,200,000","-4,400,000","-4,200,000","54,600,000","30,000,000",,,,,,,,,
OperatingExpense,"1,139,081,000","170,235,000","290,093,000","441,750,000","237,003,000","97,957,000","135,152,000","196,399,000","145,633,000","136,265,000","218,952,000","379,040,000","293,456,000","143,460,000","188,511,000","347,993,000","273,677,000","123,031,000","180,336,000","344,433,000","263,052,000","117,273,000","150,909,000","329,076,000","257,195,000","115,407,000","147,275,000","309,018,000","250,495,000","107,959,000","136,287,000","294,098,000","240,783,000","106,061,000","125,062,000","286,616,000","233,083,000","102,482,000","488,409,000","113,740,000","92,841,000","21,830,000","44,932,000","114,597,000","79,997,000","24,705,000","-299,476,000","264,822,000","210,069,000","21,240,000","43,293,000","96,548,000","80,501,000","17,778,000","439,870,000","124,072,000","89,213,000","23,115,000","46,906,000","172,402,000","83,028,000","18,387,000","32,620,000","108,450,000","38,410,000","11,947,000","20,181,000","58,062,000","38,868,000","13,025,000","19,334,000","56,231,000","36,865,000","12,929,000","17,930,000","49,223,000","36,846,000","11,217,000","16,428,000","46,568,000","35,462,000","7,223,000","21,373,000","46,650,000","34,393,000","12,025,000","1,930,000","42,957,000","28,202,000","9,834,000","1,400,000","37,300,000","27,000,000","10,400,000","5,300,000","37,200,000","26,100,000","6,900,000","4,400,000","27,200,000","18,200,000","3,200,000","2,900,000","25,200,000","17,100,000","2,900,000","2,500,000","24,500,000","12,400,000","2,100,000",,,,"2,200,000","2,300,000","18,700,000","12,200,000","2,400,000","2,000,000","17,100,000","9,000,000","1,700,000","1,700,000","13,000,000","9,100,000","1,600,000","1,400,000","13,200,000","8,000,000","1,500,000","1,300,000","12,800,000","21,200,000",,,,,,,,,
	SellingGeneralAndAdministration,"230,194,000","40,786,000","51,479,000","90,863,000","47,066,000","30,350,000","31,437,000","28,145,000","23,727,000","24,809,000","47,725,000","83,080,000","59,781,000","31,666,000","43,496,000","67,114,000","54,041,000","28,682,000","42,628,000","71,663,000","51,860,000","27,619,000","39,748,000","65,099,000","51,371,000","25,612,000","38,213,000","61,394,000","46,065,000","25,818,000","31,638,000","57,205,000","46,617,000","21,404,000","26,879,000","58,727,000","45,767,000","21,039,000","22,823,000","52,993,000","44,511,000","17,984,000","30,300,000","51,978,000","37,233,000","20,915,000","-312,939,000","200,757,000","166,080,000","17,351,000","24,152,000","53,233,000","37,524,000","13,564,000","16,130,000","56,961,000","41,859,000","16,932,000","17,778,000","65,980,000","37,375,000","14,069,000","19,921,000","52,138,000","20,192,000","8,473,000","13,458,000","29,960,000","21,382,000","9,571,000","11,526,000","30,718,000","19,778,000","8,149,000","10,484,000","27,850,000","19,568,000","6,756,000","10,123,000","26,297,000","19,588,000","7,223,000","18,917,000","28,337,000","17,943,000","6,758,000","385,000","23,996,000","16,371,000","6,585,000","600,000","21,500,000","15,000,000","7,100,000","2,900,000","21,300,000","15,600,000","4,400,000","3,700,000","14,900,000","10,000,000","2,900,000","2,500,000","14,200,000","9,500,000","2,800,000","2,400,000","13,400,000","7,000,000","2,000,000",,,,"2,100,000","2,200,000","9,900,000","6,700,000","2,300,000","2,000,000","9,000,000","4,800,000","1,600,000","1,600,000","7,000,000","4,900,000","1,600,000","1,400,000","7,200,000","4,300,000","1,500,000","1,200,000","7,200,000","17,800,000",,,,,,,,,
		GeneralAndAdministrativeExpense,,,,,,,,,,,,,,,,,,,,,,,,,,,,,,,,,,,,,,,,,,,,,,,,,,"-10,000",,,,,,,,,,,,,,,,,,,,,,,,,,,,,,,,,,,,,,,,,,,,,,,,,,,,,,,,,,,,,,,,,,,,,,,,,,,,,,,,,,,,,,,,,,,,
			SalariesAndWages,,,,,,,,,,,,,,,,,,,,,,,,,,,,,,,,,,,,,,,,,,,,,,,,,,"-10,000",,,,,,,,,,,,,,,,,,,,,,,,,,,,,,,,,,,,,,,,,,,,,,,,,,,,,,,,,,,,,,,,,,,,,,,,,,,,,,,,,,,,,,,,,,,,
	DepreciationAmortizationDepletionIncomeStatement,"156,949,000","9,599,000","35,897,000","77,461,000","33,992,000","1,453,000","30,102,000","67,436,000","54,923,000","5,088,000","32,628,000","68,335,000","55,904,000","13,589,000","23,415,000","74,374,000","52,219,000","5,521,000","26,985,000","70,060,000","50,812,000","5,365,000","13,701,000","64,685,000","48,299,000","5,191,000","15,456,000","59,059,000","47,105,000","4,011,000","14,761,000","58,244,000","46,974,000","4,307,000","14,174,000","57,495,000","46,032,000","4,786,000","14,183,000","60,747,000","48,330,000","3,846,000","14,632,000","62,619,000","42,764,000","3,790,000","15,172,000","63,746,000","43,989,000","3,889,000","19,141,000","66,413,000","42,977,000","4,214,000","14,580,000","60,986,000","44,089,000","6,183,000","13,448,000","67,204,000","45,653,000","4,318,000","12,699,000","56,312,000","18,218,000","3,474,000","6,723,000","28,102,000","17,486,000","3,454,000","6,718,000","24,425,000","16,104,000","3,443,000","5,941,000","20,091,000","15,443,000","3,218,000","5,270,000","18,596,000","14,516,000","3,300,000","5,080,000","21,424,000","12,900,000","3,082,000","1,545,000","18,961,000","11,831,000","3,249,000","800,000","15,800,000","12,000,000","3,300,000","2,400,000","15,900,000","10,500,000","2,500,000","700,000","12,300,000","8,200,000","300,000","400,000","11,000,000","7,600,000","100,000","100,000","11,100,000","5,400,000","100,000",,,,"100,000","100,000","8,800,000","5,500,000","100,000","0","8,100,000","4,200,000","100,000","100,000","6,000,000","4,200,000",,"0","6,000,000","3,700,000",,"100,000","5,600,000","3,400,000",,,,,,,,,
		DepreciationAndAmortizationInIncomeStatement,"156,949,000","9,599,000","35,897,000","77,461,000","33,992,000","1,453,000","30,102,000","67,436,000","54,923,000","5,088,000","32,628,000","68,335,000","55,904,000","13,589,000","23,415,000","74,374,000","52,219,000","5,521,000","26,985,000","70,060,000","50,812,000","5,365,000","13,701,000","64,685,000","48,299,000","5,191,000","15,456,000","59,059,000","47,105,000","4,011,000","14,761,000","58,244,000","46,974,000","4,307,000","14,174,000","57,495,000","46,032,000","4,786,000","14,183,000","60,747,000","48,330,000","3,846,000","14,632,000","62,619,000","42,764,000","3,790,000","15,172,000","63,746,000","43,989,000","3,889,000","19,141,000","66,413,000","42,977,000","4,214,000","14,580,000","60,986,000","44,089,000","6,183,000","13,448,000","67,204,000","45,653,000","4,318,000","12,699,000","56,312,000","18,218,000","3,474,000","6,723,000","28,102,000","17,486,000","3,454,000","6,718,000","24,425,000","16,104,000","3,443,000","5,941,000","20,091,000","15,443,000","3,218,000","5,270,000","18,596,000","14,516,000","3,300,000","5,080,000","21,424,000","12,900,000","3,082,000","1,545,000","18,961,000","11,831,000","3,249,000","800,000","15,800,000","12,000,000","3,300,000","2,400,000","15,900,000","10,500,000","2,500,000","700,000","12,300,000","8,200,000","300,000","400,000","11,000,000","7,600,000","100,000","100,000","11,100,000","5,400,000","100,000",,,,"100,000","100,000","8,800,000","5,500,000","100,000","0","8,100,000","4,200,000","100,000","100,000","6,000,000","4,200,000",,"0","6,000,000","3,700,000",,"100,000","5,600,000","3,400,000",,,,,,,,,
	OtherOperatingExpenses,"751,938,000","119,850,000","202,717,000","273,426,000","155,945,000","66,154,000","73,613,000","100,818,000","66,983,000","106,368,000","138,599,000","227,625,000","177,771,000","98,205,000","121,600,000","206,505,000","167,417,000","88,828,000","110,723,000","202,710,000","160,380,000","84,289,000","97,460,000","199,292,000","157,525,000","84,604,000","93,606,000","188,565,000","157,325,000","78,130,000","89,888,000","178,649,000","147,192,000","80,350,000","84,009,000","170,394,000","141,284,000","76,657,000","70,571,000",,,,,,,,,"319,000",,,"0","-23,098,000",,,"409,160,000","6,125,000","3,265,000",,"15,680,000","39,218,000",,,,,,,,,,,"1,090,000","1,088,000","983,000","1,337,000","1,505,000","1,282,000","1,835,000","1,243,000","1,035,000","1,675,000","1,358,000","-3,300,000",,"-3,111,000","3,550,000","2,185,000",,,,,,,,,,,,,,,,,,,,,,,,,,,,,,,,,,,,,,,,,,,,,,,,,,,,,,,,
OperatingIncome,"167,247,000","-82,224,000","33,815,000","252,152,000","-36,496,000","-90,521,000","-109,238,000","-120,580,000","-141,052,000","-89,015,000","17,962,000","276,997,000","102,926,000","-84,132,000","41,452,000","261,819,000","71,621,000","-74,307,000","29,391,000","255,609,000","95,497,000","-74,435,000","27,309,000","269,150,000","96,273,000","-63,206,000","5,682,000","283,445,000","93,807,000","-66,730,000","12,199,000","254,408,000","91,141,000","-70,580,000","4,176,000","259,617,000","97,484,000","-65,720,000","10,506,000","229,041,000","86,043,000","-69,004,000","8,544,000","247,461,000","52,404,000","-67,076,000","6,966,000","234,587,000","39,168,000","-60,557,000","-15,298,000","221,152,000","40,677,000","-56,244,000","16,034,000","215,252,000","54,454,000","-56,404,000","-19,634,000","184,928,000","40,159,000","-50,882,000","-1,883,000","229,201,000","19,872,000","-27,694,000","6,233,000","136,173,000","22,361,000","-27,445,000","-6,165,000","125,186,000","22,894,000","-24,085,000","-4,048,000","125,970,000","27,552,000","-24,325,000","-4,052,000","118,739,000","32,338,000","-19,372,000","-18,170,000","123,255,000","17,387,000","-23,915,000","1,654,000","116,972,000","28,780,000","-21,684,000","-200,000","108,300,000","28,300,000","-17,400,000","9,100,000","105,500,000","28,400,000","-19,200,000","-11,200,000","85,700,000","16,900,000","-15,100,000","-12,200,000","85,300,000","21,800,000","-13,900,000","-12,500,000","82,300,000","13,800,000","-10,700,000","-129,700,000","142,100,000","55,300,000","-10,000,000","-9,900,000","64,400,000","12,400,000","-9,500,000","-9,800,000","53,600,000","12,100,000","-6,700,000","-7,100,000","42,400,000","13,800,000","-6,600,000","-6,000,000","44,100,000","8,200,000","-5,900,000","-5,500,000","41,800,000","8,800,000","400,000","-72,900,000","71,200,000","31,200,000","300,000","-72,400,000","69,100,000","33,100,000","300,000"
NetNonOperatingInterestIncomeExpense,"-178,059,000","-38,123,000","-47,661,000","-46,270,000","-46,005,000","-44,096,000","-46,328,000","-40,376,000","-36,746,000","-27,219,000","-28,550,000","-27,967,000","-22,927,000","-20,920,000","-23,124,000","-21,464,000","-21,337,000","-19,762,000","-23,131,000","-21,638,000","-21,904,000","-18,882,000","-21,901,000","-20,899,000","-21,117,000","-19,769,000","-22,670,000","-22,155,000","-21,468,000","-20,492,000","-22,185,000","-21,462,000","-27,907,000","-24,732,000","-25,918,000","-25,529,000","-25,861,000","-25,763,000","-26,717,000","-26,863,000","-30,236,000","-26,803,000","-32,535,000","-41,353,000","-42,185,000","-41,112,000","-46,399,000","-41,487,000","-32,785,000","-29,614,000","-33,712,000","-31,183,000","-30,909,000","-28,902,000",,,,,,,,,,,,,,,,,,,,,,,,,,,,,,,,,,,,,,,,,,,,,,,,,,,,,,,,,,,,,,,,,,,,,,,,,,,,,,,,,,,,,,,,
	InterestIncomeNonOperating,,,,,,,,,,,,,,,,,,,,,"16,000","32,000","93,000","58,000","8,000","18,000","15,000","4,000","5,000","40,000",,,,,,,,,,,,,,,,,,,,,,,,,,,,,,,,,,,,,,,,,,,,,,,,,,,,,,,,,,,,,,,,,,,,,,,,,,,,,,,,,,,,,,,,,,,,,,,,,,,,,,,,,,,,,,,,
	InterestExpenseNonOperating,"178,059,000","38,123,000","47,661,000","46,270,000","46,005,000","44,096,000","46,328,000","40,376,000","36,746,000","27,219,000","28,550,000","27,967,000","22,927,000","20,920,000","23,124,000","21,464,000","21,337,000","19,762,000","23,131,000","21,638,000","21,920,000","18,914,000","21,994,000","20,957,000","21,125,000","19,787,000","22,685,000","22,159,000","21,473,000","20,532,000","22,185,000","21,462,000","27,907,000","24,732,000","25,918,000","25,529,000","25,861,000","25,763,000","26,717,000","26,863,000","30,236,000","26,803,000","32,535,000","41,353,000","42,185,000","41,112,000","46,399,000","41,487,000","32,785,000","29,614,000","33,712,000","31,183,000","30,909,000","28,902,000",,,,,,,,,,,,,,,,,,,,,,,,,,,,,,,,,,,,,,,,,,,,,,,,,,,,,,,,,,,,,,,,,,,,,,,,,,,,,,,,,,,,,,,,
OtherIncomeExpense,"1,383,000","12,688,000","-10,197,000","-14,131,000","13,023,000","7,904,000","28,354,000","-5,698,000","8,490,000","-148,750,000","12,656,000","-10,260,000","-2,025,000","1,394,000","-39,383,000","11,722,000","-17,311,000","-8,530,000","-11,370,000","31,091,000","-24,484,000","844,000","-6,125,000","-10,346,000","4,630,000","15,107,000","-24,333,000","-38,205,000","8,538,000","-41,005,000","-24,518,000","-21,641,000","-12,144,000","-18,479,000","-12,525,000","14,361,000","-12,573,000","-53,302,000","-4,198,000","-9,777,000","-8,264,000","9,086,000","12,955,000","-15,217,000","-1,788,000","3,897,000","-57,869,000","-29,375,000","-3,440,000","-7,517,000","-10,569,000","-4,780,000","177,000","-2,000","-85,822,000","-6,365,000","-3,432,000","615,000","-12,878,000","-40,986,000","-179,000","-120,000","5,000","-4,643,000",,,"0",,,"459,000","-259,000","87,000","611,000","-474,000","-225,000","-119,000","-1,366,000","-1,428,000","-8,684,000","-1,675,000","-1,358,000","-3,161,000",,"3,111,000","-3,550,000","-2,185,000","11,000","-7,838,000",,,,,,,,,,,,,,,,,,,,,,,,,,"1,600,000",,,,,,,,,,,,,,,,,,,"100,000",,,,,,,,,
	GainOnSaleOfSecurity,"17,512,000","14,187,000","369,000","-11,977,000","14,933,000","9,369,000","28,098,000","11,136,000","11,092,000","-53,981,000","13,110,000","-9,518,000","-1,307,000","2,907,000","-37,311,000","14,271,000","-14,078,000","-6,466,000","-2,199,000","32,022,000","-1,185,000","2,370,000","1,080,000","-8,991,000","6,045,000","17,719,000","-12,896,000","-32,452,000","9,318,000","-38,102,000","-17,245,000","-20,428,000","16,417,000","-17,555,000","-12,280,000","7,238,000","-12,613,000","-18,169,000","-3,436,000","15,035,000","-9,301,000",,,,,,,,,,,,,,,,,,,,,,,,,,,,,,,,,,,,,,,,,,,,,,,,,,,,,,,,,,,,,,,,,,,,,,,,,,,,,,,,,,,,,,,,,,,,,,,,,,,,,
	SpecialIncomeCharges,"-16,400,000","-1,548,000","-10,518,000","-2,397,000","-1,937,000","-1,543,000","146,000","-16,862,000","-2,732,000","-94,948,000","-1,150,000","-1,675,000","-682,000","-1,424,000","-2,219,000","-3,247,000","-3,372,000","-2,413,000","-9,677,000","-1,347,000","-23,299,000","-1,526,000","-7,205,000","-1,355,000","-1,415,000","-2,612,000","-11,437,000","-5,753,000","-780,000","-2,903,000","-7,304,000","-1,229,000","-28,567,000","-997,000","-273,000","7,106,000","-29,000","-35,173,000","-830,000","-24,812,000","1,037,000","9,086,000","22,864,000","-15,217,000","-1,788,000","3,897,000","-57,869,000","-29,375,000","-3,440,000","-7,517,000","-10,569,000","-4,780,000","177,000","-2,000","-86,231,000","-6,365,000","-3,432,000","615,000","-12,878,000","-40,986,000","-179,000","-120,000","5,000","-4,643,000",,,"0",,,"459,000","-259,000","87,000","611,000","-474,000","-225,000","-119,000","-1,366,000","-1,428,000","-8,684,000","-1,675,000","-1,358,000","-3,161,000",,"3,111,000","-3,550,000","-2,185,000","11,000","-7,838,000",,,,,,,,,,,,,,,,,,,,,,,,,,"1,600,000",,,,,,,,,,,,,,,,,,,"100,000",,,,,,,,,
		ImpairmentOfCapitalAssets,"10,495,000","1,548,000","4,613,000","2,397,000","1,937,000","1,539,000","-395,000","16,545,000","1,036,000","94,948,000","1,150,000","1,675,000","682,000","1,424,000","2,219,000","3,247,000","3,372,000","1,340,000","9,671,000","1,347,000","184,000","1,526,000","7,205,000","1,355,000","1,415,000","2,612,000","11,437,000","5,753,000","780,000","2,903,000","7,070,000","1,475,000","215,000","997,000","273,000","1,637,000","29,000","600,000","6,106,000","25,000,000","0","92,000","1,489,000","880,000","0","196,000",,,"1,390,000","0","4,526,000","188,000","0","30,000",,,,,,,,,,,,,,,,,,,,,,,,,,,,,,,,,,,,,,,,,,,,,,,,,,,,,,,,,,,,,,,,,,,,,,,,,,,,,,,,,,,,,,,,
		OtherSpecialCharges,,,"5,905,000",,,"4,000","249,000","317,000","1,696,000",,,,,,"0",,,"1,073,000","6,000",,"23,115,000",,,,,,,,,,"234,000","-246,000","29,273,000",,"0",,,"34,573,000",,"-188,000","-1,037,000","-9,178,000","-24,353,000","14,337,000","1,788,000","-4,093,000",,,"2,050,000","7,517,000","6,043,000","4,592,000","-177,000","-28,000",,,,,,,,,,,,,,,,,,,,,,,,,,,,,,,,,,,,,,,,,,,,,,,,,,,,,,,,,,,,,,,,,,,,,,,,,,,,,,,,,,,,,,,,
		GainOnSaleOfPPE,,,"-131,000",,,,,,,,,,,,,,,,,,,,,,,,,"0","0",,"0","0","921,000","0","0","8,743,000","0","0",,,,,,,,,,,,,,,,,,,,,,,,,,,,,,,,,,,,,,,,,,,,,,,,,,,,,,,,,,,,,,,,,,,,,,,,,,,,,,,,,,,,,,,,,,,,,,,,,,,,,,,,
	OtherNonOperatingIncomeExpenses,"271,000","49,000","-48,000","243,000","27,000","78,000","110,000","28,000","130,000","179,000","696,000","933,000","-36,000","-89,000","147,000","698,000","139,000","349,000","506,000","416,000",,,,,,,,,,"40,000","31,000","16,000","6,000","73,000","28,000","17,000","69,000","40,000","37,000",,,,,,,,,,,,,,,,,,,,,,,,,,,,,,,,,,,,,,,,,,,,,,,,,,,,,,,,,,,,,,,,,,,,,,,,,,,,,,,,,,,,,,,,,,,,,,,,,,,,,,,
PretaxIncome,"-9,429,000","-107,659,000","-24,043,000","191,751,000","-69,478,000","-126,713,000","-127,212,000","-166,654,000","-169,308,000","-264,984,000","2,068,000","238,770,000","77,974,000","-103,658,000","-21,055,000","252,077,000","32,973,000","-102,599,000","-5,110,000","265,062,000","49,109,000","-92,473,000","-717,000","237,905,000","79,786,000","-67,868,000","-41,321,000","223,085,000","80,877,000","-128,227,000","-34,504,000","211,305,000","51,090,000","-113,791,000","-34,267,000","248,449,000","59,050,000","-144,785,000","-20,409,000","192,401,000","47,543,000","-86,721,000","-11,036,000","190,891,000","8,431,000","-104,291,000","-97,302,000","163,725,000","2,943,000","-97,688,000","-59,579,000","185,189,000","9,945,000","-85,148,000","-109,827,000","183,163,000","20,025,000","-88,590,000","-51,766,000","142,124,000","3,787,000","-84,407,000","-39,965,000","189,592,000","11,832,000","-34,895,000","-159,000","129,709,000","15,513,000","-33,487,000","-11,338,000","119,256,000","18,126,000","-29,014,000","-8,423,000","121,077,000","21,599,000","-30,447,000","-17,729,000","112,322,000","25,613,000","-31,630,000","-23,817,000","116,966,000","10,967,000","-29,702,000","-705,000","103,586,000","23,070,000","-25,784,000","-600,000","104,600,000","23,700,000","-21,000,000","7,500,000","102,200,000","24,000,000","-22,800,000",,,,,,,,,,,,,,,,,"-11,200,000","62,800,000",,,,,,,,,,,,,,,,,,,,,,,,,,
TaxProvision,"17,182,000","-19,150,000","3,176,000","43,764,000","-10,608,000","-16,297,000","-21,759,000","-30,393,000","-36,756,000","-49,007,000","-717,000","48,815,000","14,676,000","-19,985,000","1,442,000","38,770,000","13,730,000","-19,199,000","-62,657,000","73,747,000","17,741,000","-27,719,000","6,079,000","62,918,000","21,803,000","-19,382,000","-15,642,000","58,934,000","23,294,000","-44,394,000","-16,455,000","49,403,000","7,188,000","-30,251,000","-13,783,000","58,025,000","11,660,000","-35,659,000","-10,030,000","51,713,000","11,221,000","-21,539,000","-10,490,000","38,161,000","3,765,000","-19,599,000","-34,135,000","87,977,000","7,158,000","-57,755,000","-33,287,000","77,575,000","2,557,000","-31,867,000","-53,078,000","91,614,000","5,337,000","-44,808,000","-42,737,000","87,992,000","-1,743,000","-29,283,000","-9,983,000","56,689,000","772,000","-8,391,000","-2,474,000","-41,122,000","3,243,000","-8,923,000","2,514,000","10,383,000","4,947,000","871,000","2,274,000","9,650,000","4,907,000","1,087,000","2,179,000","9,149,000","4,935,000","896,000","1,717,000","9,720,000","4,329,000","754,000","292,000","9,107,000","4,427,000","768,000","0","8,400,000","4,500,000","800,000","1,700,000","7,900,000","4,200,000","700,000",,,,,,,,,,,,,,,,,"0","-11,000,000",,,,,,,,,,,,,,,,,,,,,,,,,,
NetIncomeCommonStockholders,"-26,611,000","-88,508,000","-27,219,000","147,985,000","-58,869,000","-110,415,000","-105,452,000","-136,260,000","-132,550,000","-215,975,000","2,785,000","189,953,000","63,297,000","-83,672,000","-22,496,000","213,304,000","19,243,000","-83,399,000","57,546,000","191,314,000","31,367,000","-64,753,000","-6,796,000","174,985,000","57,983,000","-48,486,000","-25,678,000","164,149,000","57,582,000","-83,832,000","-18,049,000","161,900,000","43,901,000","-83,539,000","-20,484,000","190,422,000","47,390,000","-109,125,000","-10,379,000","140,687,000","36,321,000","-65,181,000","71,612,000","152,728,000","4,666,000","-84,691,000","-63,167,000","75,748,000","-4,215,000","-39,933,000","-26,291,000","107,612,000","7,388,000","-53,280,000","-56,749,000","91,549,000","14,688,000","-43,782,000","-9,029,000","54,132,000","5,530,000","-55,125,000","-29,982,000","132,903,000","11,060,000","-26,504,000","2,315,000","170,831,000","12,270,000","-24,564,000","-13,852,000","108,873,000","13,179,000","-29,885,000","-10,697,000","111,427,000","16,692,000","-31,534,000","-19,908,000","103,173,000","20,678,000","-32,526,000","-25,534,000","107,246,000","6,638,000","-30,456,000","-997,000","94,479,000","18,643,000","-26,685,000","-600,000","96,200,000","19,200,000","-21,800,000","5,800,000","94,300,000","19,800,000","-23,500,000","-12,800,000","83,900,000","14,400,000","-17,000,000","-13,400,000","83,900,000","19,400,000","-15,700,000","-13,700,000","80,600,000","11,500,000","-12,300,000","-11,300,000","71,400,000","12,700,000","-10,000,000","-11,200,000","73,800,000","10,500,000","-11,200,000","-11,400,000","52,000,000","10,400,000","-8,100,000","-8,300,000","40,900,000","11,800,000","-8,400,000","-7,500,000","42,300,000","6,000,000","-7,400,000","-7,200,000","40,000,000","6,100,000",,,,,,,,,
	NetIncome,"-26,611,000","-88,509,000","-27,219,000","147,987,000","-58,870,000","-110,416,000","-105,453,000","-136,261,000","-132,552,000","-215,977,000","2,785,000","189,955,000","63,298,000","-83,673,000","-22,497,000","213,307,000","19,243,000","-83,400,000","57,547,000","191,315,000","31,368,000","-64,754,000","-6,796,000","174,987,000","57,983,000","-48,486,000","-25,679,000","164,151,000","57,583,000","-83,833,000","-18,049,000","161,902,000","43,902,000","-83,540,000","-20,484,000","190,424,000","47,390,000","-109,126,000","-10,379,000","140,688,000","36,322,000","-65,182,000","71,612,000","152,730,000","4,666,000","-84,692,000","-63,167,000","75,748,000","-4,215,000","-39,933,000","-26,292,000","107,614,000","7,388,000","-53,281,000","-56,749,000","91,549,000","14,688,000","-43,782,000","-9,029,000","54,132,000","5,530,000","-55,125,000","-29,982,000","132,903,000","11,060,000","-26,504,000","2,315,000","170,831,000","12,270,000","-24,564,000","-13,852,000","108,873,000","13,179,000","-29,885,000","-10,697,000","111,427,000","16,692,000","-31,534,000","-19,908,000","103,173,000","20,678,000","-32,526,000","-25,534,000","107,246,000","6,638,000","-30,456,000","-997,000","94,479,000","18,643,000","-26,685,000","-600,000","96,200,000","19,200,000","-21,800,000","5,800,000","94,300,000","19,800,000","-23,500,000","-12,800,000","83,900,000","14,400,000","-17,000,000","-13,400,000","83,900,000","19,400,000","-15,700,000","-13,700,000","80,600,000","11,500,000","-12,300,000","-11,300,000","71,400,000","12,700,000","-10,000,000","-11,200,000","73,800,000","10,500,000","-11,200,000","-11,400,000","52,000,000","10,400,000","-8,100,000","-8,300,000","40,900,000","11,800,000","-8,400,000","-7,500,000","42,300,000","6,000,000","-7,400,000","-7,200,000","40,000,000","6,100,000",,,,,,,,,
		NetIncomeIncludingNoncontrollingInterests,"-26,611,000","-88,509,000","-27,219,000","147,987,000","-58,870,000","-110,416,000","-105,453,000","-136,261,000","-132,552,000","-215,977,000","2,785,000","189,955,000","63,298,000","-83,673,000","-22,497,000","213,307,000","19,243,000","-83,400,000","57,547,000","191,315,000","31,368,000","-64,754,000","-6,796,000","174,987,000","57,983,000","-48,486,000","-25,679,000","164,151,000","57,583,000","-83,833,000","-18,049,000","161,902,000","43,902,000","-83,540,000","-20,484,000","190,424,000","47,390,000","-109,126,000","-10,379,000","140,688,000","36,322,000","-65,182,000","-546,000","152,730,000","4,666,000","-84,692,000","-63,167,000","75,748,000","-4,215,000","-39,933,000","-26,292,000","107,614,000","7,388,000","-53,281,000","-56,749,000","91,549,000","14,688,000","-43,782,000","-9,029,000","54,132,000","5,530,000","-55,125,000","-29,982,000","132,903,000","11,060,000","-26,504,000","2,315,000","170,831,000","12,270,000","-24,564,000","-13,852,000","108,873,000","13,179,000","-29,885,000","-10,697,000","111,427,000","16,692,000","-31,534,000","-19,908,000","103,173,000","20,678,000","-32,526,000","-25,534,000","107,246,000","6,638,000","-30,456,000","-997,000","94,479,000","18,643,000","-26,685,000","-600,000","96,200,000","19,200,000","-21,800,000","5,800,000","94,300,000","19,800,000","-23,500,000","-12,800,000","83,900,000","14,400,000","-17,000,000","-13,400,000","83,900,000","19,400,000","-15,700,000","-13,700,000","80,600,000","11,500,000","-12,300,000","-11,300,000","71,400,000","12,700,000","-10,000,000","-11,200,000","73,800,000","10,500,000","-11,200,000","-11,400,000","52,000,000","10,400,000","-8,100,000","-8,300,000","40,900,000","11,800,000","-8,400,000","-7,500,000","42,300,000","6,000,000","-7,400,000","-7,200,000","40,000,000","6,100,000","-7,400,000","500,000","31,700,000","4,800,000","-7,400,000","-6,900,000","30,100,000","1,800,000","-12,100,000"
			NetIncomeContinuousOperations,"-26,611,000","-88,509,000","-27,219,000","147,987,000","-58,870,000","-110,416,000","-105,453,000","-136,261,000","-132,552,000","-215,977,000","2,785,000","189,955,000","63,298,000","-83,673,000","-22,497,000","213,307,000","19,243,000","-83,400,000","57,547,000","191,315,000","31,368,000","-64,754,000","-6,796,000","174,987,000","57,983,000","-48,486,000","-25,679,000","164,151,000","57,583,000","-83,833,000","-18,049,000","161,902,000","43,902,000","-83,540,000","-20,484,000","190,424,000","47,390,000","-109,126,000","-10,379,000","140,688,000","36,322,000","-65,182,000","-546,000","152,730,000","4,666,000","-84,692,000","-63,167,000","75,748,000","-4,215,000","-39,933,000","-26,292,000","107,614,000","7,388,000","-53,281,000","-56,749,000","91,549,000","14,688,000","-43,782,000","-9,029,000","54,132,000","5,530,000","-55,124,000","-29,982,000","132,903,000","11,060,000","-26,504,000","2,315,000","170,831,000","12,270,000","-24,564,000","-13,852,000","108,873,000","13,179,000","-29,885,000","-10,697,000","111,427,000","16,692,000","-31,534,000","-19,908,000","103,173,000","20,678,000","-32,526,000","-25,534,000","107,246,000","6,638,000","-30,456,000","-997,000","94,479,000","18,643,000","-26,552,000","-600,000","96,200,000","19,200,000","-21,800,000","5,800,000","94,300,000","19,800,000","-23,500,000","-12,800,000","83,900,000","14,400,000","-17,000,000","-13,400,000","83,900,000","19,400,000","-15,700,000","-13,700,000","80,600,000","11,500,000","-12,300,000","-11,300,000","71,400,000","12,700,000","-10,000,000","-11,200,000","73,800,000","10,500,000","-11,200,000","-11,400,000","52,000,000","10,400,000","-8,100,000","-8,300,000","40,900,000","11,800,000","-8,400,000","-7,500,000","42,300,000","6,000,000","-7,400,000","-7,200,000","40,000,000","6,100,000","-7,400,000","500,000","31,700,000","4,800,000","-7,400,000","-6,900,000","30,100,000","1,800,000","-12,100,000"
			NetIncomeDiscontinuousOperations,,,,,,,,,,,,,,,,,,,,,,,,,,,,,,,,,,,,,,,,,,,,,,,,,,,,,,,,,,,,,,"-1,000",,,,,,,,,,,,,,,,,,,,,,,,,,,,,,,,,,,,,,,,,,,,,,,,,,,,,,,,,,,,,,,,,,,,,,,,,,,,,,,,
			NetIncomeFromTaxLossCarryforward,,,,,,,,,,,,,,,,,,,,,,,,,,,,,,,,,,,,,,,,,,,,,,,,,,,,,,,,,,,,,,,,,,,,,,,,,,,,,,,,,,,,,,,,,,"-133,000",,,,,,,,,,,,,,,,,,,,,,,,,,,,,,,,,,,,,,,,,,,,,,,,,,,,
		MinorityInterests,,,,,,,,,,,,,,,,,,,,,,,,,,,,,,,,,,,,,,,,,,,,,,,,,,"0",,,,,,,,,,,,,,,,,,,,,,,,,,,,,,,,,,,,,,,,,,,,,,,,,,,,,,,,,,,,,,,,,,,,,,,,,,,,,,,,,,,,,,,,,,,,
	PreferredStockDividends,,"-1,000",,"2,000","-1,000","-1,000","-1,000","-1,000","-2,000","-2,000","0","2,000","1,000","-1,000","-1,000","3,000",,"-1,000","1,000","1,000","1,000","-1,000","0","2,000",,,"-1,000","2,000","1,000","-1,000","0","2,000","1,000","-1,000","0","2,000",,"-1,000","0","1,000","1,000","-1,000","0","2,000",,"-1,000",,,,,,"2,000",,,,,,,,,,,,,,,,,,,,,,,,,,,,,,,,,,,,,,,,,,,,,,,,,,,,,,,,,,,,,,,,,,,,,,,,,,,,,,,,,,,,,,,,,,
	OtherunderPreferredStockDividend,,,,,,,,,,,,,,,,,,,,,,,,,,,,,,,,,,,,,,,,,,,,,,,,,,,,,,"-1,000",,,,,,,,,,,,,,,,,,,,,,,,,,,,,,,,,,,,,,,,,,,,,,,,,,,,,,,,,,,,,,,,,,,,,,,,,,,,,,,,,,,,,,,,
DilutedNIAvailtoComStockholders,"-26,611,000","-88,508,000","-27,219,000","147,985,000","-58,869,000","-110,415,000","-105,452,000","-136,260,000","-132,550,000","-215,975,000","2,785,000","189,953,000","63,297,000","-83,672,000","-22,496,000","213,304,000","19,243,000","-83,399,000","57,546,000","191,314,000","31,367,000","-64,753,000","-6,796,000","174,985,000","57,983,000","-48,486,000","-25,678,000","164,149,000","57,582,000","-83,832,000","-18,049,000","161,900,000","43,901,000","-83,539,000","-20,484,000","190,422,000","47,390,000","-109,125,000","-10,379,000",,,,,,,,"-63,167,000","75,748,000","-4,215,000","-39,933,000","-26,291,000","107,612,000","7,388,000","-53,280,000","-56,749,000","91,549,000","14,688,000","-43,782,000","-9,029,000","54,132,000","5,530,000","-55,125,000","-29,982,000","132,903,000","11,060,000","-26,504,000","2,315,000","170,831,000","12,270,000","-24,564,000","-13,852,000","108,873,000","13,179,000","-29,885,000","-10,697,000","111,427,000","16,692,000","-31,534,000","-19,908,000","103,173,000","20,678,000","-32,526,000","-25,534,000","107,246,000","6,638,000","-30,456,000","-997,000","94,479,000","18,643,000","-26,685,000","-600,000","96,200,000","19,200,000","-21,800,000","5,800,000","94,300,000","19,800,000","-23,500,000","-12,800,000","83,900,000","14,400,000","-17,000,000","-13,400,000","83,900,000","19,400,000","-15,700,000","-13,700,000","80,600,000","11,500,000","-12,300,000","-11,300,000","71,400,000","12,700,000","-10,000,000","-11,200,000","73,800,000","10,500,000","-11,200,000","-11,400,000","52,000,000","10,400,000","-8,100,000","-8,300,000","40,900,000","11,800,000","-8,400,000","-7,500,000","42,300,000","6,000,000","-7,400,000","-7,200,000","40,000,000","6,100,000",,,,,,,,,
BasicEPS,,"-1.56","-0.479","2.61","-1.04","-1.95","-1.86","-2.41","-2.35","-3.83","0.049","3.36","1.12","-1.49","-0.4","3.79","0.34","-1.49","1.03","3.41","0.56","-1.16","-0.12","3.13","1.04","-0.87","-0.46","2.94","1.03","-1.5","-0.32","2.92","0.79","-1.51","-0.37","3.43","0.85","-1.95","-0.19","2.53","0.65","-1.18",,"2.76","0.08","-1.53",,"1.37","-0.08","-0.722",,"1.95","0.13","-0.97",,"1.66","0.27","-0.81",,"1","0.1","-1.02",,"2.46","0.21","-0.49",,"3.18","0.23","-0.46",,"2.06","0.26","-0.59",,"2.2","0.33","-0.62",,"2.04","0.41","-0.64",,"2.12","0.13","-0.6",,"1.84","0.36","-0.51",,"1.84","0.37","-0.42",,"1.84","0.38","-0.46",,"1.81","0.31","-0.37",,"1.8","0.42","-0.34",,"1.76","0.26","-0.28",,"1.59","0.29","-0.23",,"1.64","0.24","-0.25",,"1.17","0.25","-0.19",,"0.96","0.28","-0.2",,"0.99","0.14","-0.18",,"0.94","0.15","-0.18",,"0.74","0.11","-0.18",,"0.71","0.06","-1.17"
DilutedEPS,,"-1.56","-0.479","2.6","-1.04","-1.95","-1.86","-2.41","-2.35","-3.83","0.049","3.34","1.11","-1.49","-0.4","3.76","0.34","-1.49","1.01","3.38","0.55","-1.16","-0.12","3.1","1.03","-0.87","-0.46","2.92","1.02","-1.5","-0.32","2.9","0.79","-1.51","-0.37","3.41","0.85","-1.95","-0.19","2.51","0.65","-1.18",,"2.74","0.08","-1.53",,"1.36","-0.08","-0.722",,"1.92","0.13","-0.97",,"1.65","0.26","-0.81",,"0.98","0.1","-1.02",,"2.42","0.2","-0.49",,"3.11","0.22","-0.46",,"2.02","0.25","-0.59",,"2.16","0.33","-0.62",,"2.01","0.4","-0.64",,"2.1","0.13","-0.6",,"1.83","0.36","-0.51",,"1.83","0.37","-0.42",,"1.79","0.37","-0.46",,"1.81","0.31","-0.37",,"1.8","0.42","-0.34",,"1.76","0.26","-0.28",,"1.59","0.29","-0.23",,"1.64","0.24","-0.25",,"1.17","0.25","-0.19",,"0.96","0.28","-0.2",,"0.99","0.14","-0.18",,"0.94","0.15","-0.18",,"0.74","0.11","-0.18",,"0.71","0.06","-1.17"
BasicAverageShares,,"56,678,000","56,854,000","56,628,000","56,604,808","56,552,000","56,706,000","56,497,000","56,494,000","56,414,000","56,666,000","56,519,000","56,474,000","56,310,000","56,232,000","56,231,000","56,231,000","56,150,000","56,079,000","56,078,000","56,076,000","56,008,000","55,955,000","55,948,000","55,940,000","55,877,000","55,811,000","55,770,000","55,734,000","55,820,000","55,606,000","55,439,000","55,419,000","55,500,000","55,488,000","55,485,000","55,484,000","55,854,000","55,751,000","55,611,000","55,481,000","55,378,000",,"55,346,000","55,346,000","55,343,000",,"55,328,000","55,324,000","55,324,000",,"55,208,000","55,195,000","55,127,000",,"55,058,000","54,995,000","54,330,000",,"54,220,000","54,208,000","54,129,000",,"53,968,000","53,912,000","53,853,000",,"53,737,000","53,619,000","53,487,000",,"52,779,000","50,810,000","50,679,000",,"50,630,000","50,605,000","50,575,000",,"50,514,000","50,514,000","50,514,000",,"50,592,000","51,086,000","50,805,000",,"51,350,000","51,573,000","51,658,000",,"52,282,609","51,891,892","51,904,762",,"51,250,000","52,105,263","51,086,957",,"46,353,591","46,451,613","45,945,946",,"46,611,111","46,190,476","46,176,471",,"45,795,455","44,230,769","43,928,571",,"44,905,660","43,793,103","43,478,261",,"45,000,000","43,750,000","44,800,000",,"44,444,444","41,600,000","42,631,579",,"42,604,167","42,142,857","42,000,000",,"42,727,273","42,857,143","41,111,111",,"42,553,191","40,666,667","42,324,000",,"42,324,000","42,324,000","42,324,000",,"42,324,000","42,324,000","42,324,000"
DilutedAverageShares,,"56,678,000","56,854,000","57,009,000","56,604,808","56,552,000","56,706,000","56,497,000","56,494,000","56,414,000","56,666,000","56,931,000","56,886,000","56,310,000","56,232,000","56,696,000","56,727,000","56,150,000","56,830,000","56,591,000","56,598,000","56,008,000","55,955,000","56,365,000","56,358,000","55,877,000","55,811,000","56,282,000","56,285,000","55,820,000","55,606,000","55,855,000","55,824,000","55,500,000","55,488,000","55,863,000","55,822,000","55,854,000","55,751,000","55,992,000","55,818,000","55,378,000",,"55,828,000","55,825,000","55,343,000",,"55,772,000","55,324,000","55,324,000",,"55,924,000","55,905,000","55,127,000",,"55,453,000","55,603,000","54,330,000",,"55,068,000","55,048,000","54,129,000",,"54,964,000","54,963,000","53,853,000",,"54,994,000","54,917,000","53,487,000",,"53,860,000","51,981,000","50,679,000",,"51,429,000","51,286,000","50,575,000",,"51,224,000","51,260,000","51,269,000",,"50,925,000","51,519,000","50,805,000",,"51,673,000","52,053,000","52,162,000",,"52,568,306","51,891,892","53,170,732",,"52,681,564","53,513,514","53,409,091",,"46,353,591","46,451,613","47,222,222",,"46,611,111","46,190,476","46,176,471",,"45,795,455","44,230,769","43,928,571",,"44,905,660","43,793,103","43,478,261",,"45,000,000","43,750,000","44,800,000",,"44,444,444","41,600,000","42,631,579",,"42,604,167","42,142,857","42,000,000",,"42,727,273","42,857,143","41,111,111",,"42,553,191","40,666,667","42,324,000",,"42,324,000","42,324,000","42,324,000",,"42,324,000","42,324,000","42,324,000"
TotalOperatingIncomeAsReported,"156,621,000","-83,772,000","29,071,000","249,755,000","-38,433,000","-92,058,000","-108,843,000","-137,114,000","-142,088,000","-183,963,000","16,812,000","275,322,000","102,244,000","-84,939,000","39,345,000","258,572,000","68,249,000","-75,647,000","19,720,000","256,139,000","95,313,000","-75,961,000","20,104,000","267,795,000","94,858,000","-65,818,000","-5,755,000","277,692,000","93,027,000","-69,633,000","5,129,000","252,933,000","91,847,000","-71,577,000","3,903,000","266,723,000","97,455,000","-66,320,000","11,025,000","204,041,000","86,905,000","-69,096,000","7,055,000","246,581,000","52,404,000","-67,272,000","-58,079,000","234,587,000","37,778,000","-60,557,000","-19,824,000","220,964,000","40,677,000","-56,274,000","-79,379,000","215,252,000","54,454,000","-56,404,000","-19,634,000","184,928,000","40,159,000","-50,882,000","-1,883,000","229,201,000","19,872,000","-27,694,000","6,233,000","136,173,000","22,361,000","-27,445,000","-6,165,000","125,186,000","22,894,000","-24,085,000","-4,048,000","125,970,000","27,552,000","-24,325,000","-4,052,000","118,739,000","32,338,000","-19,372,000","-18,170,000","123,255,000","17,387,000","-23,915,000","1,654,000","116,972,000","28,780,000","-21,684,000","-200,000","108,300,000","28,300,000","-17,400,000","9,100,000","105,500,000","28,400,000","-19,200,000","-11,200,000","85,700,000","16,900,000","-15,100,000","-12,200,000","85,300,000","21,800,000","-13,900,000","-12,500,000","82,300,000","13,800,000","-10,700,000",,,,"-10,000,000","-9,900,000","64,400,000","12,400,000","-9,500,000","-9,800,000","53,600,000","12,100,000","-6,700,000","-7,100,000","42,400,000","13,800,000","-6,600,000","-6,000,000","44,100,000","8,200,000","-5,900,000","-5,500,000","41,800,000","8,800,000",,,,,,,,,
TotalExpenses,"1,260,065,000","181,059,000","317,121,000","501,252,000","260,633,000","100,263,000","143,115,000","208,037,000","147,638,000","142,650,000","239,284,000","437,515,000","333,264,000","151,109,000","208,332,000","401,884,000","308,695,000","129,034,000","198,771,000","397,080,000","297,301,000","122,753,000","164,657,000","381,133,000","291,761,000","121,644,000","161,234,000","361,192,000","283,601,000","113,547,000","148,608,000","340,910,000","271,873,000","111,046,000","134,901,000","332,459,000","264,136,000","107,519,000","118,699,000","324,404,000","271,563,000","97,202,000","136,301,000","324,807,000","232,086,000","93,945,000","122,723,000","310,413,000","236,419,000","87,873,000","120,868,000","298,761,000","223,449,000","82,710,000","103,240,000","325,070,000","241,780,000","96,806,000","135,081,000","382,585,000","233,855,000","80,881,000","121,749,000","312,948,000","125,557,000","51,639,000","71,796,000","180,852,000","126,491,000","52,246,000","74,324,000","180,416,000","122,107,000","47,295,000","65,098,000","156,242,000","117,663,000","45,824,000","61,885,000","154,774,000","115,231,000","43,308,000","66,189,000","162,380,000","106,278,000","43,852,000","4,464,000","149,851,000","100,724,000","42,232,000","3,400,000","132,400,000","95,900,000","40,600,000","28,900,000","128,700,000","92,100,000","37,200,000","19,900,000","89,100,000","62,300,000","16,500,000","15,100,000","82,200,000","58,000,000","14,200,000","14,200,000","78,900,000","41,100,000","11,100,000",,,,"10,400,000","10,300,000","62,600,000","38,800,000","9,800,000","10,100,000","57,200,000","29,500,000","7,000,000","7,500,000","41,700,000","29,400,000","6,900,000","6,500,000","44,200,000","24,700,000","6,200,000","6,000,000","42,800,000","25,700,000",,,,,,,,,
NetIncomeFromContinuingAndDiscontinuedOperation,"-26,611,000","-88,509,000","-27,219,000","147,987,000","-58,870,000","-110,416,000","-105,453,000","-136,261,000","-132,552,000","-215,977,000","2,785,000","189,955,000","63,298,000","-83,673,000","-22,497,000","213,307,000","19,243,000","-83,400,000","57,547,000","191,315,000","31,368,000","-64,754,000","-6,796,000","174,987,000","57,983,000","-48,486,000","-25,679,000","164,151,000","57,583,000","-83,833,000","-18,049,000","161,902,000","43,902,000","-83,540,000","-20,484,000","190,424,000","47,390,000","-109,126,000","-10,379,000","140,688,000","36,322,000","-65,182,000","71,612,000","152,730,000","4,666,000","-84,692,000","-63,167,000","75,748,000","-4,215,000","-39,933,000","-26,292,000","107,614,000","7,388,000","-53,281,000","-56,749,000","91,549,000","14,688,000","-43,782,000","-9,029,000","54,132,000","5,530,000","-55,125,000","-29,982,000","132,903,000","11,060,000","-26,504,000","2,315,000","170,831,000","12,270,000","-24,564,000","-13,852,000","108,873,000","13,179,000","-29,885,000","-10,697,000","111,427,000","16,692,000","-31,534,000","-19,908,000","103,173,000","20,678,000","-32,526,000","-25,534,000","107,246,000","6,638,000","-30,456,000","-997,000","94,479,000","18,643,000","-26,552,000","-600,000","96,200,000","19,200,000","-21,800,000","5,800,000","94,300,000","19,800,000","-23,500,000","-12,800,000","83,900,000","14,400,000","-17,000,000","-13,400,000","83,900,000","19,400,000","-15,700,000","-13,700,000","80,600,000","11,500,000","-12,300,000","-11,300,000","71,400,000","12,700,000","-10,000,000","-11,200,000","73,800,000","10,500,000","-11,200,000","-11,400,000","52,000,000","10,400,000","-8,100,000","-8,300,000","40,900,000","11,800,000","-8,400,000","-7,500,000","42,300,000","6,000,000","-7,400,000","-7,200,000","40,000,000","6,100,000",,,,,,,,,
NormalizedIncome,"-27,278,200","-98,899,819.634","-19,810,230","159,080,371.81","-69,881,752.209","-117,235,470.899","-128,865,999.811","-131,579,261.272","-139,097,081.863","-94,591,412.066","-5,945,800","198,859,662.709","64,912,637.212","-84,870,081.354","6,359,900","203,978,515.577","31,981,500","-76,182,496.905","64,672,600","169,174,566.347","47,006,968.662","-65,345,009.008","-3,121,000","182,596,825.359","54,618,233.124","-59,278,685.831","-10,557,219.138","192,263,105.05","51,504,094.328","-57,024,510.641","-2,092,150","178,495,604.572","54,342,581.327","-69,919,994.2","-12,952,200","179,430,025.961","57,535,713.463","-68,921,565.204","-7,606,100","147,837,165.42","42,635,547.904","-72,011,299.155","63,191,250","164,904,971.109","5,828,200","-87,856,652.022","-25,599,312.563","94,841,750","-1,979,000","-35,046,950","-19,422,150","110,721,000","7,256,509.201","-53,279,748.508","-698,850","95,686,250","17,205,314.157","-44,181,750","-658,300","80,772,900","5,646,350","-55,045,631.144","-29,985,751.032","136,157,718.706","11,060,000","-26,504,000","2,315,000","170,831,000","12,270,000","-24,900,694.12","-13,696,600","108,793,574.638","12,734,755.876","-29,600,600","-10,562,000","111,536,515.54","17,747,663.318","-30,677,200","-14,697,600","104,711,565.686","21,774,346.543","-30,629,400","-25,534,000","104,393,527.435","8,786,709.766","-29,145,000","-1,003,600","101,627,904.311","18,643,000","-26,552,000","-600,000","96,200,000","19,200,000","-21,800,000","5,800,000","94,300,000","19,800,000","-23,500,000","-12,800,000","83,900,000","14,400,000","-17,000,000","-13,400,000","83,900,000","19,400,000","-15,700,000","-13,700,000","80,600,000","11,500,000","-12,300,000","-11,300,000","71,400,000","12,700,000","-10,960,000","-11,200,000","73,800,000","10,500,000","-11,200,000","-11,400,000","52,000,000","10,400,000","-8,100,000","-8,300,000","40,900,000","11,800,000","-8,400,000","-7,500,000","42,300,000","6,000,000","-7,400,000","-7,200,000","40,000,000","6,040,000",,,,,,,,,
InterestIncome,,,,,,,,,,,,,,,,,,,,,"16,000","32,000","93,000","58,000","8,000","18,000","15,000","4,000","5,000","40,000",,,,,,,,,,,,,,,,,,,,,,,,,,,,,,,,,,,,,,,,,,,,,,,,,,,,,,,,,,,,,,,,,,,,,,,,,,,,,,,,,,,,,,,,,,,,,,,,,,,,,,,,,,,,,,,,
InterestExpense,"178,059,000","38,123,000","47,661,000","46,270,000","46,005,000","44,096,000","46,328,000","40,376,000","36,746,000","27,219,000","28,550,000","27,967,000","22,927,000","20,920,000","23,124,000","21,464,000","21,337,000","19,762,000","23,131,000","21,638,000","21,920,000","18,914,000","21,994,000","20,957,000","21,125,000","19,787,000","22,685,000","22,159,000","21,473,000","20,532,000","22,185,000","21,462,000","27,907,000","24,732,000","25,918,000","25,529,000","25,861,000","25,763,000","26,717,000","26,863,000","30,236,000","26,803,000","32,535,000","41,353,000","42,185,000","41,112,000","46,399,000","41,487,000","32,785,000","29,614,000","33,712,000","31,183,000","30,909,000","28,902,000",,,,,,,,,,,,,,,,,,,,,,,,,,,,,,,,,,,,,,,,,,,,,,,,,,,,,,,,,,,,,,,,,,,,,,,,,,,,,,,,,,,,,,,,
NetInterestIncome,"-178,059,000","-38,123,000","-47,661,000","-46,270,000","-46,005,000","-44,096,000","-46,328,000","-40,376,000","-36,746,000","-27,219,000","-28,550,000","-27,967,000","-22,927,000","-20,920,000","-23,124,000","-21,464,000","-21,337,000","-19,762,000","-23,131,000","-21,638,000","-21,904,000","-18,882,000","-21,901,000","-20,899,000","-21,117,000","-19,769,000","-22,670,000","-22,155,000","-21,468,000","-20,492,000","-22,185,000","-21,462,000","-27,907,000","-24,732,000","-25,918,000","-25,529,000","-25,861,000","-25,763,000","-26,717,000","-26,863,000","-30,236,000","-26,803,000","-32,535,000","-41,353,000","-42,185,000","-41,112,000","-46,399,000","-41,487,000","-32,785,000","-29,614,000","-33,712,000","-31,183,000","-30,909,000","-28,902,000",,,,,,,,,,,,,,,,,,,,,,,,,,,,,,,,,,,,,,,,,,,,,,,,,,,,,,,,,,,,,,,,,,,,,,,,,,,,,,,,,,,,,,,,
EBIT,"168,630,000","-69,536,000","23,618,000","238,021,000","-23,473,000","-82,617,000","-80,884,000","-126,278,000","-132,562,000","-237,765,000","30,618,000","266,737,000","100,901,000","-82,738,000","2,069,000","273,541,000","54,310,000","-82,837,000","18,021,000","286,700,000","71,029,000","-73,559,000","21,277,000","258,862,000","100,911,000","-48,081,000","-18,636,000","245,244,000","102,350,000","-107,695,000","-12,319,000","232,767,000","78,997,000","-89,059,000","-8,349,000","273,978,000","84,911,000","-119,022,000","6,308,000","219,264,000","77,779,000","-59,918,000","21,499,000","232,244,000","50,616,000","-63,179,000","-50,903,000","205,212,000","35,728,000","-68,074,000","-25,867,000","216,372,000","40,854,000","-56,246,000","-78,970,000","215,252,000","54,454,000","-56,404,000","-19,634,000","184,928,000","40,159,000","-50,882,000","-1,883,000","229,201,000","19,872,000","-27,694,000","6,233,000","136,173,000","22,361,000","-27,445,000","-6,165,000","125,186,000","22,894,000","-24,085,000","-4,048,000","125,970,000","27,552,000","-24,325,000","-4,052,000","118,739,000","32,338,000","-19,372,000","-18,170,000","123,255,000","17,387,000","-23,915,000","1,654,000","116,972,000","28,780,000","-21,684,000","-200,000","108,300,000","28,300,000","-17,400,000","9,100,000","105,500,000","28,400,000","-19,200,000","-11,200,000","85,700,000","16,900,000","-15,100,000","-12,200,000","85,300,000","21,800,000","-13,900,000","-12,500,000","82,300,000","13,800,000","-10,700,000","-129,700,000","142,100,000","55,300,000","-10,000,000","-9,900,000","64,400,000","12,400,000","-9,500,000","-9,800,000","53,600,000","12,100,000","-6,700,000","-7,100,000","42,400,000","13,800,000","-6,600,000","-6,000,000","44,100,000","8,200,000","-5,900,000","-5,500,000","41,800,000","8,800,000","400,000","-72,900,000","71,200,000","31,200,000","300,000","-72,400,000","69,100,000","33,100,000","300,000"
EBITDA,"325,579,000"
ReconciledCostOfRevenue,"120,984,000","10,824,000","27,028,000","59,502,000","23,630,000","2,306,000","7,963,000","11,638,000","2,005,000","6,385,000","20,332,000","58,475,000","39,808,000","7,649,000","19,821,000","53,891,000","35,018,000","6,003,000","18,435,000","52,647,000","34,249,000","5,480,000","13,748,000","52,057,000","34,566,000","6,237,000","13,959,000","52,174,000","33,106,000","5,588,000","12,321,000","46,812,000","31,090,000","4,985,000","9,839,000","45,843,000","31,053,000","5,037,000","-369,710,000","210,664,000","178,722,000","75,372,000","91,369,000","210,210,000","152,089,000","69,240,000","422,199,000","45,591,000","26,350,000","66,633,000","77,575,000","202,213,000","142,948,000","64,932,000","-336,630,000","200,998,000","152,567,000","73,691,000","88,175,000","210,183,000","150,827,000","62,494,000","89,129,000","204,498,000","87,147,000","39,692,000","51,615,000","122,790,000","87,623,000","39,221,000","54,990,000","124,185,000","85,242,000","34,366,000","47,168,000","107,019,000","80,817,000","34,607,000","45,457,000","108,206,000","79,769,000","36,085,000","44,816,000","115,730,000","71,885,000","31,827,000","2,534,000","102,908,000","72,522,000","32,398,000","2,000,000","91,900,000","68,900,000","30,200,000","23,600,000","90,700,000","66,000,000","30,300,000","15,500,000","61,900,000","44,100,000","13,300,000","12,200,000","57,000,000","40,900,000","11,300,000","11,700,000","63,700,000","19,400,000","9,000,000",,,,"8,200,000","8,000,000","43,900,000","26,600,000","7,400,000","8,100,000","40,100,000","20,500,000","5,300,000","5,800,000","28,700,000","20,300,000","5,300,000","5,100,000","31,000,000","16,700,000","4,700,000","4,700,000","30,000,000","4,500,000",,,,,,,,,
ReconciledDepreciation,"156,949,000","9,599,000","35,897,000","77,461,000","33,992,000","1,453,000","30,102,000","67,436,000","54,923,000","5,088,000","32,628,000","68,335,000","55,904,000","13,589,000","23,415,000","74,374,000","52,219,000","5,521,000","26,985,000","70,060,000","50,812,000","5,365,000","13,701,000","64,685,000","48,299,000","5,191,000","15,456,000","59,059,000","47,105,000","4,011,000","14,761,000","58,244,000","46,974,000","4,307,000","14,174,000","57,495,000","46,032,000","4,786,000","14,183,000","60,747,000","48,330,000","3,846,000","14,632,000","62,619,000","42,764,000","3,790,000","15,172,000","63,746,000","43,989,000","3,889,000","19,141,000","66,413,000","42,977,000","4,214,000","14,580,000","60,986,000","44,089,000","6,183,000","13,448,000","67,204,000","45,653,000","4,318,000","12,699,000","56,312,000","18,218,000","3,474,000","6,723,000","28,102,000","17,486,000","3,454,000","6,718,000","24,425,000","16,104,000","3,443,000","5,941,000","20,091,000","15,443,000","3,218,000","5,270,000","18,596,000","14,516,000","3,300,000","5,080,000","21,424,000","12,900,000","3,082,000","1,545,000","22,947,000","11,831,000","3,249,000","800,000","19,000,000","12,000,000","3,300,000","2,400,000","16,700,000","10,500,000","2,500,000","700,000","12,300,000","8,200,000","300,000","400,000","11,000,000","7,600,000","100,000","100,000","1,800,000","14,700,000","100,000",,,,"100,000","100,000","8,800,000","5,500,000","100,000","0","8,100,000","4,200,000","100,000","100,000","6,000,000","4,200,000",,"0","6,000,000","3,700,000",,"100,000","5,600,000","3,400,000",,,,,,,,,
NetIncomeFromContinuingOperationNetMinorityInterest,"-26,611,000","-88,509,000","-27,219,000","147,987,000","-58,870,000","-110,416,000","-105,453,000","-136,261,000","-132,552,000","-215,977,000","2,785,000","189,955,000","63,298,000","-83,673,000","-22,497,000","213,307,000","19,243,000","-83,400,000","57,547,000","191,315,000","31,368,000","-64,754,000","-6,796,000","174,987,000","57,983,000","-48,486,000","-25,679,000","164,151,000","57,583,000","-83,833,000","-18,049,000","161,902,000","43,902,000","-83,540,000","-20,484,000","190,424,000","47,390,000","-109,126,000","-10,379,000","140,688,000","36,322,000","-65,182,000","71,612,000","152,730,000","4,666,000","-84,692,000","-63,167,000","75,748,000","-4,215,000","-39,933,000","-26,292,000","107,614,000","7,388,000","-53,281,000","-56,749,000","91,549,000","14,688,000","-43,782,000","-9,029,000","54,132,000","5,530,000","-55,124,000","-29,982,000","132,903,000","11,060,000","-26,504,000","2,315,000","170,831,000","12,270,000","-24,564,000","-13,852,000","108,873,000","13,179,000","-29,885,000","-10,697,000","111,427,000","16,692,000","-31,534,000","-19,908,000","103,173,000","20,678,000","-32,526,000","-25,534,000","107,246,000","6,638,000","-30,456,000","-997,000","94,479,000","18,643,000","-26,552,000","-600,000","96,200,000","19,200,000","-21,800,000","5,800,000","94,300,000","19,800,000","-23,500,000","-12,800,000","83,900,000","14,400,000","-17,000,000","-13,400,000","83,900,000","19,400,000","-15,700,000","-13,700,000","80,600,000","11,500,000","-12,300,000","-11,300,000","71,400,000","12,700,000","-10,000,000","-11,200,000","73,800,000","10,500,000","-11,200,000","-11,400,000","52,000,000","10,400,000","-8,100,000","-8,300,000","40,900,000","11,800,000","-8,400,000","-7,500,000","42,300,000","6,000,000","-7,400,000","-7,200,000","40,000,000","6,100,000",,,,,,,,,
TotalUnusualItemsExcludingGoodwill,"1,112,000","12,639,000","-10,149,000","-14,374,000","12,996,000","7,826,000","28,244,000","-5,726,000","8,360,000","-148,929,000","11,960,000","-11,193,000","-1,989,000","1,483,000","-39,530,000","11,024,000","-17,450,000","-8,879,000","-11,876,000","30,675,000","-24,484,000","844,000","-6,125,000","-10,346,000","4,630,000","15,107,000","-24,333,000","-38,205,000","8,538,000","-41,005,000","-24,549,000","-21,657,000","-12,150,000","-18,552,000","-12,553,000","14,344,000","-12,642,000","-53,342,000","-4,266,000","-9,777,000","-8,264,000","9,086,000","12,955,000","-15,217,000","-1,788,000","3,897,000","-57,869,000","-29,375,000","-3,440,000","-7,517,000","-10,569,000","-4,780,000","177,000","-2,000","-86,231,000","-6,365,000","-3,432,000","615,000","-12,878,000","-40,986,000","-179,000","-120,000","5,000","-4,643,000",,,"0",,,"459,000","-259,000","87,000","611,000","-474,000","-225,000","-119,000","-1,366,000","-1,428,000","-8,684,000","-1,675,000","-1,358,000","-3,161,000",,"3,111,000","-3,550,000","-2,185,000","11,000","-7,838,000",,,,,,,,,,,,,,,,,,,,,,,,,,"1,600,000",,,,,,,,,,,,,,,,,,,"100,000",,,,,,,,,
TotalUnusualItems,"1,112,000","12,639,000","-10,149,000","-14,374,000","12,996,000","7,826,000","28,244,000","-5,726,000","8,360,000","-148,929,000","11,960,000","-11,193,000","-1,989,000","1,483,000","-39,530,000","11,024,000","-17,450,000","-8,879,000","-11,876,000","30,675,000","-24,484,000","844,000","-6,125,000","-10,346,000","4,630,000","15,107,000","-24,333,000","-38,205,000","8,538,000","-41,005,000","-24,549,000","-21,657,000","-12,150,000","-18,552,000","-12,553,000","14,344,000","-12,642,000","-53,342,000","-4,266,000","-9,777,000","-8,264,000","9,086,000","12,955,000","-15,217,000","-1,788,000","3,897,000","-57,869,000","-29,375,000","-3,440,000","-7,517,000","-10,569,000","-4,780,000","177,000","-2,000","-86,231,000","-6,365,000","-3,432,000","615,000","-12,878,000","-40,986,000","-179,000","-120,000","5,000","-4,643,000",,,"0",,,"459,000","-259,000","87,000","611,000","-474,000","-225,000","-119,000","-1,366,000","-1,428,000","-8,684,000","-1,675,000","-1,358,000","-3,161,000",,"3,111,000","-3,550,000","-2,185,000","11,000","-7,838,000",,,,,,,,,,,,,,,,,,,,,,,,,,"1,600,000",,,,,,,,,,,,,,,,,,,"100,000",,,,,,,,,
NormalizedEBITDA,"324,467,000","-72,576,000","69,664,000","329,856,000","-2,477,000","-88,990,000","-79,026,000","-53,116,000","-85,999,000","-83,748,000","51,286,000","346,265,000","158,794,000","-70,632,000","65,014,000","336,891,000","123,979,000","-68,437,000","56,882,000","326,085,000","146,325,000","-69,038,000","41,103,000","333,893,000","144,580,000","-57,997,000","21,153,000","342,508,000","140,917,000","-62,679,000","26,991,000","312,668,000","138,121,000","-66,200,000","18,378,000","317,129,000","143,585,000","-60,894,000","24,757,000","289,788,000","134,373,000","-65,158,000","23,176,000","310,080,000","95,168,000","-63,286,000","22,138,000","298,333,000","83,157,000","-56,668,000","3,843,000","287,565,000","83,654,000","-52,030,000","21,841,000","282,603,000","101,975,000","-50,836,000","6,692,000","293,118,000","85,991,000","-46,444,000","10,811,000","290,156,000","38,090,000","-24,220,000","12,956,000","164,275,000","39,847,000","-24,450,000","812,000","149,524,000","38,387,000","-20,168,000","2,118,000","146,180,000","44,361,000","-19,679,000","9,902,000","139,010,000","48,212,000","-12,911,000","-13,090,000","141,568,000","33,837,000","-18,648,000","3,188,000","147,757,000","40,611,000","-18,435,000","600,000","127,300,000","40,300,000","-14,100,000","11,500,000","122,200,000","38,900,000","-16,700,000","-10,500,000","98,000,000","25,100,000","-14,800,000","-11,800,000","96,300,000","29,400,000","-13,800,000","-12,400,000","93,400,000","28,500,000","-10,600,000","-129,700,000","142,100,000","55,300,000","-11,500,000","-9,800,000","73,200,000","17,900,000","-9,400,000","-9,800,000","61,700,000","16,300,000","-6,600,000","-7,000,000","48,400,000","18,000,000","-6,600,000","-6,000,000","50,100,000","11,900,000","-5,900,000","-5,400,000","47,400,000","12,100,000","400,000","-72,900,000","71,200,000","31,200,000","300,000","-72,400,000","69,100,000","33,100,000","300,000"
TaxRateForCalcs,"0.4","0.178","0.27","0.228","0.153","0.129","0.171","0.182","0.217","0.185","0.27","0.204","0.188","0.193","0.27","0.154","0.27","0.187","0.4","0.278","0.361","0.3","0.4","0.264","0.273","0.286","0.379","0.264","0.288","0.346","0.35","0.234","0.141","0.266","0.4","0.234","0.197","0.246","0.35","0.269","0.236","0.248","0.35","0.2","0.35","0.188","0.351","0.35","0.35","0.35","0.35","0.35","0.257","0.374","0.35","0.35","0.267","0.35","0.35","0.35","0.35","0.347","0.25","0.299","0.065","0.24","0.4","0.4","0.209","0.266","0.4","0.087","0.273","0.4","0.4","0.08","0.227","0.4","0.4","0.081","0.193","0.4","0.4","0.083","0.395","0.4","0.4","0.088","0.192","0.4","0","0.08","0.19","0.4","0.227","0.077","0.175","0.4","0.4","0.4","0.4","0.4","0.4","0.4","0.4","0.4","0.4","0.4","0.4","0.4","0.4","0.4","0.4","0.4","0","0.4","0.4","0.4","0.4","0.4","0.4","0.4","0.4","0.4","0.4","0.4","0.4","0.4","0.4","0.4","0.4","0.4","0.4",,,,,,,,,
TaxEffectOfUnusualItems,"444,800","2,248,180.366","-2,740,230","-3,280,628.19","1,984,247.791","1,006,529.101","4,831,000.189","-1,044,261.272","1,814,918.137","-27,543,412.066","3,229,200","-2,288,337.291","-374,362.788","285,918.646","-10,673,100","1,695,515.577","-4,711,500","-1,661,496.905","-4,750,400","8,534,566.347","-8,845,031.338","252,990.992","-2,450,000","-2,736,174.641","1,265,233.124","4,314,314.169","-9,211,219.138","-10,092,894.95","2,459,094.328","-14,196,510.641","-8,592,150","-5,063,395.428","-1,709,418.673","-4,931,994.2","-5,021,200","3,350,025.961","-2,496,286.537","-13,137,565.204","-1,493,100","-2,627,834.58","-1,950,452.096","2,256,700.845","4,534,250","-3,042,028.891","-625,800","732,347.978","-20,301,312.563","-10,281,250","-1,204,000","-2,630,950","-3,699,150","-1,673,000","45,509.201","-748.508","-30,180,850","-2,227,750","-914,685.843","215,250","-4,507,300","-14,345,100","-62,650","-41,631.144","1,248.968","-1,388,281.294","0","0","0","0","0","122,305.88","-103,600","7,574.638","166,755.876","-189,600","-90,000","-9,484.46","-310,336.682","-571,200","-3,473,600","-136,434.314","-261,653.457","-1,264,400","0","258,527.435","-1,401,290.234","-874,000","4,400","-689,095.689","0","0","0","0","0","0","0","0","0","0","0","0","0","0","0","0","0","0","0","0","0","0","0","0","0","640,000","0","0","0","0","0","0","0","0","0","0","0","0","0","0","0","0","0","0","40,000",,,,,,,,,