name,ttm,04/30/2022,01/31/2022,10/31/2021,07/31/2021,04/30/2021,01/31/2021,10/31/2020,07/31/2020,04/30/2020,01/31/2020,10/31/2019,07/31/2019,04/30/2019,01/31/2019,10/31/2018,07/31/2018,04/30/2018,01/31/2018,10/31/2017,07/31/2017,04/30/2017,01/31/2017,10/31/2016,07/31/2016,04/30/2016,01/31/2016,10/31/2015,07/31/2015,04/30/2015,01/31/2015,10/31/2014,07/31/2014,04/30/2014,01/31/2014,10/31/2013,07/31/2013,04/30/2013,01/31/2013,10/31/2012,07/31/2012,04/30/2012,01/31/2012,10/31/2011,07/31/2011,04/30/2011,01/31/2011,10/31/2010,07/31/2010,04/30/2010,01/31/2010,10/31/2009,07/31/2009,04/30/2009,01/31/2009,10/31/2008,07/31/2008,04/30/2008,01/31/2008,10/31/2007,07/31/2007,04/30/2007,01/31/2007,10/31/2006,07/31/2006,04/30/2006,01/31/2006,10/31/2005,07/31/2005,04/30/2005,01/31/2005,10/31/2004,07/31/2004,04/30/2004,01/31/2004,10/31/2003,07/31/2003,04/30/2003,01/31/2003,10/31/2002,07/31/2002,04/30/2002,01/31/2002,10/31/2001,07/31/2001,04/30/2001,01/31/2001,10/31/2000,07/31/2000,04/30/2000,01/31/2000,10/31/1999,07/31/1999,04/30/1999,01/31/1999,10/31/1998,07/31/1998,04/30/1998,01/31/1998,10/31/1997,07/31/1997,04/30/1997,01/31/1997,10/31/1996,07/31/1996,04/30/1996,01/31/1996,10/31/1995,07/31/1995,04/30/1995,01/31/1995,10/31/1994,07/31/1994,04/30/1994,01/31/1994,10/31/1993,07/31/1993,04/30/1993,01/31/1993,10/31/1992,07/31/1992,04/30/1992,01/31/1992,10/31/1991,07/31/1991,04/30/1991,01/31/1991,10/31/1990,07/31/1990,04/30/1990,01/31/1990,10/31/1989,07/31/1989,04/30/1989,01/31/1989,10/31/1988,07/31/1988,04/30/1988,01/31/1988,10/31/1987,07/31/1987,04/30/1987,01/31/1987,10/31/1986,07/31/1986,04/30/1986,01/31/1986,10/31/1985
TotalRevenue,"2,404,137,000","520,748,000","727,660,000","600,546,000","555,183,000","538,695,000","636,801,000","479,280,000","391,217,000","279,232,000","677,579,000","537,263,000","486,573,000","495,651,000","176,633,000","713,069,000","653,892,000","644,959,000","930,383,000","716,759,000","616,506,000","643,368,000","883,169,000","710,822,000","625,557,000","648,793,000","932,214,000","773,898,000","655,525,000","660,597,000","892,630,000","722,915,000","615,474,000","628,825,000","792,506,000","666,332,000","574,746,000","591,388,000","796,693,000","664,458,000","543,522,000","600,144,000","723,369,000","616,525,000","470,591,000","481,502,000","560,494,000","464,838,000","363,654,000","400,853,000","479,026,000","390,302,000","334,658,000","370,366,000","451,722,000","389,767,000","353,138,000","356,935,000","466,995,000","372,496,000","327,977,000","334,651,000","476,861,000","364,298,000","304,301,000","315,018,000","406,287,000","316,336,000","275,168,000","286,085,000","352,818,000","288,398,000","245,939,000","225,526,000","252,672,000","212,483,000","179,478,000","192,746,000","249,715,000","213,157,000","174,842,000","190,593,000","222,588,000","185,772,000","166,543,000","171,918,000","215,816,000","175,593,000","142,743,000","150,999,000","173,220,000","146,000,000","125,900,000","128,700,000","154,100,000","129,800,000","132,000,000","133,800,000","154,800,000","147,000,000","120,000,000","114,200,000","134,000,000","124,100,000","103,000,000","100,200,000","119,800,000","112,000,000","109,600,000","93,200,000","125,300,000","123,200,000","141,000,000","130,600,000","144,400,000","154,100,000","146,100,000","128,400,000","150,900,000","146,100,000","130,000,000","112,900,000","125,400,000","122,100,000","118,100,000","106,200,000","130,600,000","118,600,000","117,100,000","110,000,000","139,700,000","128,000,000","119,600,000","105,000,000","128,900,000","117,400,000","114,700,000","101,800,000","112,900,000","104,000,000","96,300,000","92,600,000","128,700,000","128,700,000","128,600,000","128,600,000","138,400,000","139,800,000"
	OperatingRevenue,"2,404,137,000","520,748,000","727,660,000","600,546,000","555,183,000","538,695,000","636,801,000","479,280,000","391,217,000","279,232,000","677,579,000","537,263,000","486,573,000","495,651,000","176,633,000","713,069,000","653,892,000","644,959,000","930,383,000","716,759,000","616,506,000","643,368,000","883,169,000","710,822,000","625,557,000","648,793,000","932,214,000","773,898,000","655,525,000","660,597,000","892,630,000","722,915,000","615,474,000","628,825,000","792,506,000","666,332,000","574,746,000","591,388,000","796,693,000","664,458,000","543,522,000","600,144,000","723,369,000","616,525,000","470,591,000","481,502,000","560,494,000","464,838,000","363,654,000","400,853,000","479,026,000","390,302,000","334,658,000","370,366,000","451,722,000","389,767,000","353,138,000","356,935,000","466,995,000","372,496,000","327,977,000","334,651,000","476,861,000","364,298,000","304,301,000","315,018,000","406,287,000","316,336,000","275,168,000","286,085,000","352,818,000","288,398,000","245,939,000","225,526,000","252,672,000","212,483,000","179,478,000","192,746,000","249,715,000","213,157,000","174,842,000","190,593,000","222,588,000","185,772,000","166,543,000","171,918,000","215,816,000","175,593,000","142,743,000","150,999,000","173,220,000","146,000,000","125,900,000","128,700,000","154,100,000","129,800,000","132,000,000","133,800,000","154,800,000","147,000,000","120,000,000","114,200,000","134,000,000","124,100,000","103,000,000","100,200,000","119,800,000","112,000,000","109,600,000","93,200,000","125,300,000","123,200,000","141,000,000","130,600,000","144,400,000","154,100,000","146,100,000","128,400,000","150,900,000","146,100,000","130,000,000","112,900,000","125,400,000","122,100,000","118,100,000","106,200,000","130,600,000","118,600,000","117,100,000","110,000,000","139,700,000","128,000,000","119,600,000","105,000,000","128,900,000","117,400,000","114,700,000","101,800,000","112,900,000","104,000,000","96,300,000","92,600,000","128,700,000","128,700,000","128,600,000","128,600,000","138,400,000","139,800,000"
CostOfRevenue,"1,229,219,000","269,304,000","371,909,000","305,345,000","282,661,000","281,033,000","344,982,000","253,776,000","224,217,000","159,088,000","360,107,000","273,061,000","250,040,000","250,743,000","125,975,000","359,941,000","332,450,000","323,131,000","493,679,000","362,761,000","309,999,000","324,455,000","465,712,000","355,187,000","310,820,000","319,096,000","509,058,000","400,012,000","335,434,000","334,264,000","468,397,000","364,426,000","313,729,000","312,881,000","406,862,000","334,171,000","291,938,000","292,777,000","412,380,000","330,110,000","269,294,000","290,841,000","366,298,000","304,373,000","233,307,000","233,960,000","287,503,000","228,097,000","179,610,000","192,782,000","242,489,000","190,136,000","164,713,000","181,144,000","232,373,000","191,853,000","171,814,000","175,540,000","239,294,000","184,445,000","164,358,000","162,807,000","242,239,000","182,844,000","150,911,000","153,649,000","200,902,000","154,825,000","136,210,000","139,532,000","177,669,000","145,030,000","124,050,000","114,848,000","134,603,000","113,355,000","95,989,000","104,654,000","133,477,000","112,318,000","91,991,000","100,445,000","119,399,000","99,814,000","88,178,000","89,821,000","107,969,000","90,045,000","71,140,000","80,346,000","92,414,000","78,000,000","66,900,000","68,700,000","81,400,000","69,300,000","71,600,000","73,600,000","87,400,000","84,200,000","68,600,000","64,200,000","77,500,000","71,000,000","60,200,000","57,800,000","68,300,000","64,800,000","65,300,000","55,900,000","78,000,000","74,300,000","94,500,000","84,800,000","101,500,000","99,100,000","91,500,000","79,200,000","90,300,000","88,300,000","79,400,000","69,000,000","76,600,000","75,500,000","73,900,000",,"82,200,000","74,000,000",,,,,,,,,,,,,,,,,,,,
GrossProfit,"1,174,918,000","251,444,000","355,751,000","295,201,000","272,522,000","257,662,000","291,819,000","225,504,000","167,000,000","120,144,000","317,472,000","264,202,000","236,533,000","244,908,000","50,658,000","353,128,000","321,442,000","321,828,000","436,704,000","353,998,000","306,507,000","318,913,000","417,457,000","355,635,000","314,737,000","329,697,000","423,156,000","373,886,000","320,091,000","326,333,000","424,233,000","358,489,000","301,745,000","315,944,000","385,644,000","332,161,000","282,808,000","298,611,000","384,313,000","334,348,000","274,228,000","309,303,000","357,071,000","312,152,000","237,284,000","247,542,000","272,991,000","236,741,000","184,044,000","208,071,000","236,537,000","200,166,000","169,945,000","189,222,000","219,349,000","197,914,000","181,324,000","181,395,000","227,701,000","188,051,000","163,619,000","171,844,000","234,622,000","181,454,000","153,390,000","161,369,000","205,385,000","161,511,000","138,958,000","146,553,000","175,149,000","143,368,000","121,889,000","110,678,000","118,069,000","99,128,000","83,489,000","88,092,000","116,238,000","100,839,000","82,851,000","90,148,000","103,189,000","85,958,000","78,365,000","82,097,000","107,847,000","85,548,000","71,603,000","70,653,000","80,806,000","68,000,000","59,000,000","60,000,000","72,700,000","60,500,000","60,400,000","60,200,000","67,400,000","62,800,000","51,400,000","50,000,000","56,500,000","53,100,000","42,800,000","42,400,000","51,500,000","47,200,000","44,300,000","37,300,000","47,300,000","48,900,000","46,500,000","45,800,000","42,900,000","55,000,000","54,600,000","49,200,000","60,600,000","57,800,000","50,600,000","43,900,000","48,800,000","46,600,000","44,200,000",,"48,400,000","44,600,000",,,,,,,,,,,,,,,,,,,,
OperatingExpense,"1,037,641,000","243,481,000","290,478,000","251,131,000","252,551,000","239,465,000","226,511,000","210,961,000","187,261,000","189,042,000","260,612,000","237,460,000","231,796,000","236,555,000","-6,189,000","327,099,000","319,042,000","322,124,000","374,120,000","322,740,000","308,459,000","316,000,000","350,765,000","314,698,000","302,662,000","308,243,000","348,782,000","321,685,000","306,422,000","307,433,000","336,395,000","310,893,000","290,239,000","293,337,000","304,768,000","283,702,000","274,420,000","265,014,000","305,542,000","281,613,000","256,869,000","273,161,000","285,548,000","265,895,000","235,286,000","220,773,000","222,713,000","207,942,000","185,465,000","191,077,000","193,778,000","178,342,000","168,598,000","181,369,000","384,609,000","179,365,000","173,420,000","180,046,000","197,026,000","174,194,000","166,059,000","159,073,000","175,208,000","150,992,000","140,619,000","141,866,000","151,898,000","133,225,000","124,948,000","127,256,000","131,203,000","119,251,000","112,115,000","99,230,000","89,324,000","82,426,000","80,271,000","80,653,000","88,744,000","82,197,000","996,000","75,226,000","76,429,000","70,931,000","66,804,000","67,212,000","83,392,000","69,128,000","60,730,000","59,160,000","61,276,000","56,000,000","50,700,000","51,600,000","56,500,000","52,600,000","54,300,000","54,400,000","54,200,000","50,600,000","45,400,000","45,600,000","46,200,000","43,000,000","38,300,000","39,600,000","42,900,000","41,300,000","39,600,000","38,200,000","44,300,000","46,000,000","48,400,000","45,900,000","88,600,000","54,400,000","51,900,000","47,500,000","52,800,000","48,600,000","46,800,000","43,500,000","46,000,000","43,700,000","43,200,000",,"46,200,000","42,300,000",,,,,,,,,,,,,,,,,,,,
	SellingGeneralAndAdministration,"1,037,641,000","243,481,000","290,478,000","251,131,000","252,551,000","239,465,000","226,511,000","210,961,000","187,261,000","189,042,000","260,612,000","237,460,000","231,796,000","236,555,000","-6,189,000","327,099,000","319,042,000","322,124,000","374,120,000","322,740,000","308,459,000","316,000,000","350,765,000","314,698,000","302,662,000","308,243,000","348,782,000","321,685,000","306,422,000","307,433,000","336,395,000","310,893,000","290,239,000","293,337,000","304,768,000","283,702,000","274,420,000","265,014,000","305,542,000","281,613,000","256,869,000","273,161,000","285,548,000","265,895,000","235,286,000","220,773,000","222,713,000","207,942,000","185,465,000","191,077,000","193,778,000","178,342,000","168,598,000","181,369,000","180,534,000","179,365,000","173,420,000","180,046,000","197,026,000","174,194,000","166,059,000","159,073,000","175,208,000","150,992,000","140,619,000","141,866,000","151,898,000","133,225,000","124,948,000","127,256,000","131,203,000","119,251,000","112,115,000","99,230,000","89,324,000","82,426,000","80,271,000","80,653,000","88,744,000","82,197,000","74,666,000","75,226,000","76,429,000","70,931,000","66,804,000","67,212,000","79,749,000","65,748,000","57,592,000","56,121,000","58,262,000","53,400,000","48,200,000","49,200,000","54,300,000","50,200,000","51,600,000","52,000,000","51,900,000","48,400,000","43,100,000","43,400,000","44,200,000","41,100,000","36,400,000","37,800,000","41,000,000","39,400,000","37,800,000","36,400,000","42,400,000","43,500,000","45,900,000","43,400,000","85,700,000","51,600,000","49,300,000","45,000,000","50,500,000","46,300,000","44,400,000","41,100,000","43,600,000","41,500,000","40,900,000",,"43,900,000","40,100,000",,,,,,,,,,,,,,,,,,,,
	DepreciationAmortizationDepletionIncomeStatement,,,,,,,,,,,,,,,,,,,,,,,,,,,,,,,,,,,,,,,,,,,,,,,,,,,,,,,,,,,,,,,,,,,,,,,,,,,,,,,,,,,,,,,"3,643,000","3,380,000","3,138,000","3,039,000","3,014,000","2,600,000","2,500,000","2,400,000","2,200,000","2,400,000","2,700,000","2,400,000","2,300,000","2,200,000","2,300,000","2,200,000","2,000,000","1,900,000","1,900,000","1,800,000","1,900,000","1,900,000","1,800,000","1,800,000","1,900,000","2,500,000","2,500,000","2,500,000","2,900,000","2,800,000","2,600,000","2,500,000","2,300,000","2,300,000","2,400,000","2,400,000","2,400,000","2,200,000","2,300,000",,"2,300,000","2,200,000",,,,,,,,,,,,,,,,,,,,
		DepreciationAndAmortizationInIncomeStatement,,,,,,,,,,,,,,,,,,,,,,,,,,,,,,,,,,,,,,,,,,,,,,,,,,,,,,,,,,,,,,,,,,,,,,,,,,,,,,,,,,,,,,,"3,643,000","3,380,000","3,138,000","3,039,000","3,014,000","2,600,000","2,500,000","2,400,000","2,200,000","2,400,000","2,700,000","2,400,000","2,300,000","2,200,000","2,300,000","2,200,000","2,000,000","1,900,000","1,900,000","1,800,000","1,900,000","1,900,000","1,800,000","1,800,000","1,900,000","2,500,000","2,500,000","2,500,000","2,900,000","2,800,000","2,600,000","2,500,000","2,300,000","2,300,000","2,400,000","2,400,000","2,400,000","2,200,000","2,300,000",,"2,300,000","2,200,000",,,,,,,,,,,,,,,,,,,,
	OtherOperatingExpenses,,,,,,,,,,,,,,,,,,,,,,,,,,,,,,,,,,,,,,,,,,,,,,,,,,,,,,,,,,,,,,,,,,,,,,,,,,,,,,,,,"-73,670,000",,,,,,,,,,,,,,,,,,,,,,,,,,,,,,,,,,,,,,,,,,,,,,,,,,,,,,,,,,,,,,,,,,,
OperatingIncome,"137,277,000","7,963,000","65,273,000","44,070,000","19,971,000","18,197,000","65,308,000","14,543,000","-20,261,000","-68,898,000","56,860,000","26,742,000","4,737,000","8,353,000","56,847,000","26,029,000","2,400,000","-296,000","62,584,000","31,258,000","-1,952,000","2,913,000","66,692,000","40,937,000","12,075,000","21,454,000","74,374,000","52,201,000","13,669,000","18,900,000","87,838,000","47,596,000","11,506,000","22,607,000","80,876,000","48,459,000","8,388,000","33,597,000","78,771,000","52,735,000","17,359,000","36,142,000","71,523,000","46,257,000","1,998,000","26,769,000","50,278,000","28,799,000","-1,421,000","16,994,000","42,759,000","21,824,000","1,347,000","7,853,000","-165,260,000","18,549,000","7,904,000","1,349,000","30,675,000","13,857,000","-2,440,000","12,771,000","59,414,000","30,462,000","12,771,000","19,503,000","53,487,000","28,286,000","14,010,000","19,297,000","43,946,000","24,117,000","9,774,000","11,448,000","28,745,000","16,702,000","3,218,000","7,439,000","27,494,000","18,642,000","81,855,000","14,922,000","26,760,000","15,027,000","11,561,000","14,885,000","24,455,000","16,420,000","10,873,000","11,493,000","19,530,000","12,000,000","8,300,000","8,400,000","16,200,000","7,900,000","6,100,000","5,800,000","13,200,000","12,200,000","6,000,000","4,400,000","10,300,000","10,100,000","4,500,000","2,800,000","8,600,000","5,900,000","4,700,000","-900,000","3,000,000","2,900,000","-1,900,000","-100,000","-45,700,000","600,000","2,700,000","1,700,000","7,800,000","9,200,000","3,800,000","400,000","2,800,000","2,900,000","1,000,000","106,200,000","2,200,000","2,300,000","117,100,000","110,000,000","-327,500,000","128,000,000","119,600,000","105,000,000","-314,400,000","117,400,000","114,700,000","101,800,000","-284,100,000","104,000,000","96,300,000","92,600,000","-374,900,000","128,700,000","128,600,000","128,600,000","-399,000,000","139,800,000"
NetNonOperatingInterestIncomeExpense,"-2,016,000","-297,000","-517,000","-585,000","-617,000","-729,000","-912,000","-1,404,000","-1,918,000","-856,000","-495,000","-602,000","-347,000","166,000","-373,000","-837,000","-1,103,000","-1,028,000","-1,529,000","-1,457,000","-1,249,000","-1,177,000","-1,316,000","-1,488,000","-1,306,000","-1,137,000","-1,500,000","-1,330,000","-928,000","-645,000","-853,000","-891,000","-782,000","-701,000","-1,206,000","-1,190,000","-1,140,000","-1,039,000","-1,406,000","-1,301,000","-1,207,000","-1,117,000","-1,628,000","-1,869,000","-1,081,000","-514,000","-354,000","-306,000","-227,000","-235,000","2,379,000","-1,850,000","-1,862,000","-3,083,000",,,,,,,,,,,,,,,,,,,,,,,,,,,,,,,,,,,,,,,,,,,,,,,,,,,,,,,,,,,,,,,,,,,,,,,,,,,,,,,,,,,,,,,,,,,,,,
	InterestIncomeNonOperating,,"100,000",,"200,000","100,000","100,000",,"11,000","47,000","193,000","353,000","206,000","488,000","1,014,000","598,000","147,000","10,000","19,000",,"-3,000","6,000","0","10,000","1,000","10,000","26,000","-5,000","-16,000","17,000","15,000","37,000","23,000","18,000","32,000","17,000","9,000","18,000","22,000","29,000","41,000","10,000","15,000","31,000","16,000","16,000","2,000","3,000","0","4,000","1,000","1,000","1,000","4,000","8,000",,,,,,,,,,,,,,,,,,,,,,,,,,,,,,,,,,,,,,,,,,,,,,,,,,,,,,,,,,,,,,,,,,,,,,,,,,,,,,,,,,,,,,,,,,,,,,
	InterestExpenseNonOperating,"2,016,000","397,000","117,000","785,000","717,000","829,000","661,000","1,415,000","1,965,000","1,049,000","848,000","808,000","835,000","848,000","971,000","984,000","1,113,000","1,047,000","1,537,000","1,457,000","1,255,000","1,177,000","1,326,000","1,489,000","1,316,000","1,163,000","1,495,000","1,330,000","945,000","660,000","890,000","914,000","800,000","733,000","1,223,000","1,199,000","1,158,000","1,061,000","1,435,000","1,342,000","1,217,000","1,132,000","1,659,000","1,885,000","1,097,000","516,000","357,000","306,000","231,000","236,000","-2,378,000","1,851,000","1,866,000","3,091,000",,,,,,,,,,,,,,,,,,,,,,,,,,,,,,,,,,,,,,,,,,,,,,,,,,,,,,,,,,,,,,,,,,,,,,,,,,,,,,,,,,,,,,,,,,,,,,
	TotalOtherFinanceCost,,,,,"617,000",,"912,000","1,404,000",,,"495,000","602,000","347,000",,"373,000","837,000","1,103,000","1,028,000","1,529,000","1,457,000",,,,,,,,,,,,,,,,,,,,,"1,207,000",,,"1,869,000","1,081,000",,,,,,,,,,,,,,,,,,,,,,,,,,,,,,,,,,,,,,,,,,,,,,,,,,,,,,,,,,,,,,,,,,,,,,,,,,,,,,,,,,,,,,,,,,,,,,,,,,,,,,,
OtherIncomeExpense,"10,744,000","185,000","18,054,000","-369,000","-7,126,000","-2,631,000","-2,547,000","-6,177,000","-1,551,000","-86,996,000","-11,407,000","-707,000","-1,682,000","817,000","5,786,000","-6,556,000","-1,038,000","-1,572,000","-7,218,000","-183,657,000","-58,000","-119,000","9,219,000","-589,000","10,430,000","-3,557,000","762,000","-151,000","-1,173,000","-2,646,000","-934,000","-8,086,000","-1,422,000","1,111,000","-5,672,000","-1,480,000","7,140,000","-1,329,000","-16,141,000","-357,000","-404,000","-135,000","-741,000","-345,000","-347,000","-1,244,000","-2,003,000","-2,120,000","-2,001,000","-2,443,000","8,140,000","-2,571,000","-3,320,000","-10,092,000","282,000","-2,284,000","-3,261,000","201,838,000","-2,893,000","-56,000","-158,000","-6,595,000","567,000","-1,083,000","-480,000","-109,000","2,000","789,000","-177,000","-2,867,000","-594,000","-667,000","186,000","-146,000","-1,040,000",,"-2,442,000",,,,,,"-5,010,000",,"205,000",,,,,,,,,"500,000","300,000","600,000","2,700,000","600,000","-17,800,000","-200,000","700,000","300,000","400,000","-1,500,000","200,000","300,000","300,000","1,000,000","-3,300,000","-10,300,000","4,400,000","-22,400,000","4,900,000","400,000","-100,000","-500,000","800,000",,"-500,000","-700,000","-300,000","-400,000","-200,000","-100,000","100,000",,"1,000,000","-800,000",,,,,,,,,,,,,,,,,,,,
	SpecialIncomeCharges,"11,009,000","283,000","18,110,000","-314,000","-7,070,000","-2,670,000","-2,729,000","-6,359,000","-1,733,000","-87,120,000","-11,531,000","-799,000","-1,775,000","731,000","5,389,000","-6,558,000","-1,039,000","-1,552,000","-7,218,000","-183,657,000","-58,000","-119,000","9,219,000","-589,000","10,430,000","-3,557,000","762,000","-151,000","-1,173,000","-2,646,000","-934,000","-8,086,000","-1,422,000","1,111,000","-5,672,000","-1,480,000","7,140,000","-1,329,000","-16,141,000","-357,000","-404,000","-135,000","-741,000","-345,000","-347,000","-1,244,000","-2,003,000","-2,120,000","-2,001,000","-2,443,000","8,140,000","-2,571,000","-3,320,000","-10,092,000","282,000","-2,284,000","-3,261,000","201,838,000","-2,893,000","-56,000","-158,000","-6,595,000","567,000","-1,083,000","-480,000","-109,000","2,000","789,000","-177,000","-2,867,000","-594,000","-667,000","186,000","-146,000","-1,040,000",,"-2,442,000",,,,,,"-5,010,000",,"205,000",,,,,,,,,"500,000","300,000","600,000","2,700,000","600,000","-17,800,000","-200,000","700,000","300,000","400,000","-1,500,000","200,000","300,000","300,000","1,000,000","-3,300,000","-10,300,000","4,400,000","-22,400,000","4,900,000","400,000","-100,000","-500,000","800,000",,"-500,000","-700,000","-300,000","-400,000","-200,000","-100,000","100,000",,"1,000,000","-800,000",,,,,,,,,,,,,,,,,,,,
		RestructuringAndMergernAcquisition,,,,,,,,,,,,,,,,,,,,,,,,,,,,,,,,,,,,,,,,,,,"741,000","345,000","347,000","1,244,000","2,003,000","2,120,000","2,001,000","2,443,000","2,497,000","2,571,000","3,320,000","4,973,000","-204,357,000","2,284,000","3,261,000","-201,838,000","2,893,000","56,000","158,000","6,595,000","-567,000","1,083,000","480,000","109,000","-2,000","-789,000","177,000","2,867,000","594,000","667,000","-186,000","146,000","1,040,000",,"-139,000",,,,,,"5,010,000",,"-205,000",,,,,,,,,,,,,,,,,,,,,,,,,,,,,,,,,,,,,,,,,,,,,,,,,,,,,,,,,,,,,,,
		ImpairmentOfCapitalAssets,"-11,009,000","-283,000","-18,110,000","314,000","7,070,000","2,670,000","2,729,000","6,359,000","1,733,000","87,120,000","11,531,000","799,000","1,775,000","-731,000","-5,986,000","6,558,000","1,039,000","1,552,000","7,218,000","183,657,000","58,000","119,000","2,997,000","589,000","-7,945,000","3,557,000","3,923,000","151,000","1,173,000","2,646,000","934,000","1,036,000","1,422,000","-1,111,000","5,672,000","1,480,000","-7,140,000","1,329,000","16,141,000","357,000","404,000","135,000",,,,,,,,,,,,,,,,,,,,,,,,,,,,,,,,,,,,,,,,,,,,,,,,,,,,,,,,,,,,,,,,,,,,,,,,,,,,,,,,,,,,,,,,,,,,,,,,,,,,,,,,,,
		WriteOff,,"-283,000",,,,,,,"1,733,000","7,861,000","11,531,000","799,000","1,775,000","-731,000","-5,986,000","6,558,000","1,039,000","1,552,000","7,218,000","1,446,000","58,000","119,000","2,997,000","589,000","-7,945,000","3,557,000","3,923,000","0","1,173,000","2,646,000","0","7,050,000","1,422,000","-1,111,000","5,672,000","1,480,000","-7,140,000","1,329,000","16,141,000",,,,,,,,,,,,,,,,,,,,,,,,,,,,,,,,,,,,,,,,,,,,,,,,,,,,,,,,,,,,,,,,,,,,,,,,,,,,,,,,,,,,,,,,,,,,,,,,,,,,,,,,,,,,,
		OtherSpecialCharges,,,,,,,,,,,,,,,"597,000",,,,,,,,,,,,,,,,,,,,,,,,,,,,,,,,,,,,"-10,637,000",,,"5,119,000",,,,,,,,,,,,,,,,,,,,,"0",,"2,581,000",,,,,,,,,,,,,,,,,,,,,,,,,,,,,,,,,,,,,,,,,,,,,,,,,,,,,,,,,,,,,,,,,,,,,,,
		GainOnSaleOfBusiness,,,,,,,,,,,,,,,,,,,,"0","0",,"12,216,000","0","2,485,000",,"7,331,000",,,,,,,,,,,,,,,,,,,,,,,,,,,,,,,,,,,,,,,,,,,,,,,,,,,,,,,,,,,,,,,,,,,,,,,,,,,,,,,,,,,,,,,,,,,,,,,,,,,,,,,,,,,,,,,,,,,,,,,,,
	OtherNonOperatingIncomeExpenses,"-265,000","-98,000","-56,000","-55,000","-56,000","39,000","182,000","182,000","182,000","124,000","124,000","92,000","93,000","86,000","397,000","2,000","1,000","-20,000",,,,,,,,,,,,,,,,,,,,,,,,,,,,,,,,,,,,,,,,,,,,,,,,,,,,,,,,,,,,,,,,,,,,,,,,,,,,,,,,,,,,,,,,,,,,,,,,,,,,,,,,,,,,,,,,,,,,,,,,,,,,,,,,,,
PretaxIncome,"146,005,000","7,851,000","82,810,000","43,116,000","12,228,000","14,837,000","61,849,000","6,962,000","-23,730,000","-156,750,000","44,958,000","25,433,000","2,708,000","9,336,000","62,260,000","18,636,000","259,000","-2,896,000","53,837,000","-153,856,000","-3,259,000","1,617,000","74,595,000","38,860,000","21,199,000","16,760,000","73,636,000","50,720,000","11,568,000","15,609,000","86,051,000","38,619,000","9,302,000","23,017,000","73,998,000","45,789,000","14,388,000","31,229,000","61,224,000","51,077,000","15,748,000","34,890,000","69,154,000","44,043,000","570,000","25,011,000","47,921,000","26,373,000","-3,649,000","14,316,000","42,242,000","17,403,000","-3,835,000","-5,322,000","36,484,000","13,785,000","2,529,000","200,984,000","24,262,000","10,297,000","-5,598,000","3,774,000","57,076,000","26,431,000","10,131,000","17,480,000","51,073,000","26,406,000","11,265,000","13,726,000","40,306,000","20,312,000","7,094,000","9,420,000","26,107,000","15,192,000","-1,373,000","5,407,000","22,831,000","16,480,000","6,263,000","13,250,000","19,768,000","12,868,000","9,878,000","13,350,000","19,416,000","14,340,000","9,041,000","9,811,000","18,043,000","10,300,000","6,900,000","6,800,000","14,500,000","6,500,000",,"3,500,000",,"9,600,000",,,"8,100,000","6,000,000",,"500,000",,,,,"4,800,000","-22,800,000","-100,000","-2,600,000",,"-3,000,000","800,000","-600,000","5,700,000","6,900,000","2,100,000",,,,,,"1,800,000","-200,000",,,,,,,,,,,,,,,,,,,,
TaxProvision,"34,983,000","2,882,000","20,612,000","10,135,000","1,354,000","5,943,000","-28,195,000","-514,000","-4,806,000","-22,126,000","9,443,000","6,454,000","1,915,000","2,866,000","23,414,000","4,117,000","92,000","-588,000","-2,417,000","10,950,000","616,000","620,000","27,752,000","12,912,000","6,695,000","6,196,000","28,648,000","17,865,000","3,975,000","5,664,000","34,294,000","9,869,000","4,534,000","8,919,000","31,786,000","17,993,000","5,923,000","12,748,000","22,547,000","10,108,000","5,187,000","14,099,000","27,656,000","17,882,000","220,000","10,036,000","16,508,000","9,406,000","-1,253,000","5,753,000","16,413,000","5,880,000","-1,172,000","281,000","12,811,000","4,322,000","7,458,000","71,092,000","20,647,000","4,687,000","-2,658,000","1,571,000","21,414,000","10,456,000","4,187,000","6,814,000","19,877,000","10,168,000","4,499,000","5,300,000","14,974,000","7,783,000","2,289,000","3,596,000","8,347,000","5,780,000","-482,000","2,070,000","8,658,000","6,373,000","2,300,000","5,048,000","3,957,000","4,877,000","3,695,000","5,012,000","7,094,000","5,555,000","3,510,000","3,850,000","6,521,000","4,100,000","2,700,000","2,700,000","-23,700,000","200,000",,"-300,000",,"100,000",,,"-100,000","100,000",,"-500,000",,,,,"100,000","200,000","400,000","100,000",,"100,000","300,000","100,000","1,500,000","2,000,000","500,000",,,,,,"-400,000","100,000",,,,,,,,,,,,,,,,,,,,
NetIncomeCommonStockholders,"110,919,000","4,947,000","62,140,000","32,895,000","10,937,000","8,878,000","89,918,000","7,466,000","-19,036,000","-134,777,000","35,562,000","18,899,000","577,000","6,346,000","-63,971,000","14,387,000","-15,000","-2,331,000","56,045,000","-164,821,000","-3,948,000","885,000","46,548,000","25,895,000","14,578,000","10,410,000","44,664,000","32,507,000","7,520,000","9,878,000","50,396,000","28,662,000","4,694,000","13,973,000","42,153,000","27,750,000","8,340,000","18,382,000","38,527,000","40,875,000","10,520,000","20,614,000","41,470,000","26,088,000","-392,000","14,793,000","30,861,000","16,917,000","-3,183,000","8,616,000","25,854,000","11,443,000","-2,722,000","-5,762,000","23,837,000","9,389,000","-10,340,000","129,799,000","3,197,000","5,551,000","-4,219,000","2,203,000","35,284,000","15,813,000","5,880,000","10,477,000","31,222,000","16,076,000","6,697,000","8,418,000","25,509,000","12,016,000","4,681,000","5,751,000","16,799,000","9,338,000","-891,000","3,337,000","13,935,000","10,034,000","3,889,000","8,128,000","15,192,000","7,210,000","6,110,000","8,264,000","12,297,000","8,785,000","2,562,000","5,961,000","11,522,000","6,200,000","4,200,000","4,100,000","40,200,000","6,300,000","2,900,000","3,800,000","-7,000,000","9,300,000","4,100,000","2,200,000","8,200,000","5,900,000","2,100,000","1,000,000","6,000,000","4,200,000","600,000","-600,000","15,100,000","-93,200,000","-500,000","-2,700,000","-48,300,000","-3,100,000","300,000","-3,100,000","3,500,000","4,800,000","1,600,000","-900,000","1,500,000","1,500,000","-200,000",,"-700,000","-300,000",,,,,,,,,,,,,,,,,,,,
	NetIncome,"110,919,000","4,947,000","62,140,000","32,895,000","10,937,000","8,878,000","89,918,000","7,466,000","-19,036,000","-134,777,000","35,562,000","18,899,000","577,000","6,346,000","-63,971,000","14,387,000","-15,000","-2,331,000","56,045,000","-164,821,000","-3,948,000","885,000","46,548,000","25,895,000","14,578,000","10,410,000","44,664,000","32,507,000","7,520,000","9,878,000","50,396,000","28,662,000","4,694,000","13,973,000","42,153,000","27,750,000","8,340,000","18,382,000","38,527,000","40,875,000","10,520,000","20,614,000","41,470,000","26,088,000","-392,000","14,793,000","30,861,000","16,917,000","-3,183,000","8,616,000","25,854,000","11,443,000","-2,722,000","-5,762,000","23,689,000","9,438,000","-10,290,000","129,799,000","3,247,000","5,600,000","-4,165,000","2,203,000","35,348,000","15,877,000","5,944,000","10,477,000","31,286,000","16,143,000","6,766,000","8,491,000","25,582,000","12,089,000","4,754,000","5,824,000","16,872,000","9,412,000","-891,000","3,337,000","14,008,000","10,107,000","3,963,000","8,202,000","15,266,000","7,283,000","6,183,000","8,338,000","12,297,000","8,785,000","2,562,000","5,961,000","11,522,000","6,200,000","4,200,000","4,100,000","40,200,000","6,300,000","2,900,000","3,800,000","-7,000,000","9,300,000","4,100,000","2,200,000","8,200,000","5,900,000","2,100,000","1,000,000","6,000,000","4,200,000","600,000","-600,000","15,100,000","-93,200,000","-500,000","-2,700,000","-48,300,000","-3,100,000","300,000","-3,000,000","3,600,000","4,900,000","1,600,000","-900,000","1,500,000","1,500,000","-200,000",,"2,200,000","-300,000",,,,,,,,,,,,,,,,,,,,
		NetIncomeIncludingNoncontrollingInterests,"110,919,000","4,947,000","62,140,000","32,895,000","10,937,000","8,878,000","89,918,000","7,466,000","-19,036,000","-134,777,000","35,562,000","18,899,000","577,000","6,346,000","-63,971,000","14,387,000","-15,000","-2,331,000","56,045,000","-164,821,000","-3,948,000","885,000","46,548,000","25,895,000","14,578,000","10,410,000","44,664,000","32,507,000","7,520,000","9,878,000","50,396,000","28,662,000","4,694,000","13,973,000","42,153,000","27,750,000","8,340,000","18,382,000","38,527,000","40,875,000","10,520,000","20,614,000","41,470,000","26,088,000","-392,000","14,793,000","30,861,000","16,917,000","-3,183,000","8,616,000","25,854,000","11,443,000","-2,722,000","-5,762,000","23,689,000","9,438,000","-10,290,000","129,799,000","3,247,000","5,600,000","-4,165,000","2,203,000","35,348,000","15,877,000","5,944,000","10,477,000","31,286,000","16,143,000","6,766,000","8,491,000","25,582,000","12,089,000","4,754,000","5,824,000","16,872,000","9,412,000","-891,000","3,337,000","14,008,000","10,107,000","3,963,000","8,202,000","15,266,000","7,283,000","6,183,000","8,338,000","12,297,000","8,785,000","2,562,000","5,961,000","11,522,000","6,200,000","4,200,000","4,100,000","40,200,000","6,300,000","2,900,000","3,800,000","-7,000,000","9,300,000","4,100,000","2,200,000","8,200,000","5,900,000","2,100,000","1,000,000","6,000,000","4,200,000","600,000","-600,000","15,100,000","-93,200,000","-500,000","-2,700,000","-48,300,000","-3,100,000","300,000","-3,000,000","3,600,000","4,900,000","1,600,000","-900,000","1,500,000","1,500,000","-200,000","-2,300,000","2,200,000","-300,000","1,000,000","-1,500,000","8,000,000","5,400,000","5,600,000","-200,000","9,600,000","4,300,000","3,200,000","-2,300,000","4,000,000","6,500,000","400,000","-2,900,000","3,800,000","3,800,000","3,800,000","3,800,000","-8,900,000","-10,100,000"
			NetIncomeContinuousOperations,"111,022,000","4,969,000","62,198,000","32,981,000","10,874,000","8,894,000","90,044,000","7,476,000","-18,924,000","-134,624,000","35,515,000","18,979,000","793,000","6,470,000","38,846,000","14,519,000","167,000","-2,308,000","56,254,000","-164,806,000","-3,875,000","997,000","46,843,000","25,948,000","14,504,000","10,564,000","44,988,000","32,855,000","7,593,000","9,945,000","51,757,000","28,750,000","4,768,000","14,098,000","42,212,000","27,796,000","8,465,000","18,481,000","38,677,000","40,969,000","10,561,000","20,791,000","41,498,000","26,161,000","350,000","14,975,000","31,413,000","16,967,000","-2,396,000","8,563,000","25,829,000","11,523,000","-2,663,000","-5,603,000","23,673,000","9,463,000","-4,929,000","129,892,000","3,615,000","5,610,000","-2,940,000","2,203,000","35,662,000","15,975,000","5,944,000","10,666,000","31,196,000","16,238,000","6,766,000","8,426,000","25,332,000","12,529,000","4,775,000","5,824,000","17,760,000","9,412,000","-891,000","3,337,000","14,173,000","10,107,000","3,963,000","8,202,000","15,811,000","7,991,000","6,183,000","8,338,000","12,322,000","8,785,000","5,531,000","5,961,000","11,522,000","6,200,000","4,200,000","4,100,000","38,200,000","6,300,000","6,600,000","3,800,000","-7,000,000","9,500,000","4,100,000","2,200,000","8,200,000","5,900,000","2,100,000","1,000,000","6,000,000","4,200,000","-1,100,000","-13,300,000","4,700,000","-23,000,000","-500,000","-2,700,000","-48,300,000","-3,100,000","500,000","-700,000","4,200,000","4,900,000","1,600,000","-900,000","1,500,000","1,500,000","-200,000","-2,300,000","2,200,000","-300,000","1,000,000","-1,500,000","8,000,000","5,400,000","5,600,000","-200,000","9,600,000","4,300,000","3,200,000","-2,300,000","4,000,000","2,400,000","400,000","-2,900,000","1,400,000","1,400,000","1,400,000","1,400,000","-10,800,000","-10,100,000"
			NetIncomeDiscontinuousOperations,"-103,000","-22,000","-58,000","-86,000","63,000","-16,000","-126,000","-10,000","-112,000","-153,000","47,000","-80,000","-216,000","-124,000","-102,817,000","-132,000","-182,000","-23,000","-209,000","-15,000","-73,000","-112,000","-295,000","-53,000","74,000","-154,000","-324,000","-348,000","-73,000","-67,000","-1,361,000","-88,000","-74,000","-125,000","-59,000","-46,000","-125,000","-99,000","-150,000","-94,000","-41,000","-177,000","-28,000","-73,000","-742,000","-182,000","-552,000","-50,000","-787,000","53,000","25,000","-80,000","-59,000","-159,000","16,000","-25,000","-5,361,000","-93,000","-368,000","-10,000","-1,225,000",,"-314,000","-98,000",,"-189,000","90,000","-95,000",,"65,000","250,000","-440,000","-21,000",,,,,,,,,,"-545,000","-708,000",,,"-25,000",,"-2,969,000",,,,,,,,,,,,,,,,,,"0",,"1,700,000","12,700,000","10,400,000","-70,200,000",,,,,,,,,,,,,,,,,,,,,,,,,,,"0","4,100,000",,,"2,400,000","2,400,000","2,400,000","2,400,000",,
			NetIncomeExtraordinary,,,,,,,,,,,,,,,,,,,,,,,,,,,,,,,,,,,,,,,,,,,,,,,,,,,,,,,,,,,,,,,,,,,,,,,,,,,,,,,,,,,,,,,,,,,,,,,,,,,,,,,,,,,,,,,,,,,"0",,,"-2,300,000",,,,,,,,,,,,,,,,,,,,,,,,,,,,,,
			NetIncomeFromTaxLossCarryforward,,,,,,,,,,,,,,,,,,,,,,,,,,,,,,,,,,,,,,,,,,,,,,,,,,,,,,,,,,,,,,,,,,,,,,,,,,,,,,,,,,,,,,,,,,,,,,,"1,500,000",,"-3,700,000",,"0","-200,000",,,,,,,,,,,,,,,"0",,"-200,000",,,,,,,,,,,,,,,,,,,,,,,,,,,,,,,
	PreferredStockDividends,,,,,,,,,,,,,,,,,,,,,,,,,,,,,,,,,,,,,,,,"33,000",,,,,,"49,000",,,"-49,000","-49,000",,"49,000",,,,"49,000","50,000",,"50,000","49,000","54,000",,"64,000","64,000","64,000",,"64,000","67,000","69,000","73,000","73,000","73,000","73,000","73,000","73,000","74,000",,,"73,000","73,000","74,000","74,000","74,000","73,000","73,000","74,000",,,,,,,,,,,,,,,,,,,,,,,,,,,,,,,,"100,000","100,000","100,000",,,,,,,,,,,,,,,,,,,,,,,,,,,,
DilutedNIAvailtoComStockholders,"110,919,000","4,947,000","62,140,000","32,895,000","10,937,000","8,878,000","89,918,000","7,466,000","-19,036,000","-134,777,000","35,562,000","18,899,000","577,000","6,346,000","-63,971,000","14,387,000","-15,000","-2,331,000","56,045,000","-164,821,000","-3,948,000","885,000","46,548,000","25,895,000","14,578,000","10,410,000","44,664,000","32,507,000","7,520,000","9,878,000","50,396,000","28,662,000","4,694,000","13,973,000","42,153,000","27,750,000","8,340,000","18,382,000","38,527,000","40,875,000","10,520,000","20,614,000","41,470,000","26,088,000","-392,000","14,793,000","30,861,000","16,917,000","-3,183,000","8,616,000","25,854,000","11,443,000","-2,722,000","-5,762,000","23,837,000","9,389,000","-10,340,000","129,799,000","3,197,000","5,551,000","-4,219,000","2,203,000","35,284,000","15,813,000","5,880,000","10,477,000","31,222,000","16,076,000","6,697,000","8,418,000","25,509,000","12,016,000","4,681,000","5,751,000","16,799,000","9,338,000","-891,000","3,337,000","13,935,000","10,034,000","3,889,000","8,128,000","15,192,000","7,210,000","6,110,000","8,264,000","12,297,000","8,785,000","2,562,000","5,961,000","11,522,000","6,200,000","4,200,000","4,100,000","40,200,000","6,300,000","2,900,000","3,800,000","-7,000,000","9,300,000","4,100,000","2,200,000","8,200,000","5,900,000","2,100,000","1,000,000","6,000,000","4,200,000","600,000","-600,000","15,100,000","-93,200,000","-500,000","-2,700,000","-48,300,000","-3,100,000","300,000","-3,100,000","3,500,000","4,800,000","1,600,000","-900,000","1,500,000","1,500,000","-200,000",,"-700,000","-300,000",,,,,,,,,,,,,,,,,,,,
BasicEPS,,"0.38",,"2.3","0.76","0.62","6.29","0.52","-1.34","-9.55","2.52","1.31","0.04","0.36","-3.31","0.74","0.01","-0.12","2.91","-8.56","-0.21","0.05","2.4","1.3","0.72","0.5","2.15","1.42","0.32","0.42","2.14","1.21","0.2","0.6","1.81","1.19","0.36","0.79","1.65","1.73","0.44","0.87",,"1.11","-0.02","0.64",,"0.73","-0.14","0.37",,"0.52","-0.13","-0.31",,"0.5","-0.56","6.16",,"0.25","-0.19","0.1",,"0.71","0.26","0.45",,"0.71","0.29","0.37",,"0.55","0.21","0.26",,"0.43","-0.04","0.15",,"0.46","0.18","0.37",,"0.33","0.28","0.38",,"0.41","0.12","0.27",,"0.28","0.18","0.17",,"0.24","0.11","0.14",,"0.34","0.15","0.08",,"0.23","0.08","0.04",,"0.17","0.02","-0.03",,"-3.83","-0.02","-0.11",,"-0.13","0.01","-0.13",,"0.21","0.07","-0.04",,"0.06","-0.01","-0.11",,"-0.02","0.04","-0.07",,"0.23","0.25",,,"0.2","0.17","-0.18",,"0.39",,"-0.19",,"0.28","0.27","0.26",,"-0.7"
DilutedEPS,,"0.37",,"2.25","0.75","0.6","6.2","0.52","-1.34","-9.55","2.49","1.3","0.04","0.36","-3.31","0.73","0.01","-0.12","2.9","-8.56","-0.21","0.05","2.39","1.3","0.72","0.5","2.14","1.42","0.32","0.42","2.12","1.21","0.2","0.59","1.79","1.18","0.35","0.77","1.62","1.7","0.43","0.85",,"1.09","-0.02","0.63",,"0.72","-0.14","0.36",,"0.5","-0.13","-0.31",,"0.43","-0.56","5.14",,"0.23","-0.19","0.1",,"0.62","0.24","0.4",,"0.61","0.27","0.34",,"0.54","0.21","0.26",,"0.42","-0.04","0.15",,"0.41","0.17","0.33",,"0.3","0.26","0.34",,"0.36","0.12","0.25",,"0.26","0.17","0.16",,"0.23","0.11","0.14",,"0.34","0.15","0.08",,"0.23","0.08","0.04",,"0.17","0.02","-0.03",,"-3.83","-0.02","-0.11",,"-0.13","0.01","-0.13",,"0.21","0.07","-0.04",,"0.06","-0.01","-0.11",,"-0.02","0.04","-0.07",,"0.22","0.24",,,"0.19","0.16","-0.18",,"0.37",,"-0.19",,"0.27","0.26","0.25",,"-0.7"
BasicAverageShares,,"12,961,000",,"14,314,000","14,339,000","14,287,000","14,293,000","14,357,692","14,179,000","14,110,000","14,108,000","14,465,000","15,959,000","17,645,000","19,323,000","19,462,000","19,342,000","19,278,000","19,266,000","19,265,000","19,152,000","19,189,000","19,383,000","19,912,000","20,195,000","20,815,000","21,595,000","22,834,000","23,538,000","23,550,000","23,563,000","23,602,000","23,496,000","23,369,000","23,291,000","23,329,000","23,274,000","23,295,000","23,377,000","23,584,000","23,778,000","23,957,000",,"23,407,000","23,126,000","22,940,000",,"23,069,000","23,480,000","23,462,000",,"21,952,000","21,798,000","18,852,000",,"18,638,000","18,513,000","21,071,266",,"22,454,000","22,205,263","22,030,000",,"22,284,000","22,615,385","23,282,222",,"22,797,000","23,093,103","22,751,351",,"22,041,000","22,290,476","22,119,231",,"21,751,000","22,275,000","22,246,667",,"21,785,000","21,605,556","21,967,568",,"21,907,000","21,821,429","21,747,368",,"21,470,000","21,350,000","22,077,778",,"22,142,857","23,333,333","24,117,647",,"26,250,000","26,363,636","27,142,857",,"27,352,941","27,333,333","27,500,000",,"25,652,174","26,250,000","25,000,000",,"24,705,882","30,000,000","20,000,000",,"24,334,204","25,000,000","24,545,455",,"23,846,154","30,000,000","23,846,154",,"22,857,143","22,857,143","22,500,000",,"25,000,000","20,000,000","22,661,000",,"22,674,000","22,661,000","22,618,000",,"22,603,000","22,603,000","20,680,000",,"20,680,000","15,189,000","15,174,000",,"15,174,000","15,174,000","15,174,000",,"15,174,000","15,174,000","15,081,000",,"15,081,000"
DilutedAverageShares,,"13,369,000",,"14,616,000","14,611,000","14,702,000","14,513,000","14,357,692","14,179,000","14,110,000","14,277,000","14,529,000","16,028,000","17,850,000","19,445,000","19,637,000","19,442,000","19,278,000","19,330,000","19,265,000","19,152,000","19,293,000","19,493,000","19,962,000","20,244,000","20,990,000","21,693,000","22,917,000","23,616,000","23,775,000","23,759,000","23,760,000","23,622,000","23,692,000","23,600,000","23,604,000","23,523,000","23,732,000","23,787,000","23,996,000","24,123,000","24,231,000",,"23,976,000","23,635,000","23,564,000",,"23,562,000","23,480,000","23,898,000",,"23,741,000","21,798,000","18,852,000",,"23,375,000","18,513,000","21,071,266",,"26,918,000","22,205,263","22,030,000",,"26,624,000","24,500,000","26,192,500",,"27,346,000","24,803,704","24,758,824",,"22,489,000","22,290,476","22,119,231",,"22,081,000","22,275,000","22,246,667",,"26,985,000","22,876,471","24,630,303",,"27,234,000","23,500,000","24,305,882",,"26,977,000","21,350,000","23,844,000",,"23,846,154","24,705,882","25,625,000",,"27,391,304","26,363,636","27,142,857",,"27,352,941","27,333,333","27,500,000",,"25,652,174","26,250,000","25,000,000",,"24,705,882","30,000,000","20,000,000",,"24,334,204","25,000,000","24,545,455",,"23,846,154","30,000,000","23,846,154",,"22,857,143","22,857,143","22,500,000",,"25,000,000","20,000,000","22,661,000",,"22,674,000","22,661,000","22,618,000",,"22,603,000","22,603,000","20,680,000",,"20,680,000","15,189,000","15,174,000",,"15,174,000","15,174,000","15,174,000",,"15,174,000","15,174,000","15,081,000",,"15,081,000"
TotalOperatingIncomeAsReported,"148,286,000","8,246,000","83,383,000","43,756,000","12,901,000","15,527,000","62,579,000","8,184,000","-21,994,000","-156,018,000","45,329,000","25,943,000","2,962,000","9,084,000","62,833,000","19,471,000","1,361,000","-1,848,000","55,366,000","-152,399,000","-2,010,000","2,794,000","63,695,000","40,348,000","20,020,000","17,897,000","70,451,000","52,050,000","12,496,000","16,254,000","86,904,000","46,560,000","10,084,000","23,718,000","75,204,000","46,979,000","15,528,000","32,268,000","62,630,000","52,378,000","16,955,000","36,007,000","70,782,000","45,912,000","1,651,000","25,525,000","48,275,000","26,679,000","-3,422,000","14,551,000","40,262,000","19,253,000","-1,973,000","2,880,000","39,097,000","16,265,000","4,643,000","203,187,000","27,782,000","13,801,000","-2,598,000","6,176,000","59,981,000","29,379,000","12,291,000","19,394,000","53,489,000","29,075,000","13,833,000","16,430,000","43,352,000","23,450,000","9,960,000","11,302,000","27,705,000","16,702,000","3,357,000","7,439,000","24,945,000","18,642,000","81,855,000","14,922,000","21,750,000","15,027,000","11,766,000","14,885,000","21,022,000","16,420,000","10,873,000","11,493,000","19,530,000","12,000,000","8,300,000","8,400,000","16,200,000","7,900,000","6,100,000","5,800,000","13,200,000","12,200,000","6,000,000","4,400,000","10,300,000","10,100,000","4,500,000","2,800,000","8,600,000","5,900,000","4,700,000","-900,000","3,000,000","2,900,000","-1,900,000","-100,000","-45,700,000","600,000","2,700,000","1,700,000","7,800,000","9,200,000","3,800,000","400,000","2,800,000","2,900,000","1,000,000",,"2,200,000","2,300,000",,,,,,,,,,,,,,,,,,,,
TotalExpenses,"2,266,860,000","512,785,000","662,387,000","556,476,000","535,212,000","520,498,000","571,493,000","464,737,000","411,478,000","348,130,000","620,719,000","510,521,000","481,836,000","487,298,000","119,786,000","687,040,000","651,492,000","645,255,000","867,799,000","685,501,000","618,458,000","640,455,000","816,477,000","669,885,000","613,482,000","627,339,000","857,840,000","721,697,000","641,856,000","641,697,000","804,792,000","675,319,000","603,968,000","606,218,000","711,630,000","617,873,000","566,358,000","557,791,000","717,922,000","611,723,000","526,163,000","564,002,000","651,846,000","570,268,000","468,593,000","454,733,000","510,216,000","436,039,000","365,075,000","383,859,000","436,267,000","368,478,000","333,311,000","362,513,000","616,982,000","371,218,000","345,234,000","355,586,000","436,320,000","358,639,000","330,417,000","321,880,000","417,447,000","333,836,000","291,530,000","295,515,000","352,800,000","288,050,000","261,158,000","266,788,000","308,872,000","264,281,000","236,165,000","214,078,000","223,927,000","195,781,000","176,260,000","185,307,000","222,221,000","194,515,000","92,987,000","175,671,000","195,828,000","170,745,000","154,982,000","157,033,000","191,361,000","159,173,000","131,870,000","139,506,000","153,690,000","134,000,000","117,600,000","120,300,000","137,900,000","121,900,000","125,900,000","128,000,000","141,600,000","134,800,000","114,000,000","109,800,000","123,700,000","114,000,000","98,500,000","97,400,000","111,200,000","106,100,000","104,900,000","94,100,000","122,300,000","120,300,000","142,900,000","130,700,000","190,100,000","153,500,000","143,400,000","126,700,000","143,100,000","136,900,000","126,200,000","112,500,000","122,600,000","119,200,000","117,100,000",,"128,400,000","116,300,000",,,,,,,,,,,,,,,,,,,,
NetIncomeFromContinuingAndDiscontinuedOperation,"110,919,000","4,947,000","62,140,000","32,895,000","10,937,000","8,878,000","89,918,000","7,466,000","-19,036,000","-134,777,000","35,562,000","18,899,000","577,000","6,346,000","-63,971,000","14,387,000","-15,000","-2,331,000","56,045,000","-164,821,000","-3,948,000","885,000","46,548,000","25,895,000","14,578,000","10,410,000","44,664,000","32,507,000","7,520,000","9,878,000","50,396,000","28,662,000","4,694,000","13,973,000","42,153,000","27,750,000","8,340,000","18,382,000","38,527,000","40,875,000","10,520,000","20,614,000","41,470,000","26,088,000","-392,000","14,793,000","30,861,000","16,917,000","-3,183,000","8,616,000","25,854,000","11,443,000","-2,722,000","-5,762,000","23,689,000","9,438,000","-10,290,000","129,799,000","3,247,000","5,600,000","-4,165,000","2,203,000","35,348,000","15,877,000","5,944,000","10,477,000","31,286,000","16,143,000","6,766,000","8,491,000","25,582,000","12,089,000","4,754,000","5,824,000","16,872,000","9,412,000","-891,000","3,337,000","14,008,000","10,107,000","3,963,000","8,202,000","15,266,000","7,283,000","6,183,000","8,338,000","12,297,000","8,785,000","2,562,000","5,961,000","11,522,000","6,200,000","4,200,000","4,100,000","38,700,000","6,300,000","6,600,000","3,800,000","-7,000,000","9,500,000","4,100,000","2,200,000","8,200,000","5,900,000","2,100,000","1,000,000","6,000,000","4,200,000","600,000","-600,000","15,100,000","-93,200,000","-500,000","-2,700,000","-48,300,000","-3,100,000","500,000","-700,000","4,200,000","4,900,000","1,600,000","-900,000","1,500,000","1,500,000","-200,000",,"2,200,000","-300,000",,,,,,,,,,,,,,,,,,,,
NormalizedIncome,"102,650,771.631","4,789,861","48,595,708.248","33,221,210","17,159,230","10,496,000","92,036,170","12,118,070","-17,542,799","-59,787,920","44,624,023.199","19,575,054","2,088,750","5,963,417","35,483,630.999","19,627,682","837,155","-1,071,056","61,523,140","-54,611,800","-3,840,200","1,070,423","41,053,796.742","26,341,452","7,369,880","12,804,910","44,522,455.212","32,952,848","8,362,488","11,630,502","52,318,771.949","34,765,984","5,692,300","13,416,957","45,898,800","28,694,360","3,824,000","19,344,850","48,873,744.038","41,255,350.667","10,831,932.436","20,872,000","41,942,660.005","26,385,250","563,070.175","15,721,400","32,725,999.29","18,330,896.409","-1,082,106.879","10,028,800","20,851,772.123","13,225,329.081","-357,612.777","956,800","23,490,021.544","11,030,899.311","-2,809,350","-551,923.377","5,495,450","5,646,400","-2,837,300","6,489,750","35,307,729.308","16,629,569.445","6,232,000","10,732,509.954","31,194,778.376","15,752,815.496","6,872,309.987","10,185,969.547","25,705,324.269","12,940,423.937","4,649,016.07","5,914,265.817","18,467,488.413","9,412,000","693,721.049","3,337,000","14,173,000","10,107,000","3,963,000","8,202,000","19,818,138.304","7,991,000","6,054,683.033","8,338,000","12,322,000","8,785,000","5,531,000","5,961,000","11,522,000","6,200,000","4,200,000","3,798,529.412","38,020,000","5,718,461.538","4,980,000","3,440,000","3,680,000","9,697,916.667","3,680,000","2,020,000","7,960,000","7,375,000","1,980,000","820,000","5,820,000","3,600,000","880,000","-7,120,000","391,666.667","-9,560,000","-3,440,000","-2,940,000","-48,240,000","-2,800,000","0","-700,000","4,568,421.053","5,397,101.449","1,828,571.429","-660,000","1,620,000","1,560,000","-260,000",,"1,600,000","180,000",,,,,,,,,,,,,,,,,,,,
InterestIncome,,"100,000",,"200,000","100,000","100,000",,"11,000","47,000","193,000","353,000","206,000","488,000","1,014,000","598,000","147,000","10,000","19,000",,"-3,000","6,000","0","10,000","1,000","10,000","26,000","-5,000","-16,000","17,000","15,000","37,000","23,000","18,000","32,000","17,000","9,000","18,000","22,000","29,000","41,000","10,000","15,000","31,000","16,000","16,000","2,000","3,000","0","4,000","1,000","1,000","1,000","4,000","8,000",,,,,,,,,,,,,,,,,,,,,,,,,,,,,,,,,,,,,,,,,,,,,,,,,,,,,,,,,,,,,,,,,,,,,,,,,,,,,,,,,,,,,,,,,,,,,,
InterestExpense,"2,016,000","397,000","117,000","785,000","717,000","829,000","661,000","1,415,000","1,965,000","1,049,000","848,000","808,000","835,000","848,000","971,000","984,000","1,113,000","1,047,000","1,537,000","1,457,000","1,255,000","1,177,000","1,326,000","1,489,000","1,316,000","1,163,000","1,495,000","1,330,000","945,000","660,000","890,000","914,000","800,000","733,000","1,223,000","1,199,000","1,158,000","1,061,000","1,435,000","1,342,000","1,217,000","1,132,000","1,659,000","1,885,000","1,097,000","516,000","357,000","306,000","231,000","236,000","-2,378,000","1,851,000","1,866,000","3,091,000",,,,,,,,,,,,,,,,,,,,,,,,,,,,,,,,,,,,,,,,,,,,,,,,,,,,,,,,,,,,,,,,,,,,,,,,,,,,,,,,,,,,,,,,,,,,,,
NetInterestIncome,"-2,016,000","-297,000","-517,000","-585,000","-617,000","-729,000","-912,000","-1,404,000","-1,918,000","-856,000","-495,000","-602,000","-347,000","166,000","-373,000","-837,000","-1,103,000","-1,028,000","-1,529,000","-1,457,000","-1,249,000","-1,177,000","-1,316,000","-1,488,000","-1,306,000","-1,137,000","-1,500,000","-1,330,000","-928,000","-645,000","-853,000","-891,000","-782,000","-701,000","-1,206,000","-1,190,000","-1,140,000","-1,039,000","-1,406,000","-1,301,000","-1,207,000","-1,117,000","-1,628,000","-1,869,000","-1,081,000","-514,000","-354,000","-306,000","-227,000","-235,000","2,379,000","-1,850,000","-1,862,000","-3,083,000",,,,,,,,,,,,,,,,,,,,,,,,,,,,,,,,,,,,,,,,,,,,,,,,,,,,,,,,,,,,,,,,,,,,,,,,,,,,,,,,,,,,,,,,,,,,,,
EBIT,"148,021,000","8,248,000","82,927,000","43,901,000","12,945,000","15,666,000","62,510,000","8,377,000","-21,765,000","-155,701,000","45,806,000","26,241,000","3,543,000","10,184,000","63,231,000","19,620,000","1,372,000","-1,849,000","55,374,000","-152,399,000","-2,004,000","2,794,000","75,921,000","40,349,000","22,515,000","17,923,000","75,131,000","52,050,000","12,513,000","16,269,000","86,941,000","39,533,000","10,102,000","23,750,000","75,221,000","46,988,000","15,546,000","32,290,000","62,659,000","52,419,000","16,965,000","36,022,000","70,813,000","45,928,000","1,667,000","25,527,000","48,278,000","26,679,000","-3,418,000","14,552,000","39,864,000","19,254,000","-1,969,000","-2,231,000","31,637,000","18,549,000","7,904,000","1,349,000","30,675,000","13,857,000","-2,440,000","12,771,000","59,414,000","30,462,000","12,771,000","19,503,000","53,487,000","28,286,000","14,010,000","19,297,000","43,946,000","24,117,000","9,774,000","11,448,000","28,745,000","16,702,000","3,218,000","7,439,000","27,494,000","18,642,000","81,855,000","14,922,000","26,760,000","15,027,000","11,561,000","14,885,000","24,455,000","16,420,000","10,873,000","11,493,000","19,530,000","12,000,000","8,300,000","8,400,000","16,200,000","7,900,000","6,100,000","5,800,000","13,200,000","12,200,000","6,000,000","4,400,000","10,300,000","10,100,000","4,500,000","2,800,000","8,600,000","5,900,000","4,700,000","-900,000","3,000,000","2,900,000","-1,900,000","-100,000","-45,700,000","600,000","2,700,000","1,700,000","7,800,000","9,200,000","3,800,000","400,000","2,800,000","2,900,000","1,000,000","106,200,000","2,200,000","2,300,000","117,100,000","110,000,000","-327,500,000","128,000,000","119,600,000","105,000,000","-314,400,000","117,400,000","114,700,000","101,800,000","-284,100,000","104,000,000","96,300,000","92,600,000","-374,900,000","128,700,000","128,600,000","128,600,000","-399,000,000","139,800,000"
EBITDA,"190,652,000"
ReconciledCostOfRevenue,"1,229,219,000","269,304,000","371,909,000","305,345,000","282,661,000","281,033,000","344,982,000","253,776,000","224,217,000","159,088,000","360,107,000","273,061,000","250,040,000","250,743,000","125,975,000","359,941,000","332,450,000","323,131,000","493,679,000","362,761,000","309,999,000","324,455,000","465,712,000","355,187,000","310,820,000","319,096,000","509,058,000","400,012,000","335,434,000","334,264,000","468,397,000","364,426,000","313,729,000","312,881,000","406,862,000","334,171,000","291,938,000","292,777,000","412,380,000","330,110,000","269,294,000","290,841,000","366,298,000","304,373,000","233,307,000","233,960,000","287,503,000","228,097,000","179,610,000","192,782,000","242,489,000","190,136,000","164,713,000","181,144,000","232,373,000","191,853,000","171,814,000","175,540,000","239,294,000","184,445,000","164,358,000","162,807,000","242,239,000","182,844,000","150,911,000","153,649,000","200,902,000","154,825,000","136,210,000","139,532,000","177,669,000","145,030,000","124,050,000","114,848,000","134,603,000","113,355,000","95,989,000","104,654,000","133,477,000","112,318,000","91,991,000","100,445,000","119,399,000","99,814,000","88,178,000","89,821,000","107,969,000","90,045,000","71,140,000","80,346,000","92,414,000","78,000,000","66,900,000","68,700,000","81,400,000","69,300,000","71,600,000","73,600,000","87,400,000","84,200,000","68,700,000","64,200,000","77,500,000","71,000,000","60,100,000","57,800,000","68,300,000","64,800,000","65,300,000","55,900,000","78,000,000","74,300,000","94,600,000","84,800,000","101,500,000","99,200,000","91,500,000","79,200,000","90,300,000","88,300,000","79,500,000","69,000,000","76,600,000","75,500,000","73,900,000",,"82,200,000","74,000,000",,,,,,,,,,,,,,,,,,,,
ReconciledDepreciation,"42,631,000","10,551,000","10,711,000","10,624,000","10,745,000","10,889,000","10,946,000","11,343,000","11,787,000","12,423,000","12,276,000","12,180,000","12,315,000","12,803,000","18,870,000","19,151,000","19,225,000","19,693,000","20,796,000","18,984,000","18,930,000","19,616,000","19,249,000","18,596,000","19,109,000","18,814,000","20,842,000","19,294,000","19,382,000","19,493,000","19,571,000","19,006,000","18,389,000","17,360,000","17,618,000","16,634,000","16,454,000","16,429,000","17,502,000","15,651,000","15,291,000","15,253,000","14,689,000","13,844,000","13,002,000","12,202,000","13,660,000","11,265,000","11,143,000","11,670,000","11,718,000","11,464,000","11,723,000","12,128,000","11,780,000","11,698,000","11,619,000","11,660,000","11,935,000","11,378,000","10,935,000","10,866,000","11,017,000","10,112,000","9,827,000","9,350,000","8,992,000","8,743,000","8,439,000","8,448,000","10,728,000","7,273,000","7,270,000","5,995,000","5,646,000","5,550,000","5,530,000","5,109,000","5,228,000","5,131,000","4,593,000","4,362,000","4,335,000","4,134,000","3,938,000","3,832,000","3,643,000","3,380,000","3,138,000","3,039,000","3,014,000","2,600,000","2,500,000","2,400,000","2,200,000","2,400,000","2,700,000","2,400,000","2,300,000","2,200,000","2,200,000","2,200,000","2,000,000","1,900,000","2,000,000","1,800,000","1,900,000","1,900,000","1,800,000","1,800,000","1,900,000","2,500,000","2,400,000","2,500,000","2,900,000","2,700,000","2,600,000","2,500,000","2,300,000","2,300,000","2,300,000","2,400,000","2,400,000","2,200,000","2,300,000",,"2,300,000","2,200,000",,,,,,,,,,,,,,,,,,,,
NetIncomeFromContinuingOperationNetMinorityInterest,"111,022,000","4,969,000","62,198,000","32,981,000","10,874,000","8,894,000","90,044,000","7,476,000","-18,924,000","-134,624,000","35,515,000","18,979,000","793,000","6,470,000","38,846,000","14,519,000","167,000","-2,308,000","56,254,000","-164,806,000","-3,875,000","997,000","46,843,000","25,948,000","14,504,000","10,564,000","44,988,000","32,855,000","7,593,000","9,945,000","51,757,000","28,750,000","4,768,000","14,098,000","42,212,000","27,796,000","8,465,000","18,481,000","38,677,000","40,969,000","10,561,000","20,791,000","41,498,000","26,161,000","350,000","14,975,000","31,413,000","16,967,000","-2,396,000","8,563,000","25,829,000","11,523,000","-2,663,000","-5,603,000","23,673,000","9,463,000","-4,929,000","129,892,000","3,615,000","5,610,000","-2,940,000","2,203,000","35,662,000","15,975,000","5,944,000","10,666,000","31,196,000","16,238,000","6,766,000","8,426,000","25,332,000","12,529,000","4,775,000","5,824,000","17,760,000","9,412,000","-891,000","3,337,000","14,173,000","10,107,000","3,963,000","8,202,000","15,811,000","7,991,000","6,183,000","8,338,000","12,322,000","8,785,000","5,531,000","5,961,000","11,522,000","6,200,000","4,200,000","4,100,000","38,200,000","6,300,000","6,600,000","3,800,000","-7,000,000","9,500,000","4,100,000","2,200,000","8,200,000","5,900,000","2,100,000","1,000,000","6,000,000","4,200,000","-1,100,000","-13,300,000","4,700,000","-23,000,000","-500,000","-2,700,000","-48,300,000","-3,100,000","500,000","-700,000","4,200,000","4,900,000","1,600,000","-900,000","1,500,000","1,500,000","-200,000",,"2,200,000","-300,000",,,,,,,,,,,,,,,,,,,,
TotalUnusualItemsExcludingGoodwill,"11,009,000","283,000","18,110,000","-314,000","-7,070,000","-2,670,000","-2,729,000","-6,359,000","-1,733,000","-87,120,000","-11,531,000","-799,000","-1,775,000","731,000","5,389,000","-6,558,000","-1,039,000","-1,552,000","-7,218,000","-183,657,000","-58,000","-119,000","9,219,000","-589,000","10,430,000","-3,557,000","762,000","-151,000","-1,173,000","-2,646,000","-934,000","-8,086,000","-1,422,000","1,111,000","-5,672,000","-1,480,000","7,140,000","-1,329,000","-16,141,000","-357,000","-404,000","-135,000","-741,000","-345,000","-347,000","-1,244,000","-2,003,000","-2,120,000","-2,001,000","-2,443,000","8,140,000","-2,571,000","-3,320,000","-10,092,000","282,000","-2,284,000","-3,261,000","201,838,000","-2,893,000","-56,000","-158,000","-6,595,000","567,000","-1,083,000","-480,000","-109,000","2,000","789,000","-177,000","-2,867,000","-594,000","-667,000","186,000","-146,000","-1,040,000",,"-2,442,000",,,,,,"-5,010,000",,"205,000",,,,,,,,,"500,000","300,000","600,000","2,700,000","600,000","-17,800,000","-200,000","700,000","300,000","400,000","-1,500,000","200,000","300,000","300,000","1,000,000","-3,300,000","-10,300,000","4,400,000","-22,400,000","4,900,000","400,000","-100,000","-500,000","800,000",,"-500,000","-700,000","-300,000","-400,000","-200,000","-100,000","100,000",,"1,000,000","-800,000",,,,,,,,,,,,,,,,,,,,
TotalUnusualItems,"11,009,000","283,000","18,110,000","-314,000","-7,070,000","-2,670,000","-2,729,000","-6,359,000","-1,733,000","-87,120,000","-11,531,000","-799,000","-1,775,000","731,000","5,389,000","-6,558,000","-1,039,000","-1,552,000","-7,218,000","-183,657,000","-58,000","-119,000","9,219,000","-589,000","10,430,000","-3,557,000","762,000","-151,000","-1,173,000","-2,646,000","-934,000","-8,086,000","-1,422,000","1,111,000","-5,672,000","-1,480,000","7,140,000","-1,329,000","-16,141,000","-357,000","-404,000","-135,000","-741,000","-345,000","-347,000","-1,244,000","-2,003,000","-2,120,000","-2,001,000","-2,443,000","8,140,000","-2,571,000","-3,320,000","-10,092,000","282,000","-2,284,000","-3,261,000","201,838,000","-2,893,000","-56,000","-158,000","-6,595,000","567,000","-1,083,000","-480,000","-109,000","2,000","789,000","-177,000","-2,867,000","-594,000","-667,000","186,000","-146,000","-1,040,000",,"-2,442,000",,,,,,"-5,010,000",,"205,000",,,,,,,,,"500,000","300,000","600,000","2,700,000","600,000","-17,800,000","-200,000","700,000","300,000","400,000","-1,500,000","200,000","300,000","300,000","1,000,000","-3,300,000","-10,300,000","4,400,000","-22,400,000","4,900,000","400,000","-100,000","-500,000","800,000",,"-500,000","-700,000","-300,000","-400,000","-200,000","-100,000","100,000",,"1,000,000","-800,000",,,,,,,,,,,,,,,,,,,,
NormalizedEBITDA,"179,643,000","18,516,000","75,528,000","54,839,000","30,760,000","29,225,000","76,185,000","26,079,000","-8,245,000","-56,158,000","69,613,000","39,220,000","17,633,000","22,256,000","76,712,000","45,329,000","21,636,000","19,396,000","83,388,000","50,242,000","16,984,000","22,529,000","85,951,000","59,534,000","31,194,000","40,294,000","95,211,000","71,495,000","33,068,000","38,408,000","107,446,000","66,625,000","29,913,000","39,999,000","98,511,000","65,102,000","24,860,000","50,048,000","96,302,000","68,427,000","32,660,000","51,410,000","86,243,000","60,117,000","15,016,000","38,973,000","63,941,000","40,064,000","9,726,000","28,665,000","43,442,000","33,289,000","13,074,000","19,989,000","43,135,000","32,531,000","22,784,000","-188,829,000","45,503,000","25,291,000","8,653,000","30,232,000","69,864,000","41,657,000","23,078,000","28,962,000","62,477,000","36,240,000","22,626,000","30,612,000","55,268,000","32,057,000","16,858,000","17,589,000","35,431,000","22,252,000","11,190,000","12,548,000","32,722,000","23,773,000","86,448,000","19,284,000","36,105,000","19,161,000","15,294,000","18,717,000","28,098,000","19,800,000","14,011,000","14,532,000","22,544,000","14,600,000","10,800,000","10,300,000","18,100,000","9,700,000","6,100,000","7,600,000","33,300,000","14,600,000","7,600,000","6,300,000","11,900,000","13,500,000","6,300,000","4,300,000","10,200,000","6,800,000","9,800,000","11,200,000","500,000","27,800,000","-4,300,000","2,000,000","-42,700,000","3,900,000","4,500,000","4,200,000","10,600,000","12,200,000","6,500,000","3,200,000","5,400,000","5,200,000","3,200,000","106,200,000","3,500,000","5,300,000","117,100,000","110,000,000","-327,500,000","128,000,000","119,600,000","105,000,000","-314,400,000","117,400,000","114,700,000","101,800,000","-284,100,000","104,000,000","96,300,000","92,600,000","-374,900,000","128,700,000","128,600,000","128,600,000","-399,000,000","139,800,000"
TaxRateForCalcs,"0.24","0.367","0.249","0.235","0.111","0.4","0.27","0.27","0.203","0.141","0.21","0.254","0.27","0.307","0.376","0.221","0.355","0.203","0.27","0.4","0.4","0.383","0.372","0.332","0.316","0.37","0.389","0.352","0.344","0.363","0.399","0.256","0.35","0.387","0.35","0.393","0.35","0.35","0.368","0.198","0.329","0.4","0.4","0.35","0.386","0.4","0.344","0.357","0.343","0.4","0.389","0.338","0.306","0.35","0.351","0.314","0.35","0.354","0.35","0.35","0.35","0.35","0.375","0.396","0.4","0.39","0.389","0.385","0.399","0.386","0.372","0.383","0.323","0.382","0.32","0.38","0.351","0.383","0.379","0.387","0.367","0.381","0.2","0.379","0.374","0.375","0.365","0.387","0.388","0.392","0.361","0.398","0.391","0.397","0.4","0.031","0.4","0.4","0.4","0.01","0.4","0.4","0.4","0.017","0.4","0.4","0.4","0.4","0.4","0.4","0.021","0.4","0.4","0.4","0.4","0.4","0.375","0.4","0.263","0.29","0.238","0.4","0.4","0.4","0.4",,"0.4","0.4",,,,,,,,,,,,,,,,,,,,
TaxEffectOfUnusualItems,"2,637,771.631","103,861","4,507,708.248","-73,790","-784,770","-1,068,000","-736,830","-1,716,930","-351,799","-12,283,920","-2,421,976.801","-202,946","-479,250","224,417","2,026,630.999","-1,449,318","-368,845","-315,056","-1,948,860","-73,462,800","-23,200","-45,577","3,429,796.742","-195,548","3,295,880","-1,316,090","296,455.212","-53,152","-403,512","-960,498","-372,228.051","-2,070,016","-497,700","429,957","-1,985,200","-581,640","2,499,000","-465,150","-5,944,255.962","-70,649.333","-133,067.564","-54,000","-296,339.995","-120,750","-133,929.825","-497,600","-690,000.71","-756,103.591","-687,106.879","-977,200","3,162,772.123","-868,670.919","-1,014,612.777","-3,532,200","99,021.544","-716,100.689","-1,141,350","71,394,076.623","-1,012,550","-19,600","-55,300","-2,308,250","212,729.308","-428,430.555","-192,000","-42,490.046","778.376","303,815.496","-70,690.013","-1,107,030.453","-220,675.731","-255,576.063","60,016.07","-55,734.183","-332,511.587","0","-857,278.951","0","0","0","0","0","-1,002,861.696","0","76,683.033","0","0","0","0","0","0","0","0","198,529.412","120,000","18,461.538","1,080,000","240,000","-7,120,000","-2,083.333","280,000","120,000","160,000","-25,000","80,000","120,000","120,000","400,000","-1,320,000","-4,120,000","91,666.667","-8,960,000","1,960,000","160,000","-40,000","-200,000","300,000","0","-131,578.947","-202,898.551","-71,428.571","-160,000","-80,000","-40,000","40,000",,"400,000","-320,000",,,,,,,,,,,,,,,,,,,,