name,ttm,03/31/2022,12/31/2021,09/30/2021,06/30/2021,03/31/2021,12/31/2020,09/30/2020,06/30/2020,03/31/2020,12/31/2019,09/30/2019,06/30/2019,03/31/2019,12/31/2018,09/30/2018,06/30/2018,03/31/2018,12/31/2017,09/30/2017,06/30/2017,03/31/2017,12/31/2016,09/30/2016,06/30/2016,03/31/2016,12/31/2015,09/30/2015,06/30/2015,03/31/2015,12/31/2014,09/30/2014,06/30/2014,03/31/2014,12/31/2013,09/30/2013,06/30/2013,03/31/2013,12/31/2012,09/30/2012,06/30/2012,03/31/2012,12/31/2011,09/30/2011,06/30/2011,03/31/2011,12/31/2010,09/30/2010,06/30/2010,03/31/2010,12/31/2009,09/30/2009,06/30/2009,03/31/2009,12/31/2008,09/30/2008,06/30/2008,03/31/2008,12/31/2007,09/30/2007,06/30/2007,03/31/2007,12/31/2006,09/30/2006,06/30/2006,03/31/2006,12/31/2005,09/30/2005,06/30/2005,03/31/2005,12/31/2004,09/30/2004,06/30/2004,03/31/2004,12/31/2003,09/30/2003,06/30/2003,03/31/2003,12/31/2002,09/30/2002,06/30/2002,03/31/2002,12/31/2001,09/30/2001,06/30/2001,03/31/2001,12/31/2000,09/30/2000,06/30/2000,03/31/2000,12/31/1999,09/30/1999,06/30/1999,03/31/1999,12/31/1998,09/30/1998,06/30/1998,03/31/1998,12/31/1997,09/30/1997,06/30/1997,03/31/1997,12/31/1996,09/30/1996,06/30/1996,03/31/1996,12/31/1995,09/30/1995,06/30/1995,03/31/1995,12/31/1994,09/30/1994,06/30/1994,03/31/1994,12/31/1993,09/30/1993,06/30/1993,03/31/1993,12/31/1992,09/30/1992,06/30/1992,03/31/1992,12/31/1991,09/30/1991,06/30/1991,03/31/1991,12/31/1990,09/30/1990,06/30/1990,03/31/1990,12/31/1989,09/30/1989,06/30/1989,03/31/1989,12/31/1988,09/30/1988,06/30/1988,03/31/1988,12/31/1987,09/30/1987,06/30/1987,03/31/1987,12/31/1986,09/30/1986,06/30/1986,03/31/1986,12/31/1985,09/30/1985
TotalRevenue,"2,027,764,000","494,285,000","539,619,000","486,696,000","507,164,000","454,129,000","470,340,000","439,316,000","366,892,000","373,567,000","412,292,000","400,555,000","428,328,000","404,870,000","406,438,000","415,936,000","424,570,000","406,348,000","374,859,000","379,812,000","379,483,000","340,590,000","349,063,000","327,192,000","348,126,000","304,912,000","325,557,000","318,986,000","335,489,000","306,453,000","306,005,000","302,614,000","322,549,000","289,962,000","271,923,000","277,035,000","286,020,000","269,046,000","253,678,000","256,472,000","268,184,000","234,122,000","215,594,000","227,347,000","234,663,000","217,679,000","197,293,000","189,963,000","192,088,000","164,721,000","146,312,000","147,308,000","147,712,000","137,880,000","166,689,000","207,231,000","239,230,000","204,120,000","205,190,000","207,270,000","231,384,000","197,495,000","203,421,000","202,199,000","218,632,000","192,216,000","185,603,000","176,934,000","198,221,000","170,944,000","160,819,000","149,066,000","160,165,000","134,982,000","135,286,000","133,788,000","146,364,000","119,660,000","120,563,000","125,832,000","132,796,000","107,857,000","113,481,000","118,651,000","130,873,000","109,814,000","123,178,000","120,800,000","130,168,000","120,227,000","114,500,000","110,100,000","114,700,000","103,200,000","105,100,000","106,200,000","115,200,000","105,700,000","108,200,000","101,900,000","111,700,000","92,100,000","106,900,000","97,700,000","97,100,000","90,200,000","92,600,000","94,800,000","103,400,000","95,500,000","95,800,000","89,000,000","94,200,000","80,900,000","83,600,000","81,800,000","79,400,000","77,800,000","85,000,000","76,300,000","86,100,000","72,900,000","78,100,000","80,000,000","86,300,000","67,500,000","95,400,000","78,800,000","78,900,000","68,100,000","80,100,000","70,900,000","80,000,000","66,700,000","76,400,000","67,100,000","67,200,000","57,200,000","67,300,000","59,600,000","58,900,000","54,000,000","58,100,000","55,600,000","61,100,000","50,300,000","54,100,000","55,700,000"
	OperatingRevenue,"2,027,764,000","494,285,000","539,619,000","486,696,000","507,164,000","454,129,000","470,340,000","439,316,000","366,892,000","373,567,000","412,292,000","400,555,000","428,328,000","404,870,000","406,438,000","415,936,000","424,570,000","406,348,000","374,859,000","379,812,000","379,483,000","340,590,000","349,063,000","327,192,000","348,126,000","304,912,000","325,557,000","318,986,000","335,489,000","306,453,000","306,005,000","302,614,000","322,549,000","289,962,000","271,923,000","277,035,000","286,020,000","269,046,000","253,678,000","256,472,000","268,184,000","234,122,000","215,594,000","227,347,000","234,663,000","217,679,000","197,293,000","189,963,000","192,088,000","164,721,000","146,312,000","147,308,000","147,712,000","137,880,000","166,689,000","207,231,000","239,230,000","204,120,000","205,190,000","207,270,000","231,384,000","197,495,000","203,421,000","202,199,000","218,632,000","192,216,000","185,603,000","176,934,000","198,221,000","170,944,000","160,819,000","149,066,000","160,165,000","134,982,000","135,286,000","133,788,000","146,364,000","119,660,000","120,563,000","125,832,000","132,796,000","107,857,000","113,481,000","118,651,000","130,873,000","109,814,000","123,178,000","120,800,000","130,168,000","120,227,000","114,500,000","110,100,000","114,700,000","103,200,000","105,100,000","106,200,000","115,200,000","105,700,000","108,200,000","101,900,000","111,700,000","92,100,000","106,900,000","97,700,000","97,100,000","90,200,000","92,600,000","94,800,000","103,400,000","95,500,000","95,800,000","89,000,000","94,200,000","80,900,000","83,600,000","81,800,000","79,400,000","77,800,000","85,000,000","76,300,000","86,100,000","72,900,000","78,100,000","80,000,000","86,300,000","67,500,000","95,400,000","78,800,000","78,900,000","68,100,000","80,100,000","70,900,000","80,000,000","66,700,000","76,400,000","67,100,000","67,200,000","57,200,000","67,300,000","59,600,000","58,900,000","54,000,000","58,100,000","55,600,000","61,100,000","50,300,000","54,100,000","55,700,000"
CostOfRevenue,"986,674,000","239,810,000","265,062,000","238,462,000","243,340,000","206,795,000","225,516,000","210,363,000","184,363,000","174,936,000","202,911,000","193,176,000","201,374,000","188,828,000","197,682,000","194,477,000","194,667,000","183,927,000","174,489,000","176,347,000","175,542,000","155,317,000","164,359,000","150,594,000","162,985,000","143,116,000","153,805,000","148,790,000","154,866,000","144,324,000","141,245,000","136,800,000","145,699,000","130,650,000","124,724,000","126,162,000","127,281,000","118,402,000","114,790,000","116,539,000","128,654,000","101,943,000","98,581,000","100,998,000","102,217,000","93,282,000","89,621,000","85,405,000","90,168,000","75,426,000","68,973,000","69,167,000","74,704,000","73,552,000","85,288,000","97,071,000","110,467,000","92,267,000","95,504,000","96,624,000","109,152,000","92,633,000","96,248,000","95,588,000","101,686,000","88,989,000","89,133,000","82,212,000","95,929,000","85,078,000","73,075,000","66,946,000","75,023,000","61,578,000","62,822,000","62,385,000","70,432,000","56,657,000","58,123,000","60,418,000","65,655,000","52,694,000","51,142,000","59,495,000","61,914,000","50,436,000","59,981,000","53,920,000","60,075,000","54,093,000","50,100,000","48,800,000","51,300,000","46,600,000","46,900,000","49,100,000","53,200,000","49,800,000","51,500,000","47,400,000","54,500,000","44,000,000","52,000,000","44,700,000","44,400,000","42,000,000","45,400,000","45,600,000","48,900,000","45,700,000","44,900,000","43,500,000","47,400,000","39,900,000","43,400,000","40,000,000","37,600,000","39,100,000","43,000,000","36,000,000","42,300,000","33,700,000","37,200,000","40,200,000","41,900,000","32,100,000","48,400,000","37,600,000","36,200,000","31,100,000",,,,,,,,,,,,,,,,,,
GrossProfit,"1,041,090,000","254,475,000","274,557,000","248,234,000","263,824,000","247,334,000","244,824,000","228,953,000","182,529,000","198,631,000","209,381,000","207,379,000","226,954,000","216,042,000","208,756,000","221,459,000","229,903,000","222,421,000","200,370,000","203,465,000","203,941,000","185,273,000","184,704,000","176,598,000","185,141,000","161,796,000","171,752,000","170,196,000","180,623,000","162,129,000","164,760,000","165,814,000","176,850,000","159,312,000","147,199,000","150,873,000","158,739,000","150,644,000","138,888,000","139,933,000","139,530,000","132,179,000","117,013,000","126,349,000","132,446,000","124,397,000","107,672,000","104,558,000","101,920,000","89,295,000","77,339,000","78,141,000","73,008,000","64,328,000","81,401,000","110,160,000","128,763,000","111,853,000","109,686,000","110,646,000","122,232,000","104,862,000","107,173,000","106,611,000","116,946,000","103,227,000","96,470,000","94,722,000","102,292,000","85,866,000","87,744,000","82,120,000","85,142,000","73,404,000","72,464,000","71,403,000","75,932,000","63,003,000","62,440,000","65,414,000","67,141,000","55,163,000","62,339,000","59,156,000","68,959,000","59,378,000","63,197,000","66,880,000","70,093,000","66,134,000","64,400,000","61,300,000","63,400,000","56,600,000","58,200,000","57,100,000","62,000,000","55,900,000","56,700,000","54,500,000","57,200,000","48,100,000","54,900,000","53,000,000","52,700,000","48,200,000","47,200,000","49,200,000","54,500,000","49,800,000","50,900,000","45,500,000","46,800,000","41,000,000","40,200,000","41,800,000","41,800,000","38,700,000","42,000,000","40,300,000","43,800,000","39,200,000","40,900,000","39,800,000","44,400,000","35,400,000","47,000,000","41,200,000","42,700,000","37,000,000",,,,,,,,,,,,,,,,,,
OperatingExpense,"509,690,000","126,112,000","129,962,000","123,635,000","129,981,000","119,048,000","112,696,000","103,681,000","102,794,000","108,819,000","105,212,000","103,980,000","114,593,000","111,515,000","112,182,000","106,680,000","116,525,000","110,725,000","124,150,000","103,828,000","105,172,000","99,452,000","99,560,000","95,134,000","106,799,000","100,847,000","95,676,000","93,269,000","96,732,000","96,898,000","95,295,000","86,907,000","91,002,000","84,607,000","83,870,000","81,147,000","83,522,000","79,147,000","80,986,000","83,602,000","87,055,000","74,210,000","69,625,000","69,547,000","74,191,000","67,328,000","69,869,000","61,135,000","62,711,000","56,589,000","53,634,000","51,954,000","54,562,000","58,199,000","65,982,000","57,631,000","61,700,000","59,499,000","55,543,000","52,110,000","54,518,000","52,775,000","54,658,000","51,607,000","53,118,000","48,575,000","47,873,000","47,760,000","47,948,000","44,699,000","47,897,000","38,875,000","40,145,000","39,962,000","41,045,000","37,369,000","39,673,000","35,882,000","35,557,000","34,677,000","35,408,000","31,670,000","30,412,000","33,764,000","35,749,000","34,655,000","35,163,000","38,355,000","40,057,000","41,487,000","40,700,000","37,200,000","37,100,000","37,400,000","35,000,000","37,100,000","42,500,000","41,600,000","35,000,000","36,900,000","40,600,000","38,500,000","39,700,000","37,700,000","39,100,000","39,100,000","36,700,000","38,800,000","40,100,000","40,000,000","42,200,000","38,300,000","39,700,000","38,000,000","40,600,000","35,800,000","35,500,000","33,900,000","39,600,000","34,800,000","36,300,000","35,100,000","36,000,000","33,100,000","38,000,000","34,000,000","36,500,000","32,900,000","33,800,000","32,000,000",,,,,,,,,,,,,,,,,,
	SellingGeneralAndAdministration,"430,532,000","107,034,000","111,050,000","103,873,000","108,575,000","99,477,000","93,246,000","85,966,000","84,846,000","91,738,000","88,271,000","87,257,000","97,269,000","94,946,000","96,193,000","90,946,000","100,413,000","95,436,000","108,259,000","89,013,000","90,271,000","84,953,000","83,918,000","80,463,000","91,192,000","86,161,000","82,097,000","78,486,000","81,825,000","81,608,000","81,398,000","73,122,000","77,597,000","71,448,000","69,838,000","68,639,000","71,055,000","66,726,000","68,690,000","71,117,000","74,553,000","62,572,000","58,779,000","59,124,000","63,837,000","57,397,000","60,379,000","51,872,000","53,239,000","47,115,000","44,680,000","43,202,000","44,781,000","48,148,000","56,029,000","48,005,000","52,661,000","51,559,000","48,169,000","45,023,000","46,974,000","44,503,000","46,925,000","44,120,000","45,580,000","41,363,000","40,793,000","40,729,000","41,333,000","38,455,000","41,912,000","33,644,000","34,700,000","34,840,000","36,223,000","32,905,000","35,345,000","31,409,000","30,886,000","29,864,000","30,881,000","27,509,000","26,268,000","29,098,000","30,038,000","28,368,000","26,884,000","29,100,000","31,170,000","32,458,000","32,200,000","28,600,000","28,500,000","28,800,000","28,000,000","29,600,000","33,900,000","32,800,000","28,000,000","29,500,000","32,000,000","30,200,000","32,300,000","30,000,000","31,200,000","31,600,000","30,600,000","32,300,000","33,100,000","32,800,000","35,500,000","32,300,000","33,500,000","31,800,000","38,600,000","33,400,000","33,000,000","31,400,000","37,700,000","32,700,000","34,000,000","32,800,000","33,900,000","30,900,000","35,600,000","31,600,000","34,500,000","30,500,000","31,500,000","29,800,000",,,,,,,,,,,,,,,,,,
		GeneralAndAdministrativeExpense,"158,239,000","44,039,000","36,956,000","37,795,000","39,449,000","37,249,000","33,203,000","31,957,000","36,015,000","34,350,000","30,742,000","31,719,000","36,828,000","34,129,000","33,461,000","33,676,000","37,464,000","32,914,000","43,709,000","31,072,000","34,211,000","30,042,000","26,771,000","31,194,000","35,056,000","33,460,000","30,166,000","30,112,000","31,699,000","30,184,000","29,958,000","25,656,000","28,094,000","25,106,000","24,192,000","24,342,000","26,499,000","23,372,000","26,970,000","29,887,000","32,006,000","24,546,000","21,241,000","22,451,000","24,255,000","19,914,000","19,563,000","18,592,000","20,592,000","17,955,000","15,944,000","16,613,000","16,489,000","16,215,000",,,,,,,,,,,,,,,,,,,,,,,,,,,,,,,,,,,,,,,,,,,,,,,,,,,,,,,,,,,,,,,,,,,,,,,,,,,,,,,,,,,,,,,,,,,,,,
			OtherGandA,"158,239,000","44,039,000","36,956,000","37,795,000","39,449,000","37,249,000","33,203,000","31,957,000","36,015,000","34,350,000","30,742,000","31,719,000","36,828,000","34,129,000","33,461,000","33,676,000","37,464,000","32,914,000","43,709,000","31,072,000","34,211,000","30,042,000","26,771,000","31,194,000","35,056,000","33,460,000","30,166,000","30,112,000","31,699,000","30,184,000","29,958,000","25,656,000","28,094,000","25,106,000","24,192,000","24,342,000","26,499,000","23,372,000","26,970,000","29,887,000","32,006,000","24,546,000","21,241,000","22,451,000","24,255,000","19,914,000","19,563,000","18,592,000","20,592,000","17,955,000","15,944,000","16,613,000","16,489,000","16,215,000",,,,,,,,,,,,,,,,,,,,,,,,,,,,,,,,,,,,,,,,,,,,,,,,,,,,,,,,,,,,,,,,,,,,,,,,,,,,,,,,,,,,,,,,,,,,,,
		SellingAndMarketingExpense,"272,293,000","62,995,000","74,094,000","66,078,000","69,126,000","62,228,000","60,043,000","54,009,000","48,831,000","57,388,000","57,529,000","55,538,000","60,441,000","60,817,000","62,732,000","57,270,000","62,949,000","62,522,000","64,550,000","57,941,000","56,060,000","54,911,000","57,147,000","49,269,000","56,136,000","52,701,000","51,931,000","48,374,000","50,126,000","51,424,000","51,440,000","47,466,000","49,503,000","46,342,000","45,646,000","44,297,000","44,556,000","43,354,000","41,720,000","41,230,000","42,547,000","38,026,000","37,538,000","36,673,000","39,582,000","37,483,000","40,816,000","33,280,000","32,647,000","29,160,000","28,736,000","26,589,000","28,292,000","31,933,000",,,,,,,,,,,,,,,,,,,,,,,,,,,,,,,,,,,,,,,,,,,,,,,,,,,,,,,,,,,,,,,,,,,,,,,,,,,,,,,,,,,,,,,,,,,,,,
	ResearchAndDevelopment,"79,158,000","19,078,000","18,912,000","19,762,000","21,406,000","19,571,000","19,450,000","17,715,000","17,948,000","17,081,000","16,941,000","16,723,000","17,324,000","16,569,000","15,989,000","15,734,000","16,112,000","15,289,000","15,891,000","14,815,000","14,901,000","14,499,000","15,642,000","14,671,000","15,607,000","14,686,000","13,579,000","14,783,000","14,907,000","15,290,000","13,897,000","13,785,000","13,405,000","13,159,000","14,032,000","12,508,000","12,467,000","12,421,000","12,296,000","12,485,000","12,502,000","11,638,000","10,846,000","10,423,000","10,354,000","9,931,000","9,490,000","9,263,000","9,472,000","9,474,000","8,954,000","8,752,000","9,781,000","10,051,000","9,953,000","9,626,000","9,039,000","7,940,000","7,374,000","7,087,000","7,544,000","8,272,000","7,733,000","7,487,000","7,538,000","7,212,000","7,080,000","7,031,000","6,615,000","6,244,000","5,985,000","5,231,000","5,445,000","5,122,000","4,822,000","4,464,000","4,328,000","4,473,000","4,671,000","4,813,000","4,527,000","4,161,000","4,144,000","4,666,000","5,711,000","6,287,000","4,754,000","5,324,000","4,896,000","5,024,000","5,300,000","4,800,000","4,800,000","4,800,000","4,300,000","4,400,000","4,700,000","4,800,000","4,000,000","4,200,000","4,800,000","4,800,000","4,300,000","4,700,000","4,600,000","4,200,000","4,300,000","3,600,000","3,900,000","3,900,000","3,800,000","3,700,000","3,600,000","3,600,000",,,,,,,,,,,,,,,,,,,,,,,,,,,,,,,,,,
	DepreciationAmortizationDepletionIncomeStatement,,,,,,,,,,,,,,,,,,,,,,,,,,,,,,,,,,,,,,,,,,,,,,,,,,,,,,,,,,,,,,,,,,,,,,,,,,,,,,,,,,,,,"4,706,000","4,240,000","3,525,000","3,931,000","3,991,000","4,005,000","3,200,000","3,800,000","3,800,000","3,800,000","2,700,000","3,100,000","3,900,000","4,000,000","3,000,000","3,200,000","3,800,000","3,500,000","3,100,000","3,000,000","3,300,000","3,300,000","1,800,000","2,900,000","3,100,000","3,300,000","2,900,000","2,300,000","2,600,000","2,600,000","2,000,000","2,400,000","2,500,000","2,500,000","1,900,000","2,100,000","2,300,000","2,300,000","2,100,000","2,200,000","2,400,000","2,400,000","2,000,000","2,400,000","2,300,000","2,200,000",,,,,,,,,,,,,,,,,,
		DepreciationAndAmortizationInIncomeStatement,,,,,,,,,,,,,,,,,,,,,,,,,,,,,,,,,,,,,,,,,,,,,,,,,,,,,,,,,,,,,,,,,,,,,,,,,,,,,,,,,,,,,"4,706,000","4,240,000","3,525,000","3,931,000","3,991,000","4,005,000","3,200,000","3,800,000","3,800,000","3,800,000","2,700,000","3,100,000","3,900,000","4,000,000","3,000,000","3,200,000","3,800,000","3,500,000","3,100,000","3,000,000","3,300,000","3,300,000","1,800,000","2,900,000","3,100,000","3,300,000","2,900,000","2,300,000","2,600,000","2,600,000","2,000,000","2,400,000","2,500,000","2,500,000","1,900,000","2,100,000","2,300,000","2,300,000","2,100,000","2,200,000","2,400,000","2,400,000","2,000,000","2,400,000","2,300,000","2,200,000",,,,,,,,,,,,,,,,,,
	OtherOperatingExpenses,,,,,,,,,,,,,,,,,,,,,,,,,,,,,,,,,,,,,,,,,,,,,,,,,,,,,,,,,,,,,,,,,,,,,,,,,,,,,,,,,,,,,"-4,706,000","-4,240,000",,,,,,,,,,,,,,,,,,,,,,,,,,,,,,,,,,,,,,,,,,,,,,,,,,,,,,,,,,,,,,
OperatingIncome,"531,400,000","128,363,000","144,595,000","124,599,000","133,843,000","128,286,000","132,128,000","125,272,000","79,735,000","89,812,000","104,169,000","103,399,000","112,361,000","104,527,000","96,574,000","114,779,000","113,378,000","111,696,000","76,220,000","99,637,000","98,769,000","85,821,000","85,144,000","81,464,000","78,342,000","60,949,000","76,076,000","76,927,000","83,891,000","65,231,000","69,465,000","78,907,000","85,848,000","74,705,000","63,329,000","69,726,000","75,217,000","71,497,000","57,902,000","56,331,000","52,475,000","57,969,000","47,388,000","56,802,000","58,255,000","57,069,000","37,803,000","43,423,000","39,209,000","32,706,000","23,705,000","26,187,000","18,446,000","6,129,000","15,419,000","52,529,000","67,063,000","52,354,000","54,143,000","58,536,000","67,714,000","52,087,000","52,515,000","55,004,000","63,828,000","54,652,000","48,597,000","46,962,000","54,344,000","41,167,000","39,847,000","43,245,000","44,997,000","33,442,000","31,419,000","34,034,000","36,259,000","27,121,000","26,883,000","30,737,000","31,733,000","23,493,000","31,927,000","25,392,000","33,210,000","24,723,000","28,034,000","28,525,000","30,036,000","24,647,000","23,700,000","24,100,000","26,300,000","19,200,000","23,200,000","20,000,000","19,500,000","14,300,000","21,700,000","17,600,000","16,600,000","9,600,000","15,200,000","15,300,000","13,600,000","9,100,000","10,500,000","10,400,000","14,400,000","9,800,000","8,700,000","7,200,000","7,100,000","3,000,000","-400,000","6,000,000","6,300,000","4,800,000","2,400,000","5,500,000","7,500,000","4,100,000","4,900,000","6,700,000","6,400,000","1,400,000","10,500,000","8,300,000","8,900,000","5,000,000","-187,500,000","70,900,000","80,000,000","66,700,000","-165,600,000","67,100,000","67,200,000","57,200,000","-147,800,000","59,600,000","58,900,000","54,000,000","-139,400,000","55,600,000","61,100,000","50,300,000","-131,800,000","55,700,000"
NetNonOperatingInterestIncomeExpense,"-13,074,000","-5,287,000","-2,759,000","-2,500,000","-2,528,000","-2,428,000","-2,572,000","-2,964,000","-3,258,000","-2,486,000","-2,526,000","-3,618,000","-3,431,000","-3,535,000","-3,678,000","-3,583,000","-3,891,000","-3,233,000","-4,092,000","-3,901,000","-4,154,000","-4,055,000","-4,122,000","-4,432,000","-4,543,000","-4,493,000","-4,190,000","-4,025,000","-4,125,000","-5,303,000","-4,903,000","-4,566,000","-4,676,000","-4,588,000","-4,310,000","-4,450,000","-4,625,000","-4,762,000","-4,992,000","-5,233,000","-5,359,000","-3,689,000","-3,658,000","-3,125,000","-1,732,000","-616,000","-1,025,000","-1,038,000","-1,041,000","-1,080,000","-1,119,000","-1,148,000","-1,221,000","-1,366,000",,,,,,,,,,,,,,,,,,,,,,,,,,,,,,,,,,,,,,,,,,,,,,,,,,,,,,,,,,,,,,,,,,,,,,,,,,,,,,,,,,,,,,,,,,,,,,
	InterestExpenseNonOperating,"13,074,000","5,287,000","2,759,000","2,500,000","2,528,000","2,428,000","2,572,000","2,964,000","3,258,000","2,486,000","2,526,000","3,618,000","3,431,000","3,535,000","3,678,000","3,583,000","3,891,000","3,233,000","4,092,000","3,901,000","4,154,000","4,055,000","4,122,000","4,432,000","4,543,000","4,493,000","4,190,000","4,025,000","4,125,000","5,303,000","4,903,000","4,566,000","4,676,000","4,588,000","4,310,000","4,450,000","4,625,000","4,762,000","4,992,000","5,233,000","5,359,000","3,689,000","3,658,000","3,125,000","1,732,000","616,000","1,025,000","1,038,000","1,041,000","1,080,000","1,119,000","1,148,000","1,221,000","1,366,000",,,,,,,,,,,,,,,,,,,,,,,,,,,,,,,,,,,,,,,,,,,,,,,,,,,,,,,,,,,,,,,,,,,,,,,,,,,,,,,,,,,,,,,,,,,,,,
OtherIncomeExpense,"-12,675,000","-153,000","-12,612,000","-344,000","434,000","-121,000","-49,000","-1,292,000","-34,452,000","-5,223,000","-1,109,000","-2,972,000","-1,119,000","-269,000","-2,851,000","-3,139,000","-4,251,000","-1,035,000","1,395,000","656,000","989,000","-191,000","-191,992,000","-416,000","-392,000","1,146,000","1,148,000","999,000","159,271,000","28,813,000","2,479,000","8,210,000","10,764,000","3,428,000","3,529,000","8,425,000","10,851,000","4,395,000","5,752,000","3,233,000","3,236,000","-299,000","-6,000","-325,000","-324,000",,"-270,000","-254,000","268,000","-161,000","-57,000","-203,000","-91,000","-595,000","-547,000","-623,000","-98,000","115,000","-186,000","-39,000","-92,000","106,000","-508,000","-170,000","-4,000","-5,000","166,000","-121,000","-198,000","-189,000","25,000","-113,000","-220,000","56,000","-77,000","-377,000","-84,000","101,000","18,000","-321,000","-207,000","3,000","-6,608,000","-171,000","-601,000","-213,000","300,000","-267,000","-803,000","-437,000","100,000","200,000","2,700,000","-300,000","600,000","-700,000","200,000","-300,000","-700,000","-100,000","-600,000","400,000","100,000","-300,000","1,300,000","-600,000","1,300,000",,"100,000","-400,000","-700,000","-100,000","-100,000",,"-200,000","-300,000","-200,000","-100,000","-600,000","800,000","1,100,000","-100,000","-200,000","-200,000","200,000","-100,000","-500,000","300,000","-400,000","200,000",,,,,,,,,,,,,,,,,,
	GainOnSaleOfSecurity,,,,,,,,,,,,,,,,,,,,,,,,,,,"891,000","2,388,000","158,833,000","29,523,000",,,,,,,,,,,,,,,,,,,,,,,,,,,,,,,,,,,,,,,,,,,,,,,,,,,,,,,,,,,,,,,,,,,,,,,,,,,,,,,,,,,,,,,,,,,,,,,,,,,,,,,,,,,,,,,,,,,,,,
	EarningsFromEquityInterest,,,,,,,,,,,,,,,,,,,,,,,"0","0","0","0","891,000","2,388,000","158,833,000","29,523,000",,,,,,,,,,,,,,,,,,,,,,,,,,,,,,,,,,,,,,,,,,,,,,,,,,,,,,,,,,,,,,,,,,,,,,,,,,,,,,,,,,,,,,,,,,,,,,,,,,,,,,,,,,,,,,,,,,,,,,
	SpecialIncomeCharges,,,"0","0","0",,"0","-267,000","-34,962,000",,,,,,,,,,"0",,,,"-192,020,000",,,,,,,,,,,,,,,,,"3,233,000","3,236,000","-299,000","-6,000","-325,000","-324,000","0","-270,000","-254,000","268,000","-161,000","-57,000","-203,000","-91,000","-595,000","-547,000","-623,000","-98,000","115,000","-186,000","-39,000","-92,000","106,000","-508,000","-170,000","-4,000","-5,000","166,000","-121,000","-198,000","-189,000","25,000","-113,000","-220,000","56,000","-77,000","-377,000","-84,000","101,000","18,000","-321,000","-207,000","3,000","-6,608,000","-171,000","-601,000","-213,000","300,000","-267,000","-803,000","-437,000","100,000","200,000","2,700,000","-300,000","600,000","-700,000","200,000","-300,000","-700,000","-100,000","-600,000","400,000","100,000","-300,000","1,300,000","-600,000","1,300,000",,"100,000","-400,000","-700,000","-100,000","-100,000",,"-200,000","-300,000","-200,000","-100,000","-600,000","800,000","1,100,000","-100,000","-200,000","-200,000","200,000","-100,000","-500,000","300,000","-400,000","200,000",,,,,,,,,,,,,,,,,,
		ImpairmentOfCapitalAssets,,,,,,,,,,,,,,,,,,,"0",,,,"192,020,000",,,,,,,,,,,,,,,,,,,,,,,,,,,,,,,,,,,,,,,,,,,,,,,,,,,,,,,,,,,,,,,,,,,,,,,,,,,,,,,,,,,,,,,,,,,,,,,,,,,,,,,,,,,,,,,,,,,,,,,,,,,,,
		WriteOff,,,"0","0","0",,"0","267,000","34,962,000",,,,,,,,,,"0",,,,"192,020,000",,,,,,,,,,,,,,,,,,,,,,,,,,,,,,,,,,,,,,,,,,,,,,,,,,,,,,,,,,,,,,,,,,,,,,,,,,,,,,,,,,,,,,,,,,,,,,,,,,,,,,,,,,,,,,,,,,,,,,,,,,,,,
	OtherNonOperatingIncomeExpenses,"-12,675,000","-153,000","-12,612,000","-344,000","434,000","-121,000","-49,000","-1,025,000","510,000","-5,223,000","-1,109,000","-2,972,000","-1,119,000","-269,000","-2,851,000","-3,139,000","-4,251,000","-1,035,000","1,395,000","656,000","989,000","-191,000","28,000","-416,000","-392,000","1,146,000","257,000","-1,389,000","438,000","-710,000","2,479,000","8,210,000","10,764,000","3,428,000","3,529,000","8,425,000","10,851,000","4,395,000","5,752,000",,,,,,,,,,,,,,,,,,,,,,,,,,,,,,,,,,,,,,,,,,,,,,,,,,,,,,,,,,,,,,,,,,,,,,,,,,,,,,,,,,,,,,,,,,,,,,,,,,,,,,,,,,,,,
PretaxIncome,"505,651,000","122,923,000","129,224,000","121,755,000","131,749,000","125,737,000","129,507,000","121,016,000","42,025,000","82,103,000","100,534,000","96,809,000","107,811,000","100,723,000","90,045,000","108,057,000","105,236,000","107,428,000","73,523,000","96,392,000","95,604,000","81,575,000","-110,970,000","76,616,000","73,407,000","57,602,000","73,034,000","73,901,000","239,037,000","88,741,000","67,041,000","82,551,000","91,936,000","73,545,000","62,548,000","73,701,000","81,443,000","71,130,000","58,662,000","54,331,000","50,352,000","53,981,000","43,724,000","53,352,000","56,199,000","56,453,000","36,508,000","42,131,000","38,436,000","31,465,000","22,529,000","24,836,000","17,134,000","4,168,000","12,682,000","49,972,000","65,059,000","50,866,000","52,458,000","57,463,000","66,980,000","51,935,000","51,717,000","54,492,000","63,635,000","54,522,000","48,579,000","46,498,000","53,638,000","40,639,000","39,758,000","43,017,000","44,679,000","33,327,000","31,245,000","33,511,000","36,063,000","27,094,000","26,669,000","30,294,000","31,416,000","23,346,000","25,138,000","24,960,000","27,548,000","19,820,000","27,729,000","27,273,000","27,931,000","22,975,000","22,100,000","22,500,000","27,200,000","17,000,000","21,200,000","16,800,000","19,600,000","13,800,000","20,700,000","17,400,000","15,700,000","9,700,000","15,100,000","14,900,000","14,500,000","8,300,000","11,500,000","9,700,000","13,700,000","8,700,000","7,500,000","6,600,000","6,600,000","2,700,000","-1,000,000","5,100,000","5,700,000","4,200,000","1,000,000","5,800,000","8,000,000","3,300,000","3,700,000","5,600,000","5,800,000","300,000","9,100,000","7,800,000","7,800,000","4,300,000",,,,,,,,,,,,,,,,,,
TaxProvision,"70,629,000","22,080,000","8,992,000","17,926,000","21,631,000","20,050,000","14,816,000","6,901,000","13,193,000","9,285,000","15,699,000","12,677,000","19,674,000","13,974,000","16,322,000","15,376,000","16,096,000","21,918,000","37,131,000","20,932,000","15,776,000","20,843,000","-6,757,000","22,228,000","22,460,000","18,050,000","19,490,000","23,210,000","66,400,000","19,900,000","18,000,000","23,000,000","25,700,000","22,800,000","17,800,000","17,600,000","23,600,000","19,000,000","16,400,000","17,200,000","16,000,000","18,600,000","13,300,000","16,800,000","18,100,000","19,200,000","9,500,000","11,700,000","13,600,000","10,900,000","5,300,000","7,500,000","5,500,000","1,400,000","2,600,000","17,200,000","22,600,000","15,300,000","16,800,000","18,200,000","22,800,000","18,200,000","16,100,000","17,100,000","22,300,000","19,100,000","16,300,000","15,600,000","18,000,000","13,600,000","12,200,000","14,200,000","14,700,000","11,000,000","9,900,000","10,800,000","11,600,000","8,900,000","8,600,000","9,800,000","9,900,000","7,800,000","8,000,000","8,200,000","9,300,000","6,700,000","9,000,000","9,200,000","9,600,000","8,000,000","7,000,000","7,500,000","9,200,000","5,800,000","6,700,000","5,700,000","6,800,000","4,900,000","5,500,000","4,500,000","5,300,000","3,500,000","4,700,000","4,700,000","4,500,000","2,700,000","4,300,000","3,100,000","5,200,000","3,300,000","2,500,000","2,400,000","2,400,000","900,000","-400,000","1,600,000","1,600,000","1,600,000","100,000","2,300,000","3,200,000","1,400,000","1,500,000","2,500,000","2,300,000","100,000","3,100,000","3,200,000","3,200,000","1,800,000",,,,,,,,,,,,,,,,,,
NetIncomeCommonStockholders,"435,022,000","100,843,000","120,232,000","103,829,000","110,118,000","105,687,000","114,691,000","114,115,000","28,832,000","72,818,000","84,835,000","84,132,000","88,137,000","86,749,000","73,723,000","92,681,000","89,140,000","85,510,000","36,392,000","75,460,000","79,828,000","60,732,000","-104,213,000","54,388,000","50,947,000","39,552,000","53,544,000","50,691,000","172,637,000","68,841,000","49,041,000","59,551,000","66,236,000","50,745,000","44,748,000","56,101,000","57,843,000","52,130,000","42,262,000","37,131,000","34,352,000","35,381,000","30,424,000","36,552,000","38,099,000","37,253,000","27,008,000","30,431,000","24,836,000","20,565,000","17,229,000","17,336,000","11,634,000","2,768,000","10,082,000","32,772,000","42,459,000","35,566,000","35,658,000","39,263,000","44,180,000","33,735,000","35,617,000","37,392,000","41,335,000","35,422,000","32,279,000","30,898,000","35,638,000","27,039,000","27,558,000","28,817,000","29,979,000","22,327,000","21,345,000","22,711,000","24,463,000","18,194,000","18,069,000","20,494,000","21,516,000","15,546,000","17,138,000","16,760,000","18,248,000","13,120,000","18,729,000","18,073,000","18,331,000","14,975,000","15,100,000","15,000,000","18,000,000","11,200,000","14,500,000","11,100,000","12,800,000","8,900,000","15,200,000","12,900,000","10,400,000","6,200,000","10,400,000","10,200,000","10,000,000","5,600,000","7,200,000","6,600,000","8,500,000","5,400,000","5,000,000","4,200,000","4,200,000","1,800,000","-600,000","3,500,000","4,100,000","2,600,000","-5,000,000","3,500,000","4,800,000","1,900,000","2,200,000","3,100,000","3,500,000","200,000","6,000,000","4,600,000","4,600,000","2,500,000",,,,,,,,,,,,,,,,,,
	NetIncome,"435,022,000","100,843,000","120,232,000","103,829,000","110,118,000","105,687,000","114,691,000","114,115,000","28,832,000","72,818,000","84,835,000","84,132,000","88,137,000","86,749,000","73,723,000","92,681,000","89,140,000","85,510,000","36,392,000","75,460,000","79,828,000","60,732,000","-104,213,000","54,388,000","50,947,000","39,552,000","53,544,000","50,691,000","172,637,000","68,841,000","49,041,000","59,551,000","66,236,000","50,745,000","44,748,000","56,101,000","57,843,000","52,130,000","42,262,000","37,131,000","34,352,000","35,381,000","30,424,000","36,552,000","38,099,000","37,253,000","27,008,000","30,431,000","24,836,000","20,565,000","17,229,000","17,336,000","11,634,000","2,768,000","10,082,000","32,772,000","42,459,000","35,566,000","35,658,000","39,263,000","44,180,000","33,735,000","35,617,000","37,392,000","41,335,000","35,422,000","32,279,000","30,898,000","35,638,000","27,039,000","27,558,000","28,817,000","29,979,000","22,327,000","21,345,000","22,711,000","24,463,000","18,194,000","18,069,000","20,494,000","21,516,000","15,546,000","17,138,000","16,760,000","18,248,000","13,120,000","18,729,000","18,073,000","18,331,000","14,975,000","15,100,000","15,000,000","18,000,000","11,200,000","14,500,000","11,100,000","12,800,000","8,900,000","15,200,000","12,900,000","10,400,000","6,200,000","10,400,000","10,200,000","10,000,000","5,600,000","7,200,000","6,600,000","8,500,000","5,400,000","5,000,000","4,200,000","4,200,000","1,800,000","-600,000","3,500,000","4,100,000","2,600,000","-4,900,000","3,500,000","4,800,000","1,900,000","2,200,000","3,100,000","3,500,000","200,000","6,000,000","4,600,000","4,600,000","2,500,000",,,,,,,,,,,,,,,,,,
		NetIncomeIncludingNoncontrollingInterests,"435,022,000","100,843,000","120,232,000","103,829,000","110,118,000","105,687,000","114,691,000","114,115,000","28,832,000","72,818,000","84,835,000","84,132,000","88,137,000","86,749,000","73,723,000","92,681,000","89,140,000","85,510,000","36,392,000","75,460,000","79,828,000","60,732,000","-104,213,000","54,388,000","50,947,000","39,552,000","53,544,000","50,691,000","172,637,000","68,841,000","49,041,000","59,551,000","66,236,000","50,745,000","44,748,000","56,101,000","57,843,000","52,130,000","42,262,000","37,131,000","34,352,000","35,381,000","30,424,000","36,552,000","38,099,000","37,253,000","27,008,000","30,431,000","24,836,000","20,565,000","17,229,000","17,336,000","11,634,000","2,768,000","10,082,000","32,772,000","42,459,000","35,566,000","35,658,000","39,263,000","44,180,000","33,735,000","35,617,000","37,392,000","41,335,000","35,422,000","32,279,000","30,898,000","35,638,000","27,039,000","27,558,000","28,817,000","29,979,000","22,327,000","21,345,000","22,711,000","24,463,000","18,194,000","18,069,000","20,494,000","21,516,000","15,546,000","17,138,000","16,760,000","18,248,000","13,120,000","18,729,000","18,073,000","18,331,000","14,975,000","15,100,000","15,000,000","18,000,000","11,200,000","14,500,000","11,100,000","12,800,000","8,900,000","15,200,000","12,900,000","10,400,000","6,200,000","10,400,000","10,200,000","10,000,000","5,600,000","7,200,000","6,600,000","8,500,000","5,400,000","5,000,000","4,200,000","4,200,000","1,800,000","-600,000","3,500,000","4,100,000","2,600,000","-4,900,000","3,500,000","4,800,000","1,900,000","2,200,000","3,100,000","3,500,000","200,000","6,000,000","4,600,000","4,600,000","2,500,000","5,000,000","3,400,000","3,800,000","2,400,000","2,500,000","3,700,000","4,300,000","2,800,000","4,300,000","3,100,000","3,000,000","2,400,000","3,400,000","4,400,000","3,800,000","2,700,000","3,200,000","4,700,000"
			NetIncomeContinuousOperations,"435,022,000","100,843,000","120,232,000","103,829,000","110,118,000","105,687,000","114,691,000","114,115,000","28,832,000","72,818,000","84,835,000","84,132,000","88,137,000","86,749,000","73,723,000","92,681,000","89,140,000","85,510,000","36,392,000","75,460,000","79,828,000","60,732,000","-104,213,000","54,388,000","50,947,000","39,552,000","53,544,000","50,691,000","172,637,000","68,841,000","49,041,000","59,551,000","66,236,000","50,745,000","44,748,000","56,101,000","57,843,000","52,130,000","42,262,000","37,131,000","34,352,000","35,381,000","30,424,000","36,552,000","38,099,000","37,253,000","27,008,000","30,431,000","24,836,000","20,565,000","17,229,000","17,336,000","11,634,000","2,768,000","10,082,000","32,772,000","42,459,000","35,566,000","35,658,000","39,263,000","44,180,000","33,735,000","35,617,000","37,392,000","41,335,000","35,422,000","32,279,000","30,898,000","35,638,000","27,039,000","27,558,000","28,817,000","29,979,000","22,327,000","21,345,000","22,711,000","24,463,000","18,194,000","18,069,000","20,494,000","21,516,000","15,546,000","17,138,000","16,760,000","18,248,000","13,120,000","18,729,000","18,073,000","18,331,000","14,975,000","15,100,000","15,000,000","18,000,000","11,200,000","14,500,000","11,100,000","12,800,000","8,900,000","15,200,000","12,900,000","10,400,000","6,200,000","10,400,000","10,200,000","10,000,000","5,600,000","7,200,000","6,600,000","8,500,000","5,400,000","5,000,000","4,200,000","4,200,000","1,800,000","-600,000","3,500,000","4,100,000","2,600,000","900,000","3,500,000","4,800,000","1,900,000","2,200,000","3,100,000","3,500,000","200,000","6,000,000","4,600,000","4,600,000","2,500,000","5,000,000","3,400,000","3,800,000","2,400,000","2,500,000","3,700,000","4,300,000","2,800,000","4,300,000","3,100,000","3,000,000","2,400,000","3,400,000","4,400,000","3,800,000","2,700,000","3,200,000","4,700,000"
	PreferredStockDividends,,,,,,,,,,,,,,,,,,,,,,,,,,,,,,,,,,,,,,,,,,,,,,,,,,,,,,,,,,,,,,,,,,,,,,,,,,,,,,,,,,,,,,,,,,,,,,,,,,,,,,,,,,,,,,,,,,,,,,,,,,,"0",,,,"0",,,,,,,,,,,,,,,,,,,,,
DilutedNIAvailtoComStockholders,"435,022,000","100,843,000","120,232,000","103,829,000","110,118,000","105,687,000","114,691,000","114,115,000","28,832,000","72,818,000","84,835,000","84,132,000","88,137,000","86,749,000","73,723,000","92,681,000","89,140,000","85,510,000","36,392,000","75,460,000","79,828,000","60,732,000","-104,213,000","54,388,000","50,947,000","39,552,000","53,544,000","50,691,000","172,637,000","68,841,000","49,041,000","59,551,000","66,236,000","50,745,000","44,748,000","56,101,000","57,843,000","52,130,000","42,262,000","37,131,000","34,352,000","35,381,000","30,424,000","36,552,000","38,099,000","37,253,000","27,008,000","30,431,000","24,836,000","20,565,000","17,229,000","17,336,000","11,634,000","2,768,000","10,082,000","32,772,000","42,459,000","35,566,000","35,658,000","39,263,000","44,180,000","33,735,000","35,617,000","37,392,000","41,335,000","35,422,000","32,279,000","30,898,000","35,638,000","27,039,000","27,558,000","28,817,000","29,979,000","22,327,000","21,345,000","22,711,000","24,463,000","18,194,000","18,069,000","20,494,000","21,516,000","15,546,000","17,138,000","16,760,000","18,248,000","13,120,000","18,729,000","18,073,000","18,331,000","14,975,000","15,100,000","15,000,000","18,000,000","11,200,000","14,500,000","11,100,000","12,800,000","8,900,000","15,200,000","12,900,000","10,400,000","6,200,000","10,400,000","10,200,000","10,000,000","5,600,000","7,200,000","6,600,000","8,500,000","5,400,000","5,000,000","4,200,000","4,200,000","1,800,000","-600,000","3,500,000","4,100,000","2,600,000","-5,000,000","3,500,000","4,800,000","1,900,000","2,200,000","3,100,000","3,500,000","200,000","6,000,000","4,600,000","4,600,000","2,500,000",,,,,,,,,,,,,,,,,,
BasicEPS,,"0.59","0.71","0.61","0.65","0.63","0.68","0.68","0.17","0.43","0.51","0.5","0.53","0.52","0.44","0.55","0.53","0.51","0.22","0.45","0.477","0.363","-0.623","0.327","0.307","0.237","0.32","0.293","0.987","0.39","0.277","0.33","0.367","0.277","0.243","0.303","0.313","0.287","0.233","0.203","0.19","0.197",,"0.2","0.21","0.207",,"0.17","0.137","0.113",,"0.097","0.063","0.017",,"0.183","0.233","0.193",,"0.203","0.223","0.17",,"0.183","0.203","0.173",,"0.15","0.173","0.13",,"0.14","0.143","0.107",,"0.111","0.12","0.087",,"0.096","0.1","0.074",,"0.08","0.087","0.064",,"0.088","0.09","0.072",,"0.073","0.087","0.055",,"0.053","0.049","0.034",,"0.049","0.04","0.024",,"0.039","0.039","0.022",,"0.025","0.033","0.021",,"0.016","0.016","0.007",,"0.013","0.016","0.01",,"0.013","0.019","0.007",,"0.012","0.013","0.001",,"0.019","0.018","0.01",,"0.013","0.015","0.01",,"0.015","0.012","0.012",,"0.01","0.01","0.007",,"0.015","0.013","0.009",,"0.016"
DilutedEPS,,"0.58","0.69","0.59","0.63","0.61","0.66","0.66","0.17","0.42","0.49","0.49","0.51","0.51","0.43","0.54","0.51","0.49","0.21","0.433","0.46","0.35","-0.623","0.317","0.297","0.233","0.313","0.287","0.967","0.38","0.267","0.323","0.357","0.27","0.237","0.297","0.307","0.28","0.227","0.2","0.187","0.193",,"0.2","0.203","0.203",,"0.167","0.137","0.113",,"0.097","0.063","0.017",,"0.18","0.23","0.19",,"0.2","0.22","0.167",,"0.18","0.2","0.17",,"0.147","0.17","0.127",,"0.137","0.143","0.107",,"0.109","0.118","0.084",,"0.093","0.098","0.073",,"0.079","0.086","0.062",,"0.087","0.088","0.071",,"0.071","0.085","0.053",,"0.052","0.047","0.034",,"0.049","0.04","0.024",,"0.039","0.037","0.021",,"0.025","0.033","0.021",,"0.016","0.016","0.007",,"0.013","0.016","0.01",,"0.013","0.019","0.007",,"0.012","0.013","0.001",,"0.019","0.018","0.01",,"0.013","0.015","0.01",,"0.015","0.012","0.012",,"0.01","0.01","0.007",,"0.015","0.013","0.009",,"0.016"
BasicAverageShares,,"169,809,000","170,164,000","169,834,000","169,594,000","168,948,000","168,104,000","167,102,000","166,663,000","167,977,000","166,911,000","166,848,000","166,684,000","165,616,000","165,875,000","167,247,000","167,260,000","169,073,000","168,924,000","168,069,000","167,403,000","167,304,000","167,235,000","167,052,000","166,902,000","166,182,000","167,694,000","171,975,000","174,705,000","176,943,000","178,164,000","179,784,000","181,359,000","182,466,000","183,444,000","183,999,000","184,113,000","182,883,000","182,091,000","181,710,000","181,452,000","180,156,000",,"181,290,000","182,163,000","180,810,000",,"180,321,000","181,791,000","180,618,000",,"179,820,000","179,709,000","178,914,000",,"179,307,000","181,967,143","183,762,000",,"193,096,721","197,820,896","200,001,000",,"203,956,364","203,286,885","204,357,692",,"205,986,667","205,603,846","207,222,000",,"205,835,714","209,155,814","207,246,000",,"204,399,000","203,858,333","212,442,279",,"214,472,093","215,160,000","211,104,342",,"209,500,000","208,769,492","206,080,620",,"205,605,758","203,957,555","207,701,199",,"206,425,806","205,726,041","204,120,066",,"207,917,083","261,557,219","260,935,851",,"263,600,635","259,740,260","261,302,015",,"264,543,403","259,356,278","251,749,509",,"261,797,411","260,533,737","260,098,902",,"257,468,634","257,468,634","242,762,093",,"262,237,762","251,338,428","250,465,609",,"262,237,762","248,979,874","256,248,876",,"261,302,015","262,237,762","255,172,047",,"238,605,713","258,489,895","240,832,316",,"238,511,055","238,511,055","236,923,812",,"236,923,812","236,782,272","236,782,272",,"251,350,539","302,263,629","302,678,133",,"302,445,603","302,445,603","296,733,552",,"296,733,552"
DilutedAverageShares,,"174,678,000","174,910,000","174,774,000","174,572,000","173,848,000","173,187,000","171,653,000","170,549,000","172,642,000","171,814,000","171,777,000","172,047,000","170,859,000","170,899,000","173,037,000","173,265,000","175,649,000","175,738,000","174,612,000","173,781,000","173,136,000","171,309,000","170,907,000","171,120,000","170,127,000","171,771,000","175,992,000","178,866,000","181,395,000","182,919,000","184,626,000","186,084,000","187,314,000","188,751,000","188,988,000","188,523,000","187,224,000","185,760,000","185,334,000","185,409,000","184,014,000",,"184,245,000","186,210,000","184,080,000",,"181,872,000","183,552,000","182,139,000",,"180,942,000","180,549,000","179,709,000",,"181,095,000","184,604,348","185,751,000",,"196,315,000","200,818,182","203,145,000",,"207,733,333","206,675,000","208,364,706",,"210,668,182","209,635,294","210,822,000",,"210,856,098","209,155,814","210,726,000",,"208,570,408","207,704,717","215,437,782",,"219,578,571","220,050,000","215,244,702",,"213,452,830","212,368,966","209,910,786",,"207,942,188","208,540,871","210,585,938",,"210,726,444","212,944,670","209,790,210",,"213,857,724","261,557,219","260,935,851",,"263,600,635","259,740,260","261,302,015",,"264,543,403","269,730,809","269,732,194",,"261,797,411","260,533,737","260,098,902",,"257,468,634","257,468,634","242,762,093",,"262,237,762","251,338,428","250,465,609",,"262,237,762","248,979,874","256,248,876",,"261,302,015","262,237,762","255,172,047",,"238,605,713","258,489,895","240,832,316",,"238,511,055","238,511,055","236,923,812",,"236,923,812","236,782,272","236,782,272",,"251,350,539","302,263,629","302,678,133",,"302,445,603","302,445,603","296,733,552",,"296,733,552"
TotalOperatingIncomeAsReported,"531,400,000","128,363,000","144,595,000","124,599,000","133,843,000","128,286,000","132,128,000","125,005,000","44,773,000","89,812,000","104,169,000","103,399,000","112,361,000","104,527,000","96,574,000","114,779,000","113,378,000","111,696,000","76,220,000","99,637,000","98,769,000","85,821,000","-106,876,000","81,464,000","78,342,000","60,949,000","76,076,000","76,927,000","83,891,000","65,231,000","69,465,000","78,907,000","85,848,000","74,705,000","63,329,000","69,726,000","75,217,000","71,497,000","57,902,000","56,331,000","52,475,000","57,969,000","47,388,000","56,802,000","58,255,000","57,069,000","37,803,000","43,423,000","39,209,000","32,706,000","23,705,000","26,187,000","18,446,000","6,129,000","15,419,000","52,529,000","67,063,000","52,354,000","54,143,000","58,536,000","67,714,000","52,087,000","52,515,000","55,004,000","63,828,000","54,652,000","48,597,000","46,962,000","54,344,000","41,167,000","39,847,000","43,245,000","44,997,000","33,442,000","31,419,000","34,034,000","36,259,000","27,121,000","26,883,000","30,737,000","31,733,000","23,493,000","25,803,000","25,392,000","28,504,000","20,483,000","28,034,000","28,525,000","30,036,000","24,647,000","23,700,000","24,100,000","26,300,000","19,200,000","23,200,000","20,000,000","19,500,000","14,300,000","21,700,000","17,600,000","16,600,000","9,600,000","15,200,000","15,300,000","13,600,000","9,100,000","10,500,000","10,400,000","14,400,000","9,800,000","8,700,000","7,200,000","7,100,000","3,000,000","-400,000","6,000,000","6,300,000","4,800,000","2,400,000","5,500,000","7,500,000","4,100,000","4,900,000","6,700,000","6,400,000","1,400,000","10,500,000","8,300,000","8,900,000","5,000,000",,,,,,,,,,,,,,,,,,
TotalExpenses,"1,496,364,000","365,922,000","395,024,000","362,097,000","373,321,000","325,843,000","338,212,000","314,044,000","287,157,000","283,755,000","308,123,000","297,156,000","315,967,000","300,343,000","309,864,000","301,157,000","311,192,000","294,652,000","298,639,000","280,175,000","280,714,000","254,769,000","263,919,000","245,728,000","269,784,000","243,963,000","249,481,000","242,059,000","251,598,000","241,222,000","236,540,000","223,707,000","236,701,000","215,257,000","208,594,000","207,309,000","210,803,000","197,549,000","195,776,000","200,141,000","215,709,000","176,153,000","168,206,000","170,545,000","176,408,000","160,610,000","159,490,000","146,540,000","152,879,000","132,015,000","122,607,000","121,121,000","129,266,000","131,751,000","151,270,000","154,702,000","172,167,000","151,766,000","151,047,000","148,734,000","163,670,000","145,408,000","150,906,000","147,195,000","154,804,000","137,564,000","137,006,000","129,972,000","143,877,000","129,777,000","120,972,000","105,821,000","115,168,000","101,540,000","103,867,000","99,754,000","110,105,000","92,539,000","93,680,000","95,095,000","101,063,000","84,364,000","81,554,000","93,259,000","97,663,000","85,091,000","95,144,000","92,275,000","100,132,000","95,580,000","90,800,000","86,000,000","88,400,000","84,000,000","81,900,000","86,200,000","95,700,000","91,400,000","86,500,000","84,300,000","95,100,000","82,500,000","91,700,000","82,400,000","83,500,000","81,100,000","82,100,000","84,400,000","89,000,000","85,700,000","87,100,000","81,800,000","87,100,000","77,900,000","84,000,000","75,800,000","73,100,000","73,000,000","82,600,000","70,800,000","78,600,000","68,800,000","73,200,000","73,300,000","79,900,000","66,100,000","84,900,000","70,500,000","70,000,000","63,100,000",,,,,,,,,,,,,,,,,,
NetIncomeFromContinuingAndDiscontinuedOperation,"435,022,000","100,843,000","120,232,000","103,829,000","110,118,000","105,687,000","114,691,000","114,115,000","28,832,000","72,818,000","84,835,000","84,132,000","88,137,000","86,749,000","73,723,000","92,681,000","89,140,000","85,510,000","36,392,000","75,460,000","79,828,000","60,732,000","-104,213,000","54,388,000","50,947,000","39,552,000","53,544,000","50,691,000","172,637,000","68,841,000","49,041,000","59,551,000","66,236,000","50,745,000","44,748,000","56,101,000","57,843,000","52,130,000","42,262,000","37,131,000","34,352,000","35,381,000","30,424,000","36,552,000","38,099,000","37,253,000","27,008,000","30,431,000","24,836,000","20,565,000","17,229,000","17,336,000","11,634,000","2,768,000","10,082,000","32,772,000","42,459,000","35,566,000","35,658,000","39,263,000","44,180,000","33,735,000","35,617,000","37,392,000","41,335,000","35,422,000","32,279,000","30,898,000","35,638,000","27,039,000","27,558,000","28,817,000","29,979,000","22,327,000","21,345,000","22,711,000","24,463,000","18,194,000","18,069,000","20,494,000","21,516,000","15,546,000","17,138,000","16,760,000","18,248,000","13,120,000","18,729,000","18,073,000","18,331,000","14,975,000","15,100,000","15,000,000","18,000,000","11,200,000","14,500,000","11,100,000","12,800,000","8,900,000","15,200,000","12,900,000","10,400,000","6,200,000","10,400,000","10,200,000","10,000,000","5,600,000","7,200,000","6,600,000","8,500,000","5,400,000","5,000,000","4,200,000","4,200,000","1,800,000","-600,000","3,500,000","4,100,000","2,600,000","900,000","3,500,000","4,800,000","1,900,000","2,200,000","3,100,000","3,500,000","200,000","6,000,000","4,600,000","4,600,000","2,500,000",,,,,,,,,,,,,,,,,,
NormalizedIncome,"435,022,000","100,843,000","120,232,000","103,829,000","110,118,000","105,687,000","114,691,000","114,366,781","52,815,932","72,818,000","84,835,000","84,132,000","88,137,000","86,749,000","73,723,000","92,681,000","89,140,000","85,510,000","36,392,000","75,460,000","79,828,000","60,732,000","-104,213,000","54,388,000","50,947,000","39,552,000","52,890,774.05","49,043,280","58,277,240","45,813,060","49,041,000","59,551,000","66,236,000","50,745,000","44,748,000","56,101,000","57,843,000","52,130,000","42,262,000","34,921,496.715","32,144,280.902","35,576,974.862","30,428,174.915","36,774,660.819","38,318,649.389","37,253,000","27,207,741.427","30,614,462.866","24,662,827.766","20,670,226.919","17,272,590.617","17,477,697.858","11,695,789.074","3,163,143.954","10,516,856.805","33,180,567.918","42,522,957.054","35,485,590.886","35,784,432.346","39,289,647.704","44,240,683.189","33,666,146.433","35,966,854.709","37,508,652.72","41,337,598.256","35,425,248.413","32,168,698.965","30,978,404.706","35,769,554.57","27,164,750.412","27,540,671.412","28,892,698.468","30,126,617.001","22,289,483.512","21,397,602.496","22,966,499.597","24,519,980.617","18,126,177.087","18,056,804.492","20,711,157.655","21,657,768.908","15,544,002.313","21,643,048.293","16,874,822.115","18,646,106.868","13,260,996.973","18,526,370.983","18,249,932.901","18,858,005.585","15,259,834.603","15,031,674.208","14,866,666.667","16,213,235.294","11,397,647.059","14,089,622.642","11,562,500","12,669,387.755","9,093,478.261","15,714,009.662","12,974,137.931","10,797,452.229","5,944,329.897","10,331,125.828","10,405,369.128","9,103,448.276","6,004,819.277","6,386,086.957","6,600,000","8,437,956.204","5,648,275.862","5,466,666.667","4,263,636.364","4,263,636.364","1,800,000","-480,000","3,705,882.353","4,243,859.649","2,661,904.762","1,440,000","3,017,241.379","4,140,000","1,960,000","2,320,000","3,220,000","3,379,310.345","266,666.667","6,329,670.33","4,420,000","4,840,000","2,380,000",,,,,,,,,,,,,,,,,,
InterestExpense,"13,074,000","5,287,000","2,759,000","2,500,000","2,528,000","2,428,000","2,572,000","2,964,000","3,258,000","2,486,000","2,526,000","3,618,000","3,431,000","3,535,000","3,678,000","3,583,000","3,891,000","3,233,000","4,092,000","3,901,000","4,154,000","4,055,000","4,122,000","4,432,000","4,543,000","4,493,000","4,190,000","4,025,000","4,125,000","5,303,000","4,903,000","4,566,000","4,676,000","4,588,000","4,310,000","4,450,000","4,625,000","4,762,000","4,992,000","5,233,000","5,359,000","3,689,000","3,658,000","3,125,000","1,732,000","616,000","1,025,000","1,038,000","1,041,000","1,080,000","1,119,000","1,148,000","1,221,000","1,366,000",,,,,,,,,,,,,,,,,,,,,,,,,,,,,,,,,,,,,,,,,,,,,,,,,,,,,,,,,,,,,,,,,,,,,,,,,,,,,,,,,,,,,,,,,,,,,,
NetInterestIncome,"-13,074,000","-5,287,000","-2,759,000","-2,500,000","-2,528,000","-2,428,000","-2,572,000","-2,964,000","-3,258,000","-2,486,000","-2,526,000","-3,618,000","-3,431,000","-3,535,000","-3,678,000","-3,583,000","-3,891,000","-3,233,000","-4,092,000","-3,901,000","-4,154,000","-4,055,000","-4,122,000","-4,432,000","-4,543,000","-4,493,000","-4,190,000","-4,025,000","-4,125,000","-5,303,000","-4,903,000","-4,566,000","-4,676,000","-4,588,000","-4,310,000","-4,450,000","-4,625,000","-4,762,000","-4,992,000","-5,233,000","-5,359,000","-3,689,000","-3,658,000","-3,125,000","-1,732,000","-616,000","-1,025,000","-1,038,000","-1,041,000","-1,080,000","-1,119,000","-1,148,000","-1,221,000","-1,366,000",,,,,,,,,,,,,,,,,,,,,,,,,,,,,,,,,,,,,,,,,,,,,,,,,,,,,,,,,,,,,,,,,,,,,,,,,,,,,,,,,,,,,,,,,,,,,,
EBIT,"518,725,000","128,210,000","131,983,000","124,255,000","134,277,000","128,165,000","132,079,000","123,980,000","45,283,000","84,589,000","103,060,000","100,427,000","111,242,000","104,258,000","93,723,000","111,640,000","109,127,000","110,661,000","77,615,000","100,293,000","99,758,000","85,630,000","-106,848,000","81,048,000","77,950,000","62,095,000","77,224,000","77,926,000","243,162,000","94,044,000","71,944,000","87,117,000","96,612,000","78,133,000","66,858,000","78,151,000","86,068,000","75,892,000","63,654,000","59,564,000","55,711,000","57,670,000","47,382,000","56,477,000","57,931,000","57,069,000","37,533,000","43,169,000","39,477,000","32,545,000","23,648,000","25,984,000","18,355,000","5,534,000","14,266,000","52,529,000","67,063,000","52,354,000","54,143,000","58,536,000","67,714,000","52,087,000","52,515,000","55,004,000","63,828,000","54,652,000","48,597,000","46,962,000","54,344,000","41,167,000","39,847,000","43,245,000","44,997,000","33,442,000","31,419,000","34,034,000","36,259,000","27,121,000","26,883,000","30,737,000","31,733,000","23,493,000","31,927,000","25,392,000","33,210,000","24,723,000","28,034,000","28,525,000","30,036,000","24,647,000","23,700,000","24,100,000","26,300,000","19,200,000","23,200,000","20,000,000","19,500,000","14,300,000","21,700,000","17,600,000","16,600,000","9,600,000","15,200,000","15,300,000","13,600,000","9,100,000","10,500,000","10,400,000","14,400,000","9,800,000","8,700,000","7,200,000","7,100,000","3,000,000","-400,000","6,000,000","6,300,000","4,800,000","2,400,000","5,500,000","7,500,000","4,100,000","4,900,000","6,700,000","6,400,000","1,400,000","10,500,000","8,300,000","8,900,000","5,000,000","-187,500,000","70,900,000","80,000,000","66,700,000","-165,600,000","67,100,000","67,200,000","57,200,000","-147,800,000","59,600,000","58,900,000","54,000,000","-139,400,000","55,600,000","61,100,000","50,300,000","-131,800,000","55,700,000"
EBITDA,"579,105,000"
ReconciledCostOfRevenue,"986,674,000","239,810,000","265,062,000","238,462,000","243,340,000","206,795,000","225,516,000","210,363,000","184,363,000","174,936,000","202,911,000","193,176,000","201,374,000","188,828,000","197,682,000","194,477,000","194,667,000","183,927,000","174,489,000","176,347,000","175,542,000","155,317,000","164,359,000","150,594,000","162,985,000","143,116,000","153,805,000","148,790,000","154,866,000","144,324,000","141,245,000","136,800,000","145,699,000","130,650,000","124,724,000","126,162,000","127,281,000","118,402,000","114,790,000","116,539,000","128,654,000","101,943,000","98,581,000","100,998,000","102,217,000","93,282,000","89,621,000","85,405,000","90,168,000","75,426,000","68,973,000","69,167,000","74,704,000","73,552,000","85,288,000","97,071,000","110,467,000","92,267,000","95,504,000","96,624,000","109,152,000","92,633,000","96,248,000","95,588,000","101,686,000","88,989,000","89,133,000","82,212,000","95,929,000","85,078,000","73,075,000","66,946,000","75,023,000","61,578,000","62,822,000","62,385,000","70,432,000","56,657,000","58,123,000","60,418,000","65,655,000","52,694,000","51,142,000","59,495,000","61,914,000","50,436,000","59,981,000","53,920,000","60,075,000","54,093,000","50,100,000","48,700,000","51,300,000","46,600,000","46,900,000","49,100,000","53,200,000","49,800,000","51,500,000","47,400,000","54,500,000","44,000,000","52,000,000","44,700,000","44,400,000","42,000,000","45,400,000","45,600,000","48,900,000","45,700,000","44,900,000","43,500,000","47,400,000","39,900,000","43,400,000","40,000,000","37,700,000","39,100,000","43,000,000","36,000,000","42,300,000","33,700,000","37,200,000","40,200,000","41,900,000","32,100,000","48,400,000","37,600,000","36,200,000","31,100,000",,,,,,,,,,,,,,,,,,
ReconciledDepreciation,"60,380,000","15,570,000","14,479,000","15,034,000","15,297,000","14,515,000","14,615,000","13,748,000","13,904,000","13,062,000","12,510,000","12,314,000","12,074,000","12,013,000","12,184,000","11,815,000","11,104,000","12,651,000","11,963,000","11,258,000","11,268,000","11,094,000","11,444,000","12,346,000","12,490,000","12,010,000","11,321,000","11,317,000","11,159,000","10,810,000","7,894,000","9,294,000","9,065,000","9,262,000","9,568,000","9,111,000","9,365,000","9,272,000","10,318,000","10,063,000","10,306,000","8,075,000","6,175,000","8,766,000","9,115,000","8,427,000","8,477,000","8,177,000","8,741,000","8,578,000","8,940,000","9,247,000","8,478,000","8,475,000","12,185,000","7,573,000","8,342,000","7,395,000","7,895,000","6,776,000","7,035,000","6,959,000","7,015,000","6,938,000","6,312,000","5,781,000","5,893,000","5,797,000","6,103,000","5,703,000","4,475,000","4,257,000","4,474,000","4,602,000","5,179,000","4,369,000","4,798,000","4,401,000","4,204,000","4,460,000","4,824,000","4,592,000","4,921,000","4,627,000","4,706,000","4,240,000","3,525,000","3,931,000","3,991,000","4,005,000","3,200,000","3,900,000","3,800,000","3,800,000","2,700,000","3,100,000","3,900,000","4,000,000","3,000,000","3,200,000","3,800,000","3,500,000","3,100,000","3,000,000","3,300,000","3,300,000","1,800,000","2,900,000","3,100,000","3,300,000","2,900,000","2,300,000","2,600,000","2,600,000","2,000,000","2,400,000","2,400,000","2,500,000","1,900,000","2,100,000","2,300,000","2,300,000","2,100,000","2,200,000","2,400,000","2,400,000","2,000,000","2,400,000","2,300,000","2,200,000",,,,,,,,,,,,,,,,,,
NetIncomeFromContinuingOperationNetMinorityInterest,"435,022,000","100,843,000","120,232,000","103,829,000","110,118,000","105,687,000","114,691,000","114,115,000","28,832,000","72,818,000","84,835,000","84,132,000","88,137,000","86,749,000","73,723,000","92,681,000","89,140,000","85,510,000","36,392,000","75,460,000","79,828,000","60,732,000","-104,213,000","54,388,000","50,947,000","39,552,000","53,544,000","50,691,000","172,637,000","68,841,000","49,041,000","59,551,000","66,236,000","50,745,000","44,748,000","56,101,000","57,843,000","52,130,000","42,262,000","37,131,000","34,352,000","35,381,000","30,424,000","36,552,000","38,099,000","37,253,000","27,008,000","30,431,000","24,836,000","20,565,000","17,229,000","17,336,000","11,634,000","2,768,000","10,082,000","32,772,000","42,459,000","35,566,000","35,658,000","39,263,000","44,180,000","33,735,000","35,617,000","37,392,000","41,335,000","35,422,000","32,279,000","30,898,000","35,638,000","27,039,000","27,558,000","28,817,000","29,979,000","22,327,000","21,345,000","22,711,000","24,463,000","18,194,000","18,069,000","20,494,000","21,516,000","15,546,000","17,138,000","16,760,000","18,248,000","13,120,000","18,729,000","18,073,000","18,331,000","14,975,000","15,100,000","15,000,000","18,000,000","11,200,000","14,500,000","11,100,000","12,800,000","8,900,000","15,200,000","12,900,000","10,400,000","6,200,000","10,400,000","10,200,000","10,000,000","5,600,000","7,200,000","6,600,000","8,500,000","5,400,000","5,000,000","4,200,000","4,200,000","1,800,000","-600,000","3,500,000","4,100,000","2,600,000","900,000","3,500,000","4,800,000","1,900,000","2,200,000","3,100,000","3,500,000","200,000","6,000,000","4,600,000","4,600,000","2,500,000",,,,,,,,,,,,,,,,,,
TotalUnusualItemsExcludingGoodwill,"0",,"0","0","0",,"0","-267,000","-34,962,000",,,,,,,,,,"0",,,,"-192,020,000",,,,"891,000","2,388,000","158,833,000","29,523,000",,,,,,,,,,"3,233,000","3,236,000","-299,000","-6,000","-325,000","-324,000","0","-270,000","-254,000","268,000","-161,000","-57,000","-203,000","-91,000","-595,000","-547,000","-623,000","-98,000","115,000","-186,000","-39,000","-92,000","106,000","-508,000","-170,000","-4,000","-5,000","166,000","-121,000","-198,000","-189,000","25,000","-113,000","-220,000","56,000","-77,000","-377,000","-84,000","101,000","18,000","-321,000","-207,000","3,000","-6,608,000","-171,000","-601,000","-213,000","300,000","-267,000","-803,000","-437,000","100,000","200,000","2,700,000","-300,000","600,000","-700,000","200,000","-300,000","-700,000","-100,000","-600,000","400,000","100,000","-300,000","1,300,000","-600,000","1,300,000",,"100,000","-400,000","-700,000","-100,000","-100,000",,"-200,000","-300,000","-200,000","-100,000","-600,000","800,000","1,100,000","-100,000","-200,000","-200,000","200,000","-100,000","-500,000","300,000","-400,000","200,000",,,,,,,,,,,,,,,,,,
TotalUnusualItems,"0",,"0","0","0",,"0","-267,000","-34,962,000",,,,,,,,,,"0",,,,"-192,020,000",,,,"891,000","2,388,000","158,833,000","29,523,000",,,,,,,,,,"3,233,000","3,236,000","-299,000","-6,000","-325,000","-324,000","0","-270,000","-254,000","268,000","-161,000","-57,000","-203,000","-91,000","-595,000","-547,000","-623,000","-98,000","115,000","-186,000","-39,000","-92,000","106,000","-508,000","-170,000","-4,000","-5,000","166,000","-121,000","-198,000","-189,000","25,000","-113,000","-220,000","56,000","-77,000","-377,000","-84,000","101,000","18,000","-321,000","-207,000","3,000","-6,608,000","-171,000","-601,000","-213,000","300,000","-267,000","-803,000","-437,000","100,000","200,000","2,700,000","-300,000","600,000","-700,000","200,000","-300,000","-700,000","-100,000","-600,000","400,000","100,000","-300,000","1,300,000","-600,000","1,300,000",,"100,000","-400,000","-700,000","-100,000","-100,000",,"-200,000","-300,000","-200,000","-100,000","-600,000","800,000","1,100,000","-100,000","-200,000","-200,000","200,000","-100,000","-500,000","300,000","-400,000","200,000",,,,,,,,,,,,,,,,,,
NormalizedEBITDA,"579,105,000","143,780,000","146,462,000","139,289,000","149,574,000","142,680,000","146,694,000","137,995,000","94,149,000","97,651,000","115,570,000","112,741,000","123,316,000","116,271,000","105,907,000","123,455,000","120,231,000","123,312,000","89,578,000","111,551,000","111,026,000","96,724,000","-95,404,000","93,394,000","90,440,000","74,105,000","87,654,000","86,855,000","95,488,000","75,331,000","79,838,000","96,411,000","105,677,000","87,395,000","76,426,000","87,262,000","95,433,000","85,164,000","73,972,000","66,394,000","62,781,000","66,044,000","53,563,000","65,568,000","67,370,000","65,496,000","46,280,000","51,600,000","47,950,000","41,284,000","32,645,000","35,434,000","26,924,000","14,604,000","26,998,000","60,725,000","75,503,000","59,634,000","62,224,000","65,351,000","74,841,000","58,940,000","60,038,000","62,112,000","70,144,000","60,438,000","54,324,000","52,880,000","60,645,000","47,059,000","44,297,000","47,615,000","49,691,000","37,988,000","36,675,000","38,780,000","41,141,000","31,421,000","31,069,000","35,518,000","36,764,000","28,082,000","43,456,000","30,190,000","38,517,000","29,176,000","31,259,000","32,723,000","34,830,000","29,089,000","26,800,000","27,800,000","27,400,000","23,300,000","25,300,000","23,800,000","23,200,000","18,600,000","25,400,000","20,900,000","21,000,000","12,700,000","18,200,000","18,600,000","15,600,000","13,000,000","11,000,000","13,300,000","17,400,000","13,500,000","12,300,000","9,600,000","9,800,000","5,600,000","1,800,000","8,700,000","9,000,000","7,400,000","4,900,000","6,800,000","8,700,000","6,500,000","7,200,000","9,100,000","8,600,000","3,900,000","13,000,000","10,400,000","11,600,000","7,000,000","-187,500,000","70,900,000","80,000,000","66,700,000","-165,600,000","67,100,000","67,200,000","57,200,000","-147,800,000","59,600,000","58,900,000","54,000,000","-139,400,000","55,600,000","61,100,000","50,300,000","-131,800,000","55,700,000"
TaxRateForCalcs,"0.14","0.18","0.07","0.147","0.164","0.159","0.114","0.057","0.314","0.113","0.156","0.131","0.182","0.139","0.181","0.142","0.153","0.204","0.4","0.22","0.17","0.26","0.061","0.29","0.31","0.31","0.267","0.31","0.28","0.22","0.268","0.28","0.28","0.31","0.285","0.24","0.29","0.27","0.28","0.317","0.318","0.345","0.304","0.315","0.322","0.34","0.26","0.278","0.354","0.346","0.235","0.302","0.321","0.336","0.205","0.344","0.347","0.301","0.32","0.317","0.34","0.35","0.311","0.314","0.35","0.35","0.336","0.335","0.336","0.335","0.307","0.33","0.329","0.33","0.317","0.322","0.322","0.328","0.322","0.323","0.315","0.334","0.318","0.329","0.338","0.338","0.325","0.337","0.344","0.348","0.317","0.333","0.338","0.341","0.316","0.339","0.347","0.355","0.266","0.259","0.338","0.361","0.311","0.315","0.31","0.325","0.374","0.32","0.38","0.379","0.333","0.364","0.364","0.333","0.4","0.314","0.281","0.381","0.1","0.397","0.4","0.4","0.4","0.4","0.397","0.333","0.341","0.4","0.4","0.4",,,,,,,,,,,,,,,,,,
TaxEffectOfUnusualItems,"0","0","0","0","0","0","0","-15,219","-10,978,068","0","0","0","0","0","0","0","0","0","0","0","0","0","0","0","0","0","237,774.05","740,280","44,473,240","6,495,060","0","0","0","0","0","0","0","0","0","1,023,496.715","1,028,280.902","-103,025.138","-1,825.085","-102,339.181","-104,350.611","0","-70,258.573","-70,537.134","94,827.766","-55,773.081","-13,409.383","-61,302.142","-29,210.926","-199,856.046","-112,143.195","-214,432.082","-34,042.946","34,590.886","-59,567.654","-12,352.296","-31,316.811","37,146.433","-158,145.291","-53,347.28","-1,401.744","-1,751.587","55,698.965","-40,595.294","-66,445.43","-63,249.588","7,671.412","-37,301.532","-72,382.999","18,483.512","-24,397.504","-121,500.403","-27,019.383","33,177.087","5,804.492","-103,842.345","-65,231.092","1,002.313","-2,102,951.707","-56,177.885","-202,893.132","-72,003.027","97,370.983","-90,067.099","-275,994.415","-152,165.397","31,674.208","66,666.667","913,235.294","-102,352.941","189,622.642","-237,500","69,387.755","-106,521.739","-185,990.338","-25,862.069","-202,547.771","144,329.897","31,125.828","-94,630.872","403,448.276","-195,180.723","486,086.957","0","37,956.204","-151,724.138","-233,333.333","-36,363.636","-36,363.636","0","-80,000","-94,117.647","-56,140.351","-38,095.238","-60,000","317,241.379","440,000","-40,000","-80,000","-80,000","79,310.345","-33,333.333","-170,329.67","120,000","-160,000","80,000",,,,,,,,,,,,,,,,,,