name,ttm,03/31/2022,12/31/2021,09/30/2021,06/30/2021,03/31/2021,12/31/2020,09/30/2020,06/30/2020,03/31/2020,12/31/2019,09/30/2019,06/30/2019,03/31/2019,12/31/2018,09/30/2018,06/30/2018,03/31/2018,12/31/2017,09/30/2017,06/30/2017,03/31/2017,12/31/2016,09/30/2016,06/30/2016,03/31/2016,12/31/2015,09/30/2015,06/30/2015,03/31/2015,12/31/2014,09/30/2014,06/30/2014,03/31/2014,12/31/2013,09/30/2013,06/30/2013,03/31/2013,12/31/2012,09/30/2012,06/30/2012,03/31/2012,12/31/2011,09/30/2011,06/30/2011,03/31/2011,12/31/2010,09/30/2010,06/30/2010,03/31/2010,12/31/2009,09/30/2009,06/30/2009,03/31/2009,12/31/2008,09/30/2008,06/30/2008,03/31/2008,12/31/2007,09/30/2007,06/30/2007,03/31/2007,12/31/2006,09/30/2006,06/30/2006,03/31/2006,12/31/2005,09/30/2005,06/30/2005,03/31/2005
TotalRevenue,"742,865,000","194,349,000","209,964,000","168,638,000","169,914,000","177,633,000","172,145,000","175,841,000","167,920,000","217,695,000","164,295,000","169,775,000","184,811,000","192,637,000","119,290,000","204,322,000","150,590,000","146,593,000","191,741,000","163,317,000","176,859,000","170,586,000","213,405,000","198,869,000","192,192,000","163,119,000","222,642,000","220,802,000","238,877,000","174,557,000","245,542,000","202,198,000","184,709,000","174,382,000","190,882,000","198,826,000","152,863,000","188,847,000","199,382,000","166,763,000","166,532,000","154,907,000","158,568,000","158,468,000","154,959,000","155,338,000","172,054,000","173,333,000","180,135,000","161,400,000","160,557,000","140,029,000","142,455,000","179,203,000","163,027,000","142,809,000","145,322,000","135,721,000","156,944,000","116,460,000","115,625,000","126,732,000","424,909,535","345,335",,,,"330,033",,
	OperatingRevenue,"742,865,000","194,349,000","209,964,000","168,638,000","169,914,000","177,633,000","172,145,000","175,841,000","167,920,000","217,695,000","164,295,000","169,775,000","184,811,000","192,637,000","119,290,000","204,322,000","150,590,000","146,593,000","191,741,000","163,317,000","176,859,000","170,586,000","213,405,000","198,869,000","192,192,000","163,119,000","222,642,000","220,802,000","238,877,000","174,557,000","245,542,000","202,198,000","184,709,000","174,382,000","190,882,000","198,826,000","152,863,000","188,847,000","199,382,000","166,763,000","166,532,000","154,907,000","158,568,000","158,468,000","154,959,000","155,338,000","172,054,000","173,333,000","180,135,000","161,400,000","160,557,000","140,029,000","142,455,000","179,203,000","163,027,000","142,809,000","145,322,000","135,721,000","156,944,000","116,460,000","115,625,000","126,732,000","424,909,535","345,335",,,,"330,033",,
CostOfRevenue,"597,616,000","161,294,000","156,973,000","132,357,000","146,992,000","144,557,000","138,758,000","139,490,000","134,904,000","149,221,000","129,734,000","137,942,000","147,325,000","142,760,000","86,909,000","162,188,000","128,350,000","131,888,000","200,509,000","146,622,000","151,085,000","154,404,000","191,308,000","178,824,000","167,936,000","143,129,000","193,773,000","196,717,000","206,590,000","163,875,000","224,615,000","177,739,000","158,506,000","153,475,000","143,867,000","176,510,000","147,682,000","163,064,000","187,914,000","153,743,000","142,643,000","134,885,000","140,150,000","131,077,000","135,193,000","127,638,000","147,040,000","140,638,000","145,546,000","130,916,000","144,975,000","122,962,000","113,897,000","152,166,000","144,920,000","125,193,000","123,714,000","123,749,000","134,220,000","103,114,000","97,462,000","113,018,000",,,,,,,,
GrossProfit,"145,249,000","33,055,000","52,991,000","36,281,000","22,922,000","33,076,000","33,387,000","36,351,000","33,016,000","68,474,000","34,561,000","31,833,000","37,486,000","49,877,000","32,381,000","42,134,000","22,240,000","14,705,000","-8,768,000","16,695,000","25,774,000","16,182,000","22,097,000","20,045,000","24,256,000","19,990,000","28,869,000","24,085,000","32,287,000","10,682,000","20,927,000","24,459,000","26,203,000","20,907,000","47,015,000","22,316,000","5,181,000","25,783,000","11,468,000","13,020,000","23,889,000","20,022,000","18,418,000","27,391,000","19,766,000","27,700,000","25,014,000","32,695,000","34,589,000","30,484,000","15,582,000","17,067,000","28,558,000","27,037,000","18,107,000","17,616,000","21,608,000","11,972,000","22,724,000","13,346,000","18,163,000","13,714,000",,,,,,,,
OperatingExpense,"60,416,000","14,604,000","16,421,000","15,167,000","14,224,000","16,322,000","17,494,000","14,888,000","14,804,000","15,571,000","16,184,000","13,488,000","14,613,000","14,825,000","6,702,000","17,293,000","15,169,000","15,944,000","16,747,000","17,522,000","17,267,000","16,795,000","18,506,000","7,187,000","19,751,000","20,089,000","22,301,000","15,277,000","15,543,000","17,948,000","18,061,000","16,062,000","15,918,000","17,870,000","11,322,000","19,219,000","18,311,000","19,187,000","17,069,000","11,667,000","11,456,000","13,267,000","276,000","12,736,000","13,622,000","12,089,000","12,268,000","16,640,000","14,374,000","11,070,000","11,669,000","11,948,000","11,784,000","10,592,000","10,525,000","11,148,000","11,313,000","10,220,000","11,936,000","9,620,000","9,351,000","8,060,000","30,277,265","446,527","548,600","103,608","149,089","242,448","92,325","36,886"
	SellingGeneralAndAdministration,"60,416,000","14,604,000","16,421,000","15,167,000","14,224,000","16,322,000","17,494,000","14,888,000","14,804,000","15,571,000","16,184,000","13,488,000","14,613,000","14,825,000","6,702,000","17,293,000","15,169,000","15,944,000","16,747,000","17,522,000","17,267,000","16,795,000","18,506,000","7,187,000","19,751,000","20,089,000","22,301,000","15,277,000","15,543,000","17,948,000","18,061,000","16,062,000","15,918,000","17,870,000","11,322,000","19,219,000","18,311,000","19,187,000","17,069,000","11,667,000","11,456,000","13,267,000","11,987,000","12,736,000","13,622,000","12,089,000","12,591,000","16,535,000","14,266,000","10,960,000","11,475,000","11,755,000","11,591,000","10,399,000","10,393,000","10,971,000","11,248,000","10,154,000","11,871,000","9,554,000","9,286,000","7,993,000","29,389,390","436,152","538,225","93,233","149,089","242,448","86,902","22,184"
		GeneralAndAdministrativeExpense,"60,416,000","14,604,000","16,421,000","15,167,000","14,224,000","16,322,000","17,494,000","14,888,000","14,804,000","15,571,000","16,184,000","13,488,000","14,613,000","14,825,000","6,702,000","17,293,000","15,169,000","15,944,000","16,747,000","17,522,000","17,267,000","16,795,000","18,506,000","7,187,000","19,751,000","20,089,000","22,301,000","15,277,000","15,543,000","17,948,000","18,061,000","16,062,000","15,918,000","17,870,000","11,322,000","19,219,000","18,311,000","19,187,000","17,069,000",,,,,,,,,,,,,,,,,,,,,,,,,,,,,,,
			OtherGandA,"60,416,000","14,604,000","16,421,000","15,167,000","14,224,000","16,322,000","17,494,000","14,888,000","14,804,000","15,571,000","16,184,000","13,488,000","14,613,000","14,825,000","6,702,000","17,293,000","15,169,000","15,944,000","16,747,000","17,522,000","17,267,000","16,795,000","18,506,000","7,187,000","19,751,000","20,089,000","22,301,000","15,277,000","15,543,000","17,948,000","18,061,000","16,062,000","15,918,000","17,870,000","11,322,000","19,219,000","18,311,000","19,187,000","17,069,000",,,,,,,,,,,,,,,,,,,,,,,,,,,,,,,
	DepreciationAmortizationDepletionIncomeStatement,,,,,,,,,,,,,,,,,,,,,,,,,,,,,,,,,,,,,,,,,,,,,,,,"105,000","108,000","110,000","194,000","193,000","193,000","193,000","132,000","177,000","65,000","66,000","65,000","66,000","65,000","65,000",,,,,,,,
		DepreciationAndAmortizationInIncomeStatement,,,,,,,,,,,,,,,,,,,,,,,,,,,,,,,,,,,,,,,,,,,,,,,,"105,000","108,000","110,000","194,000","193,000","193,000","193,000","132,000","177,000","65,000","66,000","65,000","66,000","65,000","65,000",,,,,,,,
			Amortization,,,,,,,,,,,,,,,,,,,,,,,,,,,,,,,,,,,,,,,,,,,,,,,,"105,000","108,000","110,000","194,000","193,000","193,000","193,000","132,000","177,000","65,000","66,000","65,000","66,000","65,000","65,000",,,,,,,,
				AmortizationOfIntangiblesIncomeStatement,,,,,,,,,,,,,,,,,,,,,,,,,,,,,,,,,,,,,,,,,,,,,,,,"105,000","108,000","110,000","194,000","193,000","193,000","193,000","132,000","177,000","65,000","66,000","65,000","66,000","65,000","65,000",,,,,,,,
	OtherOperatingExpenses,,,,,,,,,,,,,,,,,,,,,,,,,,,,,,,,,,,,,,,,"-108,000",,,,,,,,,,,,,,,,,,,,,,"2,000","576,875","10,375","10,375","10,375",,,"5,423","14,702"
OperatingIncome,"84,833,000","18,451,000","36,570,000","21,114,000","8,698,000","16,754,000","15,893,000","21,463,000","18,212,000","52,903,000","18,377,000","18,345,000","22,873,000","35,052,000","25,679,000","24,841,000","7,071,000","-1,239,000","-25,515,000","-827,000","8,507,000","-613,000","3,591,000","12,858,000","4,505,000","-99,000","6,568,000","8,808,000","16,744,000","-7,266,000","2,866,000","8,397,000","10,285,000","3,037,000","35,693,000","3,097,000","-13,130,000","6,596,000","-5,601,000","1,353,000","12,433,000","6,755,000","18,142,000","14,655,000","6,144,000","15,611,000","12,746,000","16,055,000","20,215,000","19,414,000","3,913,000","5,119,000","16,774,000","16,445,000","7,582,000","6,468,000","10,295,000","1,752,000","10,788,000","3,726,000","8,812,000","5,654,000","25,641,270","-101,192","-548,600","-103,608","-884,115","87,585","-92,325","-36,886"
NetNonOperatingInterestIncomeExpense,"-19,040,000","-4,025,000","-4,144,000","-4,214,000","-6,657,000","-6,586,000","-6,511,000","-6,719,000","-6,725,000","-6,630,000","-6,450,000","-6,335,000","-7,188,000","-7,551,000","-7,859,000","-8,062,000","-8,997,000","-8,660,000","-7,606,000","-6,417,000","-6,441,000","-5,582,000","-6,464,000","-4,819,000","-5,903,000","-5,721,000","-5,875,000","-7,293,000","-5,567,000","-5,630,000","-5,237,000","-4,702,000","-5,012,000","-5,016,000","-5,270,000","-5,542,000","-5,396,000","-5,733,000","-5,175,000","-5,105,000","-5,383,000","-5,259,000","-5,233,000","-5,571,000","-4,911,000","-5,950,000","-4,025,000","-3,302,000","-2,995,000","-3,220,000","-3,910,000","-3,242,000","-4,730,000","-4,268,000",,,,,,,,,,,,,,,,
	InterestExpenseNonOperating,"17,658,000","4,025,000","2,762,000","4,214,000","6,657,000","6,586,000","6,511,000","6,719,000","6,725,000","6,630,000","6,450,000","6,335,000","7,188,000","7,551,000","7,859,000","8,062,000","8,997,000","8,660,000","7,606,000","6,417,000","6,441,000","5,582,000","6,464,000","4,819,000","5,903,000","5,721,000","5,875,000","7,293,000","5,567,000","5,630,000","5,237,000","4,702,000","5,012,000","5,016,000","5,270,000","5,542,000","5,396,000","5,733,000","5,175,000","5,105,000",,"5,259,000","5,233,000","5,571,000","4,911,000","5,950,000",,,"2,995,000","3,220,000","3,910,000","3,242,000","4,730,000","4,268,000",,,,,,,,,,,,,,,,
	TotalOtherFinanceCost,,,,,,,,,,,"6,450,000","6,335,000","7,188,000","7,551,000","7,859,000","8,062,000","8,997,000","8,660,000","7,606,000","6,417,000","6,441,000","5,582,000","6,464,000","4,819,000","5,903,000","5,721,000","5,875,000","7,293,000","5,567,000","5,630,000","5,237,000","4,702,000","5,012,000","5,016,000","5,270,000","5,542,000","5,396,000","5,733,000","5,175,000","5,105,000","5,383,000","5,259,000",,,"4,911,000","5,950,000",,"3,302,000","2,995,000",,,,,,,,,,,,,,,,,,,,,
OtherIncomeExpense,"1,169,000","-84,000","273,000","87,000","893,000","35,000","2,897,000","1,879,000","604,000","-976,000","3,858,000","5,000","42,000","-107,000","-3,323,000","-1,287,000","1,006,000","-2,717,000","-5,210,000","-415,000","-4,252,000","198,000","-9,343,000","-629,000","-1,077,000","-868,000","-1,194,000","-461,000","-5,989,000","-1,531,000","11,584,000","-5,791,000","707,000","-1,930,000","25,069,000","4,395,000","-8,906,000","-556,000","241,000","245,000","64,000","21,000","-2,938,000","193,000","2,390,000","-5,736,000","158,000","81,000","-131,000","-722,000","18,000","163,000","-9,000","-556,000","-265,000","61,000","55,000","134,000","304,000","790,000","637,000","260,000",,,,,,,,
	GainOnSaleOfSecurity,,,,,,,,,,,,,,,,,,,,,,,,,,,,,,,,,"-39,000","65,000","52,000","-178,000","-261,000","36,000","-63,000","-40,000","-21,000","6,000","262,000","-544,000",,,,,,,,,,,,,,,,,,,,,,,,,,
	EarningsFromEquityInterest,,,,,,,,,,,,,,,"0","0",,,"-43,000","26,000","-1,468,000","1,000","-2,384,000","6,000","128,000","-115,000","-286,000","-2,051,000","-2,616,000","-1,098,000","11,958,000","-5,785,000","-1,435,000","-1,843,000","756,000","1,427,000","-385,000","-590,000","-29,000","177,000","-8,000","-16,000","-298,000","606,000","-123,000","-591,000","158,000","81,000","-131,000","-722,000","18,000","163,000","-9,000","-556,000","-265,000","61,000","55,000","134,000","304,000","790,000","637,000","262,000",,,,,,,,
	SpecialIncomeCharges,"721,000","321,000","-29,000","291,000","138,000","-106,000","1,387,000","1,723,000","39,000","145,000","3,814,000","27,000","-81,000","-279,000","-3,541,000","-1,452,000","1,063,000","199,000","-4,722,000","-175,000","-2,499,000","-11,000","-5,500,000","2,000","-687,000","10,000","-32,000","884,000","-2,755,000","8,000","-174,000","-390,000","2,181,000","-152,000","24,261,000","3,146,000","-8,260,000","-2,000","333,000","108,000","93,000","31,000","-2,902,000","131,000","2,513,000","-5,145,000",,,,,,"163,000","-9,000",,,,,,,,,"-2,000",,,,,,,,
		RestructuringAndMergernAcquisition,,,,,,,,,,,,,,,,,,,,,,,,,,,,"0","0",,"0","0","-2,197,000",,,,,,,,,,,,,,,,,,,,,,,,,,,,,,,,,,,,,
		ImpairmentOfCapitalAssets,,,,,,,,,,,,,,,,,,,,,,,"0",,"0",,"0","0","2,750,000",,"0","0","-2,197,000",,,"0","21,474,000",,,,,,,,,,,,,,,,,,,,,,,,,,,,,,,,,
		OtherSpecialCharges,,,,,,,"0","-1,723,000",,,"-4,619,000",,,,,,,,"0",,"2,330,000",,,,,,,,,,,,,,"-100,000",,"-13,272,000",,,"-108,000","-93,000","-31,000",,"-131,000","-2,513,000","5,145,000",,,,,,,,,,,,,,,,,,,,,,,,
		GainOnSaleOfPPE,"721,000","321,000","-29,000","291,000","138,000","-106,000","1,387,000","0","39,000","145,000","-805,000","27,000","-81,000","-279,000","-3,541,000","-1,452,000","1,063,000","199,000","-4,722,000","-175,000","-169,000","-11,000","-5,500,000","2,000","-687,000","10,000","-32,000","884,000","-5,000","8,000","-174,000","-390,000","-16,000","-152,000","2,687,000","3,146,000","-58,000","-2,000","333,000",,,,,,,,,,,,,,,,,,,,,,,,,,,,,,,
	OtherNonOperatingIncomeExpenses,"448,000","-405,000","302,000","-204,000","755,000","141,000","1,510,000","156,000","565,000","-1,121,000","44,000","-22,000","123,000","172,000","218,000","165,000","-57,000","-2,916,000","-445,000","-266,000","-285,000","208,000","-1,459,000","-637,000","-518,000","-763,000","-876,000","706,000","-618,000","-441,000","-200,000","384,000",,,,,,,,,,,,,,,,,,,,,,,,,,,,,,,,,,,,,,
PretaxIncome,"66,962,000","14,342,000","32,699,000","16,987,000","2,934,000","10,203,000","12,279,000","16,623,000","12,091,000","45,297,000","15,785,000","12,015,000","15,727,000","27,394,000","14,497,000","15,492,000","-920,000","-12,616,000","-38,331,000","-7,659,000","-2,186,000","-5,997,000","-12,216,000","7,410,000","-2,475,000","-6,688,000","-501,000","1,054,000","5,188,000","-14,427,000","9,213,000","-2,096,000","5,980,000","-3,909,000","55,492,000","1,950,000","-27,432,000","307,000","-10,535,000","-3,507,000","7,114,000","1,517,000","9,971,000","9,277,000","3,623,000","3,925,000","8,879,000","12,834,000","17,089,000","15,472,000","21,000","2,040,000","12,035,000","11,621,000","3,137,000","2,228,000","5,366,000","-1,913,000","7,788,000","1,163,000","2,858,000","1,646,000","3,184,270","-101,192","215,463","287,576","236,027","87,585","217,111","58,671"
TaxProvision,"15,287,000","3,285,000","7,992,000","3,181,000","829,000","1,389,000","1,670,000","4,076,000","3,131,000","11,310,000","973,000","3,204,000","4,230,000","6,846,000","4,888,000","3,790,000","54,000","-3,295,000","-29,498,000","-2,714,000","-1,124,000","-2,274,000","-5,233,000","2,850,000","-756,000","-2,653,000","334,000","742,000","2,464,000","-6,037,000","-11,105,000","-1,069,000","2,097,000","-1,453,000","12,124,000","684,000","-2,244,000","-104,000","-4,048,000","-1,355,000","2,768,000","564,000","2,945,000","3,618,000","1,455,000","1,527,000","2,447,000","5,113,000","6,755,000","6,239,000","296,000","885,000","4,631,000","5,171,000","1,309,000","827,000","2,436,000","-733,000","4,019,000","519,000","1,179,000","682,000","871,815","-4,727","-24,502","128,414","100,956","45,673","103,069","18,150"
NetIncomeCommonStockholders,"51,675,000","11,057,000","24,707,000","13,806,000","2,105,000","8,814,000","10,609,000","12,547,000","8,960,000","33,987,000","15,973,000","7,952,000","8,246,000","17,168,000","-7,700,000","11,702,000","-974,000","-9,321,000","-8,833,000","-4,945,000","-694,000","-16,788,000","-6,983,000","4,560,000","-1,719,000","-4,035,000","-835,000","312,000","2,724,000","-8,390,000","19,013,000","-2,086,000","-1,437,000","-5,195,000","-11,001,000","1,448,000","-25,241,000","433,000","-6,068,000","-2,132,000","4,437,000","1,068,000","6,828,000","5,602,000","1,706,000","2,392,000","6,790,000","7,685,000","10,808,000","9,326,000","1,028,000","1,695,000","7,431,000","7,314,000","1,828,000","1,401,000","2,930,000","-1,180,000","3,769,000","644,000","1,679,000","964,000","-5,885,545","-96,465","-190,961","159,162","135,071","41,912","114,042","40,521"
	NetIncome,"51,675,000","11,057,000","24,707,000","13,806,000","2,105,000","8,814,000","10,609,000","12,547,000","8,960,000","33,987,000","15,973,000","7,952,000","8,246,000","17,168,000","-7,700,000","11,702,000","-974,000","-9,321,000","-8,833,000","-4,945,000","-694,000","-16,788,000","-6,983,000","4,560,000","-1,719,000","-4,035,000","-835,000","312,000","2,724,000","-8,390,000","19,013,000","-2,086,000","-1,437,000","-5,195,000","-11,001,000","1,448,000","-25,241,000","433,000","-6,068,000","-2,132,000","4,437,000","1,068,000","6,828,000","5,602,000","1,706,000","2,392,000","6,790,000","7,685,000","10,808,000","9,326,000","1,028,000","1,695,000","7,431,000","7,314,000","1,828,000","1,401,000","2,930,000","-1,180,000","3,769,000","644,000","1,679,000","964,000","2,312,455","-96,465","-190,961","159,162","135,071","41,912","114,042","40,521"
		NetIncomeIncludingNoncontrollingInterests,"51,675,000","11,057,000","24,707,000","13,806,000","2,105,000","8,814,000","10,609,000","12,547,000","8,960,000","33,987,000","15,973,000","7,952,000","8,246,000","17,168,000","-7,700,000","11,702,000","-974,000","-9,321,000","-8,833,000","-4,945,000","-694,000","-16,788,000","-6,983,000","4,560,000","-1,719,000","-4,035,000","-835,000","312,000","2,724,000","-8,390,000","19,013,000","-2,086,000","-1,437,000","-5,195,000","-11,482,000","1,266,000","-25,188,000","411,000","-6,487,000","-2,152,000","4,346,000","953,000","7,026,000","5,659,000","2,168,000","2,398,000","6,432,000","7,721,000","10,334,000","9,233,000","-275,000","1,155,000","7,404,000","6,450,000","1,890,000","1,401,000","2,983,000","-1,002,000","3,828,000","622,000","1,689,000","973,000","2,467,455","-96,465","-190,961","159,162","135,071","41,912","114,042","40,521"
			NetIncomeContinuousOperations,"51,675,000","11,057,000","24,707,000","13,806,000","2,105,000","8,814,000","10,609,000","12,547,000","8,960,000","33,987,000","14,812,000","8,811,000","11,497,000","20,548,000","9,609,000","11,702,000","-974,000","-9,321,000","-8,833,000","-4,945,000","-1,062,000","-3,723,000","-6,983,000","4,560,000","-1,719,000","-4,035,000","-835,000","312,000","2,724,000","-8,390,000","20,318,000","-1,027,000","3,883,000","-2,456,000","43,368,000","1,266,000","-25,188,000","411,000","-6,487,000","-2,152,000","4,346,000","953,000","7,026,000","5,659,000","2,168,000","2,398,000","6,432,000","7,721,000","10,334,000","9,233,000","-275,000","1,155,000","7,404,000","6,450,000","1,828,000","1,401,000","2,930,000","-1,180,000","3,769,000","644,000","1,679,000","964,000","2,312,455","-96,465","-190,961","159,162","135,071","41,912","114,042","40,521"
			NetIncomeDiscontinuousOperations,,,,,,,"0","0","0","0","1,161,000","-859,000","-3,251,000","-3,380,000","-17,309,000","0",,,"0","0","368,000","-13,065,000",,,,,,"0","0","0","-1,305,000","-1,059,000","-5,320,000","-2,739,000","-16,231,000",,,,,,,,,,,,,,,,,,,,,,,,,,,,,,,,,,,
		MinorityInterests,,,,,,,,,,,,,,,,,,,,,,,,,,,,,,,"0","0","0","0","481,000","182,000","-53,000","22,000","419,000","20,000","91,000","115,000","-198,000","-57,000","-462,000","-6,000","358,000","-36,000","474,000","93,000","1,303,000","540,000","27,000","864,000","-62,000",,"-53,000","-178,000","-59,000","22,000","-10,000","-9,000",,,,,,,,
DilutedNIAvailtoComStockholders,"51,675,000","11,057,000","24,707,000","13,806,000","2,105,000","8,814,000","10,609,000","12,547,000","8,960,000","33,987,000","15,973,000","7,952,000","8,246,000","17,168,000","-7,700,000","11,702,000","-974,000","-9,321,000","-8,833,000","-4,945,000","-694,000","-16,788,000","-6,983,000","4,560,000","-1,719,000","-4,035,000","-835,000","312,000","2,724,000","-8,390,000","19,013,000","-2,086,000","-1,437,000","-5,195,000","-11,001,000","1,448,000","-25,241,000","433,000","-6,068,000","-2,132,000","4,437,000","1,068,000","6,828,000","5,602,000","1,706,000","2,392,000","6,790,000","7,685,000","10,808,000","9,326,000","1,028,000","1,695,000","7,431,000","7,314,000","1,828,000","1,401,000","2,930,000","-1,180,000","3,769,000","644,000","1,679,000","964,000","-5,885,545","-96,465","-190,961","159,162","135,071","41,912","114,042","40,521"
BasicEPS,,"0.17","0.38","0.21","0.03","0.14","0.16","0.19","0.14","0.53","0.25","0.12","0.13","0.28","-0.12","0.19","-0.02","-0.15","-0.14","-0.08","-0.02","-0.27","-0.11","0.08","-0.03","-0.07","-0.01","0.005","0.05","-0.14","0.32","-0.03","-0.02","-0.09","0.08","0.02","-0.42","0.01","0.01","-0.04","0.07","0.02",,"0.1","0.03","0.04",,"0.13","0.18","0.16",,"0.03","0.13","0.13",,"0.02","0.05","-0.02",,"0.01","0.04","0.02",,"-0.01","-0.02","0.01",,"0.004","0.01","0.01"
DilutedEPS,,"0.17","0.37","0.21","0.03","0.13","0.16","0.19","0.14","0.52","0.25","0.12","0.13","0.27","-0.12","0.18","-0.02","-0.15","-0.14","-0.08","-0.02","-0.27","-0.11","0.08","-0.03","-0.07","-0.01","0.005","0.05","-0.14","0.31","-0.03","-0.02","-0.09","0.08","0.02","-0.42","0.01","0.01","-0.04","0.07","0.02",,"0.09","0.03","0.04",,"0.13","0.18","0.16",,"0.03","0.13","0.13",,"0.02","0.05","-0.02",,"0.01","0.03","0.02",,"-0.01","-0.02","0.01",,"0.004","0.01","0.01"
BasicAverageShares,,"65,847,000","65,740,000","65,691,000","65,646,000","65,269,000","64,793,000","64,860,000","64,864,000","64,455,000","64,041,000","63,861,000","63,605,000","62,882,000","62,505,000","62,358,000","62,267,000","61,815,000","61,592,000","61,462,000","61,342,000","61,065,000","60,948,000","60,811,000","60,711,000","60,507,000","60,404,000","60,496,000","60,473,000","60,265,000","60,147,000","60,040,000","59,863,000","59,708,000","59,646,000","59,526,000","59,436,000","59,369,000","59,316,000","59,253,000","59,171,000","59,038,000",,"58,930,000","58,875,000","58,785,000",,"58,698,000","58,602,000","58,548,000",,"58,506,000","58,499,000","58,488,000",,"58,473,000","58,464,000","58,460,000",,"56,265,000","40,989,000","39,633,000",,"11,200,000","11,200,000","11,200,000",,"11,200,000","11,200,000","6,288,889"
DilutedAverageShares,,"66,436,000","66,449,000","66,311,000","66,137,000","66,159,000","66,000,000","65,894,000","65,758,000","65,717,000","65,284,000","65,071,000","64,990,000","64,569,000","63,799,000","63,260,000","62,267,000","61,815,000","61,592,000","61,462,000","61,342,000","61,065,000","60,948,000","61,526,000","60,711,000","60,507,000","60,709,000","60,841,000","60,924,000","60,265,000","60,686,000","60,040,000","60,538,000","59,708,000","60,341,000","60,082,000","59,436,000","60,017,000","59,851,000","59,253,000","59,534,000","59,434,000",,"59,161,000","59,184,000","59,237,000",,"58,901,000","58,795,000","58,695,000",,"58,688,000","58,566,000","58,488,000",,"58,499,000","58,470,000","58,460,000",,"57,190,000","48,238,000","44,697,000",,"11,200,000","11,200,000","11,200,000",,"11,200,000","11,200,000","6,288,889"
TotalOperatingIncomeAsReported,"85,554,000","18,772,000","36,541,000","21,405,000","8,836,000","16,648,000","17,280,000","23,186,000","18,251,000","53,048,000","22,191,000","18,372,000","22,792,000","34,773,000","22,138,000","23,389,000","8,134,000","-1,040,000","-30,237,000","-1,002,000","8,338,000","-624,000","-1,909,000","12,860,000","3,818,000","-89,000","6,536,000","9,692,000","13,989,000","-7,258,000","2,692,000","8,007,000","10,269,000","2,885,000","59,954,000","6,243,000","-21,390,000","6,594,000","-5,268,000","1,461,000","12,526,000","6,786,000","15,240,000","14,786,000","8,657,000","15,611,000","12,746,000","16,055,000","20,215,000","19,414,000","3,913,000","5,119,000","16,774,000","16,445,000","7,582,000","6,468,000","10,295,000","1,752,000","10,788,000","3,726,000","8,812,000","5,654,000","25,641,270","-101,192","-548,600","-103,608","-884,115","87,585","-92,325","-36,886"
TotalExpenses,"658,032,000","175,898,000","173,394,000","147,524,000","161,216,000","160,879,000","156,252,000","154,378,000","149,708,000","164,792,000","145,918,000","151,430,000","161,938,000","157,585,000","93,611,000","179,481,000","143,519,000","147,832,000","217,256,000","164,144,000","168,352,000","171,199,000","209,814,000","186,011,000","187,687,000","163,218,000","216,074,000","211,994,000","222,133,000","181,823,000","242,676,000","193,801,000","174,424,000","171,345,000","155,189,000","195,729,000","165,993,000","182,251,000","204,983,000","165,410,000","154,099,000","148,152,000","140,426,000","143,813,000","148,815,000","139,727,000","159,308,000","157,278,000","159,920,000","141,986,000","156,644,000","134,910,000","125,681,000","162,758,000","155,445,000","136,341,000","135,027,000","133,969,000","146,156,000","112,734,000","106,813,000","121,078,000","399,268,265","446,527","548,600","103,608","149,089","242,448","92,325","36,886"
NetIncomeFromContinuingAndDiscontinuedOperation,"51,675,000","11,057,000","24,707,000","13,806,000","2,105,000","8,814,000","10,609,000","12,547,000","8,960,000","33,987,000","15,973,000","7,952,000","8,246,000","17,168,000","-7,700,000","11,702,000","-974,000","-9,321,000","-8,833,000","-4,945,000","-694,000","-16,788,000","-6,983,000","4,560,000","-1,719,000","-4,035,000","-835,000","312,000","2,724,000","-8,390,000","19,013,000","-2,086,000","-1,437,000","-5,195,000","-11,001,000","1,448,000","-25,241,000","433,000","-6,068,000","-2,132,000","4,437,000","1,068,000","6,828,000","5,602,000","1,706,000","2,392,000","6,790,000","7,685,000","10,808,000","9,326,000","1,028,000","1,695,000","7,431,000","7,314,000","1,828,000","1,401,000","2,930,000","-1,180,000","3,769,000","644,000","1,679,000","964,000","2,312,455","-96,465","-190,961","159,162","135,071","41,912","114,042","40,521"
NormalizedIncome,"51,118,599.728","10,809,509","24,728,912.077","13,569,492.906","2,005,991.82","8,905,584","9,410,638.326","11,246,483.788","8,931,099.165","33,878,250","11,233,098.004","8,791,200","11,556,213.9","20,757,250","11,956,069.67","12,798,779.241","-1,749,990","-9,468,061","-5,999,800","-4,832,012.012","437,400","-3,716,169","-3,683,000","4,558,769.231","-1,241,847.273","-4,041,030","-815,800","-218,400","4,377,000","-8,394,800","20,431,100","-773,500","2,492,132.776","-2,401,364","24,847,951.489","-478,916.923","-17,417,037.183","410,900","-6,234,254.39","-2,173,726.832","4,393,014.619","1,044,756.098","8,688,258.75","5,853,931.336","198,200","5,535,365.605","6,790,000","7,685,000","10,808,000","9,326,000","1,028,000","1,695,000","7,431,000","7,314,000","1,828,000","1,401,000","2,930,000","-1,180,000","3,769,000","644,000","1,679,000","965,300","2,312,455","-96,465","-190,961","159,162","135,071","41,912","114,042","40,521"
InterestExpense,"17,658,000","4,025,000","2,762,000","4,214,000","6,657,000","6,586,000","6,511,000","6,719,000","6,725,000","6,630,000","6,450,000","6,335,000","7,188,000","7,551,000","7,859,000","8,062,000","8,997,000","8,660,000","7,606,000","6,417,000","6,441,000","5,582,000","6,464,000","4,819,000","5,903,000","5,721,000","5,875,000","7,293,000","5,567,000","5,630,000","5,237,000","4,702,000","5,012,000","5,016,000","5,270,000","5,542,000","5,396,000","5,733,000","5,175,000","5,105,000",,"5,259,000","5,233,000","5,571,000","4,911,000","5,950,000",,,"2,995,000","3,220,000","3,910,000","3,242,000","4,730,000","4,268,000",,,,,,,,,,,,,,,,
NetInterestIncome,"-19,040,000","-4,025,000","-4,144,000","-4,214,000","-6,657,000","-6,586,000","-6,511,000","-6,719,000","-6,725,000","-6,630,000","-6,450,000","-6,335,000","-7,188,000","-7,551,000","-7,859,000","-8,062,000","-8,997,000","-8,660,000","-7,606,000","-6,417,000","-6,441,000","-5,582,000","-6,464,000","-4,819,000","-5,903,000","-5,721,000","-5,875,000","-7,293,000","-5,567,000","-5,630,000","-5,237,000","-4,702,000","-5,012,000","-5,016,000","-5,270,000","-5,542,000","-5,396,000","-5,733,000","-5,175,000","-5,105,000","-5,383,000","-5,259,000","-5,233,000","-5,571,000","-4,911,000","-5,950,000","-4,025,000","-3,302,000","-2,995,000","-3,220,000","-3,910,000","-3,242,000","-4,730,000","-4,268,000",,,,,,,,,,,,,,,,
EBIT,"84,620,000","18,367,000","35,461,000","21,201,000","9,591,000","16,789,000","18,790,000","23,342,000","18,816,000","51,927,000","22,235,000","18,350,000","22,915,000","34,945,000","22,356,000","23,554,000","8,077,000","-3,956,000","-30,725,000","-1,242,000","4,255,000","-415,000","-5,752,000","12,229,000","3,428,000","-967,000","5,374,000","8,347,000","10,755,000","-8,797,000","14,450,000","2,606,000","10,992,000","1,107,000","60,762,000","7,492,000","-22,036,000","6,040,000","-5,030,000","1,353,000","12,433,000","6,755,000","15,204,000","14,848,000","6,144,000","15,611,000","12,132,000","16,055,000","20,084,000","18,692,000","3,931,000","5,282,000","16,765,000","15,889,000","7,582,000","6,468,000","10,295,000","1,752,000","10,788,000","3,726,000","8,812,000","5,654,000","25,641,270","-101,192","-548,600","-103,608","-884,115","87,585","-92,325","-36,886"
EBITDA,"128,899,000"
ReconciledCostOfRevenue,"597,616,000","161,294,000","156,973,000","132,357,000","146,992,000","144,557,000","138,758,000","139,490,000","134,904,000","149,221,000","129,734,000","137,942,000","147,325,000","142,760,000","86,909,000","162,188,000","128,350,000","131,888,000","200,509,000","146,622,000","151,085,000","154,404,000","191,308,000","178,824,000","167,936,000","143,129,000","193,773,000","196,717,000","206,590,000","163,875,000","224,615,000","177,739,000","158,506,000","153,475,000","143,867,000","176,510,000","147,682,000","163,064,000","187,914,000","153,743,000","142,643,000","134,885,000","140,150,000","131,077,000","135,193,000","127,638,000","147,040,000","132,716,000","137,100,000","121,587,000","136,734,000","116,049,000","108,254,000","140,713,000","137,648,000","116,840,000","117,734,000","115,670,000","127,404,000","95,493,000","89,836,000","106,135,000",,,,,,,,
ReconciledDepreciation,"44,279,000","11,316,000","11,342,000","10,993,000","10,628,000","10,053,000","10,599,000","8,877,000","9,256,000","9,451,000","10,373,000","8,771,000","9,096,000","8,905,000","9,099,000","12,309,000","13,340,000","15,641,000","22,334,000","12,557,000","11,058,000","14,571,000","17,331,000","16,872,000","14,892,000","13,928,000","16,838,000","14,722,000","19,872,000","13,153,000","17,385,000","10,823,000","11,036,000","10,885,000","10,915,000","11,972,000","11,660,000","12,075,000","13,397,000","10,514,000","8,359,000","7,764,000","12,354,000","11,195,000","9,238,000","9,566,000","8,281,000","8,027,000","8,554,000","9,439,000","8,435,000","7,106,000","5,836,000","11,646,000","7,404,000","8,530,000","6,045,000","8,145,000","6,881,000","7,687,000","7,691,000","6,948,000",,,,,,,,
NetIncomeFromContinuingOperationNetMinorityInterest,"51,675,000","11,057,000","24,707,000","13,806,000","2,105,000","8,814,000","10,609,000","12,547,000","8,960,000","33,987,000","14,812,000","8,811,000","11,497,000","20,548,000","9,609,000","11,702,000","-974,000","-9,321,000","-8,833,000","-4,945,000","-1,062,000","-3,723,000","-6,983,000","4,560,000","-1,719,000","-4,035,000","-835,000","312,000","2,724,000","-8,390,000","20,318,000","-1,027,000","3,883,000","-2,456,000","43,849,000","1,448,000","-25,241,000","433,000","-6,068,000","-2,132,000","4,437,000","1,068,000","6,828,000","5,602,000","1,706,000","2,392,000","6,790,000","7,685,000","10,808,000","9,326,000","1,028,000","1,695,000","7,431,000","7,314,000","1,828,000","1,401,000","2,930,000","-1,180,000","3,769,000","644,000","1,679,000","964,000","2,312,455","-96,465","-190,961","159,162","135,071","41,912","114,042","40,521"
TotalUnusualItemsExcludingGoodwill,"721,000","321,000","-29,000","291,000","138,000","-106,000","1,387,000","1,723,000","39,000","145,000","3,814,000","27,000","-81,000","-279,000","-3,541,000","-1,452,000","1,063,000","199,000","-4,722,000","-175,000","-2,499,000","-11,000","-5,500,000","2,000","-687,000","10,000","-32,000","884,000","-2,755,000","8,000","-174,000","-390,000","2,142,000","-87,000","24,313,000","2,968,000","-8,521,000","34,000","270,000","68,000","72,000","37,000","-2,640,000","-413,000","2,513,000","-5,145,000",,,,,,"163,000","-9,000",,,,,,,,,"-2,000",,,,,,,,
TotalUnusualItems,"721,000","321,000","-29,000","291,000","138,000","-106,000","1,387,000","1,723,000","39,000","145,000","3,814,000","27,000","-81,000","-279,000","-3,541,000","-1,452,000","1,063,000","199,000","-4,722,000","-175,000","-2,499,000","-11,000","-5,500,000","2,000","-687,000","10,000","-32,000","884,000","-2,755,000","8,000","-174,000","-390,000","2,142,000","-87,000","24,313,000","2,968,000","-8,521,000","34,000","270,000","68,000","72,000","37,000","-2,640,000","-413,000","2,513,000","-5,145,000",,,,,,"163,000","-9,000",,,,,,,,,"-2,000",,,,,,,,
NormalizedEBITDA,"128,178,000","29,362,000","46,832,000","31,903,000","20,081,000","26,948,000","28,002,000","30,496,000","28,033,000","61,233,000","28,794,000","27,094,000","32,092,000","44,129,000","34,996,000","37,315,000","20,354,000","11,486,000","-3,669,000","11,490,000","17,812,000","14,167,000","17,079,000","29,099,000","19,007,000","12,951,000","22,244,000","22,185,000","33,382,000","4,348,000","32,009,000","13,819,000","19,886,000","12,079,000","47,364,000","16,496,000","-1,855,000","18,081,000","8,097,000","11,799,000","20,720,000","14,482,000","30,198,000","26,456,000","12,869,000","30,322,000","20,413,000","24,082,000","28,638,000","28,131,000","12,366,000","12,388,000","22,601,000","27,535,000","14,986,000","14,998,000","16,340,000","9,897,000","17,669,000","11,413,000","16,503,000","12,604,000","25,641,270","-101,192","-548,600","-103,608","-884,115","87,585","-92,325","-36,886"
TaxRateForCalcs,"0.228","0.229","0.244","0.187","0.283","0.136","0.136","0.245","0.259","0.25","0.062","0.267","0.269","0.25","0.337","0.245","0.27","0.261","0.4","0.354","0.4","0.379","0.4","0.385","0.305","0.397","0.4","0.4","0.4","0.4","0.35","0.35","0.351","0.372","0.218","0.351","0.082","0.35","0.384","0.386","0.389","0.372","0.295","0.39","0.4","0.389","0.276","0.398","0.395","0.4","0.35","0.35","0.385","0.35","0.35","0.371","0.35","0.383","0.35","0.35","0.35","0.35","0.274","0.047","0.4","0.4","0.4","0.4","0.4","0.309"
TaxEffectOfUnusualItems,"164,599.728","73,509","-7,087.923","54,492.906","38,991.82","-14,416","188,638.326","422,483.788","10,099.165","36,250","235,098.004","7,200","-21,786.1","-69,750","-1,193,930.33","-355,220.759","287,010","51,939","-1,888,800","-62,012.012","-999,600","-4,169","-2,200,000","769.231","-209,847.273","3,970","-12,800","353,600","-1,102,000","3,200","-60,900","-136,500","751,132.776","-32,364","5,311,951.489","1,041,083.077","-697,037.183","11,900","103,745.61","26,273.168","28,014.619","13,756.098","-779,741.25","-161,068.664","1,005,200","-2,001,634.395","0","0","0","0","0","0","0","0","0","0","0","0","0","0","0","-700","0","0","0","0","0","0","0","0"