name,ttm,03/31/2022,12/31/2021,09/30/2021,06/30/2021,03/31/2021,12/31/2020,09/30/2020,06/30/2020,03/31/2020,12/31/2019,09/30/2019,06/30/2019,03/31/2019,12/31/2018,09/30/2018,06/30/2018,03/31/2018,12/31/2017,09/30/2017,06/30/2017,03/31/2017,12/31/2016,09/30/2016,06/30/2016,03/31/2016,12/31/2015,09/30/2015,06/30/2015,03/31/2015,12/31/2014,09/30/2014,06/30/2014,03/31/2014,12/31/2013,09/30/2013,06/30/2013,03/31/2013,12/31/2012,09/30/2012,06/30/2012,03/31/2012,12/31/2011,09/30/2011,06/30/2011,03/31/2011,12/31/2010,09/30/2010,06/30/2010,03/31/2010,12/31/2009,09/30/2009,06/30/2009,03/31/2009,12/31/2008,09/30/2008,06/30/2008,03/31/2008,12/31/2007,09/30/2007,06/30/2007,03/31/2007,12/31/2006,09/30/2006,06/30/2006,03/31/2006,12/31/2005,09/30/2005,06/30/2005,03/31/2005,12/31/2004,09/30/2004,06/30/2004,03/31/2004,12/31/2003,09/30/2003,06/30/2003,03/31/2003,12/31/2002,09/30/2002,06/30/2002,03/31/2002,12/31/2001,09/30/2001,06/30/2001,03/31/2001,12/31/2000,09/30/2000,06/30/2000,03/31/2000,12/31/1999,09/30/1999,06/30/1999,03/31/1999,12/31/1998,09/30/1998,06/30/1998,03/31/1998,12/31/1997,09/30/1997,06/30/1997,03/31/1997,12/31/1996,09/30/1996,06/30/1996,03/31/1996,12/31/1995,09/30/1995,06/30/1995,03/31/1995,12/31/1994,09/30/1994,06/30/1994,03/31/1994,12/31/1993,09/30/1993,06/30/1993,03/31/1993,12/31/1992,09/30/1992,06/30/1992,03/31/1992,12/31/1991,09/30/1991,06/30/1991,03/31/1991,12/31/1990,09/30/1990,06/30/1990,03/31/1990,12/31/1989,09/30/1989,06/30/1989,03/31/1989,12/31/1988,09/30/1988,06/30/1988,03/31/1988,12/31/1987,09/30/1987,06/30/1987,03/31/1987,12/31/1986,09/30/1986,06/30/1986,03/31/1986,12/31/1985,09/30/1985
TotalRevenue,"1,715,695,866","468,250,776","419,841,320","399,598,744","428,005,026","483,724,839","529,863,539","474,638,584","229,925,556","453,761,726","443,835,638","477,761,417","468,711,354","468,588,997","453,408,719","460,253,433","454,981,440","465,420,105","459,570,469","438,627,786","443,139,073","453,535,250","419,912,916","429,643,276","423,800,778","405,567,786","405,592,635","389,829,139","379,258,477","368,937,455","350,410,939","350,913,912","338,436,964","335,739,344","326,769,678","288,621,626","286,973,898","269,498,969","260,349,122","268,248,089","280,255,548","290,706,762","260,346,644","269,467,967","243,001,541","250,945,897","222,100,572","206,832,953","201,560,960","185,768,929","177,607,892","155,741,847","117,341,777","93,831,477","122,281,421","153,056,570","170,491,552","177,970,279","170,722,639","162,524,803","163,479,812","157,205,982","149,589,602","141,265,647","142,391,231","139,020,593","138,342,912","138,114,897","132,384,445","127,641,720","126,235,803","120,456,707","129,646,277","129,327,548","123,914,515","112,878,954","116,917,332","115,308,564","107,347,349","101,516,275","97,346,344","89,048,468","79,717,439","74,116,183","77,074,568","79,396,806","74,854,105","71,934,236","76,755,923","73,876,538","65,500,000","64,100,000","66,900,000","65,600,000","64,400,000","49,600,000","51,400,000","57,000,000","52,600,000","47,000,000","44,900,000","41,900,000","37,300,000","36,800,000","38,700,000","35,900,000","32,700,000","26,800,000","26,000,000","26,000,000","24,800,000","23,100,000","20,700,000","21,200,000","19,200,000","15,500,000","13,700,000","15,300,000","15,100,000","11,400,000","10,300,000","8,400,000","8,200,000","8,600,000","5,000,000","5,100,000","5,300,000","5,200,000","4,900,000","5,800,000","6,300,000","5,700,000","5,700,000","6,100,000","4,500,000","3,300,000","3,300,000","3,600,000","3,500,000","3,000,000","3,600,000","3,700,000","4,000,000","3,200,000","3,100,000","2,500,000","2,600,000","1,800,000"
	OperatingRevenue,"1,715,695,866","468,250,776","419,841,320","399,598,744","428,005,026","483,724,839","529,863,539","474,638,584","229,925,556","453,761,726","443,835,638","477,761,417","468,711,354","468,588,997","453,408,719","460,253,433","454,981,440","465,420,105","459,570,469","438,627,786","443,139,073","453,535,250","419,912,916","429,643,276","423,800,778","405,567,786","405,592,635","389,829,139","379,258,477","368,937,455","350,410,939","350,913,912","338,436,964","335,739,344","326,769,678","288,621,626","286,973,898","269,498,969","260,349,122","268,248,089","280,255,548","290,706,762","260,346,644","269,467,967","243,001,541","250,945,897","222,100,572","206,832,953","201,560,960","185,768,929","177,607,892","155,741,847","117,341,777","93,831,477","122,281,421","153,056,570","170,491,552","177,970,279","170,722,639","162,524,803","163,479,812","157,205,982","149,589,602","141,265,647","142,391,231","139,020,593","138,342,912","138,114,897","132,384,445","127,641,720","126,235,803","120,456,707","129,646,277","129,327,548","123,914,515","112,878,954","116,917,332","115,308,564","107,347,349","101,516,275","97,346,344","89,048,468","79,717,439","74,116,183","77,074,568","79,396,806","74,854,105","71,934,236","76,755,923","73,876,538","65,500,000","64,100,000","66,900,000","65,600,000","64,400,000","49,600,000","51,400,000","57,000,000","52,600,000","47,000,000","44,900,000","41,900,000","37,300,000","36,800,000","38,700,000","35,900,000","32,700,000","26,800,000","26,000,000","26,000,000","24,800,000","23,100,000","20,700,000","21,200,000","19,200,000","15,500,000","13,700,000","15,300,000","15,100,000","11,400,000","10,300,000","8,400,000","8,200,000","8,600,000","5,000,000","5,100,000","5,300,000","5,200,000","4,900,000","5,800,000","6,300,000","5,700,000","5,700,000","6,100,000","4,500,000","3,300,000","3,300,000","3,600,000","3,500,000","3,000,000","3,600,000","3,700,000","4,000,000","3,200,000","3,100,000","2,500,000","2,600,000","1,800,000"
CostOfRevenue,"1,118,876,227","307,838,816","275,930,403","258,698,723","276,408,285","300,424,671","313,189,020","286,401,872","185,980,748","297,174,245","282,031,064","297,440,131","292,173,750","298,944,494","281,365,186","287,263,147","282,176,968","292,791,704","279,280,443","267,398,126","275,931,278","277,734,465","250,745,919","255,821,376","257,028,219","246,876,998","242,349,123","237,932,439","233,715,046","225,845,046","215,737,971","212,288,220","204,144,736","204,440,537","198,075,383","182,659,141","184,361,279","176,035,466","171,230,430","178,132,021","187,498,242","189,880,269","169,992,934","174,182,650","157,376,970","160,629,160","142,632,209","133,073,198","127,667,134","117,200,560","112,513,832","101,386,005","81,547,272","71,521,107","87,578,410","106,359,938","111,411,298","115,323,288","112,303,124","105,522,931","105,782,966","102,627,220","97,493,721","93,387,125","91,494,753","90,787,885","88,517,406","86,918,447","82,818,876","79,588,903","75,531,914","72,754,752","75,190,805","74,443,276","70,896,590","65,793,563","68,635,744","67,192,569","62,651,572","60,820,878","58,280,926","53,857,806","48,233,826","45,685,789","46,710,921","47,671,157","39,930,742","40,110,685","41,819,720","38,464,323","33,600,000","35,600,000","35,200,000","34,100,000","34,000,000","28,300,000","28,800,000","32,100,000","30,200,000","28,800,000","27,500,000","25,500,000","22,300,000","22,400,000","23,100,000","21,300,000","19,100,000","15,600,000","15,100,000","14,500,000","13,000,000","13,000,000","10,900,000","11,100,000","10,000,000","8,100,000","7,500,000","7,900,000","7,900,000","6,800,000","5,700,000","4,900,000","4,600,000","5,300,000","3,100,000","3,300,000","3,400,000","3,200,000","3,200,000","3,500,000","3,800,000","3,700,000","3,600,000",,,,,,,,,,,,,,,
GrossProfit,"596,819,639","160,411,960","143,910,917","140,900,021","151,596,741","183,300,168","216,674,519","188,236,712","43,944,808","156,587,481","161,804,574","180,321,286","176,537,604","169,644,503","172,043,533","172,990,286","172,804,472","172,628,401","180,290,026","171,229,660","167,207,795","175,800,785","169,166,997","173,821,900","166,772,559","158,690,788","163,243,512","151,896,700","145,543,431","143,092,409","134,672,968","138,625,692","134,292,228","131,298,807","128,694,295","105,962,485","102,612,619","93,463,503","89,118,692","90,116,068","92,757,306","100,826,493","90,353,710","95,285,317","85,624,571","90,316,737","79,468,363","73,759,755","73,893,826","68,568,369","65,094,060","54,355,842","35,794,505","22,310,370","34,703,011","46,696,632","59,080,254","62,646,991","58,419,515","57,001,872","57,696,846","54,578,762","52,095,881","47,878,522","50,896,478","48,232,708","49,825,506","51,196,450","49,565,569","48,052,817","50,703,889","47,701,955","54,455,472","54,884,272","53,017,925","47,085,391","48,281,588","48,115,995","44,695,777","40,695,397","39,065,418","35,190,662","31,483,613","28,430,394","30,363,647","31,725,649","34,923,363","31,823,551","34,936,203","35,412,215","31,900,000","28,500,000","31,700,000","31,500,000","30,400,000","21,300,000","22,600,000","24,900,000","22,400,000","18,200,000","17,400,000","16,400,000","15,000,000","14,400,000","15,600,000","14,600,000","13,600,000","11,200,000","10,900,000","11,500,000","11,800,000","10,100,000","9,800,000","10,100,000","9,200,000","7,400,000","6,200,000","7,400,000","7,200,000","4,600,000","4,600,000","3,500,000","3,600,000","3,300,000","1,900,000","1,800,000","1,900,000","2,000,000","1,700,000","2,300,000","2,500,000","2,000,000","2,100,000",,,,,,,,,,,,,,,
OperatingExpense,"217,465,457","57,106,055","55,952,202","52,735,081","51,672,120","49,566,467","54,260,227","49,383,823","50,683,064","51,560,314","50,903,949","52,185,606","48,632,638","48,048,172","46,544,234","45,562,375","46,121,468","44,113,068","46,295,960","42,157,008","41,343,281","41,373,665","41,231,054","39,609,619","38,026,838","37,841,798","36,581,029","35,634,080","37,410,601","35,383,903","36,057,605","35,419,865","34,456,790","34,121,261","33,058,638","32,306,239","31,016,348","29,609,864","30,300,010","32,492,713","35,245,074","35,325,530","34,570,331","33,038,537","32,377,679","30,225,863","28,863,247","26,787,458","25,107,067","23,960,472","21,855,794","21,252,429","19,716,200","20,111,285","24,937,992","23,425,621","23,290,536","22,659,823","24,695,147","22,364,753","21,179,099","20,642,233","18,957,071","18,273,718","17,475,588","17,950,236","15,815,793","15,903,068","15,809,728","14,817,216","14,755,928","14,308,862","14,426,176","14,188,409","13,152,124","12,637,881","12,401,206","11,734,412","11,836,341","11,116,851","10,867,816","10,626,085","10,237,567","9,776,236","10,105,361","9,824,898","12,353,493","11,838,950","11,573,526","10,918,372","9,600,000","9,800,000","9,500,000","9,200,000","7,400,000","8,000,000","8,600,000","7,800,000","7,100,000","6,500,000","6,800,000","6,500,000","5,600,000","5,900,000","5,700,000","6,400,000","6,000,000","5,300,000","5,600,000","5,400,000","5,800,000","4,600,000","4,300,000","4,200,000","4,100,000","4,200,000","3,500,000","4,600,000","4,500,000","3,100,000","2,800,000","2,500,000","2,500,000","2,300,000","2,000,000","2,000,000","2,100,000","1,700,000","1,800,000","1,900,000","1,600,000","1,600,000","1,300,000",,,,,,,,,,,,,,,
	SellingGeneralAndAdministration,"95,378,875","25,131,068","24,650,638","22,984,108","22,613,062","21,914,386","24,746,301","21,571,093","21,690,096","21,944,892","22,063,889","22,786,881","20,273,295","19,958,991","19,548,094","18,673,376","18,921,003","18,063,810","21,735,468","17,386,729","16,099,871","16,221,408","16,741,134","16,024,504","14,955,050","14,750,589","13,596,366","14,128,619","15,095,357","13,796,352","14,277,108","13,747,925","14,222,716","13,632,034","13,218,027","13,199,557","12,152,166","10,926,288","11,738,057","12,058,701","12,452,571","12,110,396","12,765,228","12,370,000","12,131,922","11,311,102","10,787,736","10,323,698","9,884,445","9,621,954","9,285,547","9,296,514","8,494,480","8,731,081","12,285,244","10,324,190","9,892,080","9,923,536","9,068,837","9,112,808","8,732,630","8,366,571","7,841,410","7,737,384","7,512,959","7,791,068","6,672,438","6,762,837","7,011,298","6,839,831","6,670,249","6,550,287","6,880,091","6,745,121","6,001,114","5,693,743","6,090,320","5,526,676","6,047,132","5,142,636","5,243,953","5,040,345","4,860,388","4,694,263","4,780,327","4,924,088","4,696,934","4,303,737","4,501,495","4,139,139","3,400,000","3,600,000","3,600,000","3,400,000","3,000,000","3,000,000","3,100,000","3,000,000","2,700,000","2,600,000","2,800,000","2,700,000","2,700,000","2,700,000","2,700,000","3,600,000","3,500,000","3,000,000","3,300,000","3,100,000","3,500,000","2,700,000","2,300,000","2,200,000","3,200,000","3,000,000","2,600,000","2,600,000","2,400,000","2,500,000","2,300,000","2,100,000","1,900,000","1,900,000","1,600,000","1,600,000","1,700,000","1,400,000","1,500,000","1,600,000","1,300,000","1,300,000","1,000,000",,,,,,,,,,,,,,,
	ResearchAndDevelopment,"122,086,582","31,974,987","31,301,564","29,750,973","29,059,058","27,652,081","29,513,926","27,812,730","28,992,968","29,615,422","28,840,060","29,398,725","28,359,343","28,089,181","26,996,140","26,888,999","27,200,465","26,049,258","24,560,492","24,770,279","25,243,410","25,152,257","24,489,920","23,585,115","23,071,788","23,091,209","22,984,663","21,505,461","22,315,244","21,587,551","21,780,497","21,671,940","20,234,074","20,489,227","19,840,611","19,106,682","18,864,182","18,683,576","18,561,953","20,434,012","22,792,503","23,215,134","21,805,103","20,668,537","20,245,757","18,914,761","18,075,511","16,463,760","15,222,622","14,338,518","12,570,247","11,955,915","11,221,720","11,380,204","12,652,748","13,101,431","13,398,456","12,736,287","12,740,981","13,251,945","12,446,469","12,275,662","11,115,661","10,536,334","9,962,629","10,159,168","9,143,355","9,140,231","8,798,430","7,977,385","8,085,679","7,758,575","7,546,085","7,443,288","7,151,010","6,944,138","6,310,886","6,207,736","5,789,209","5,974,215","5,623,863","5,585,740","5,377,179","5,081,973","5,325,034","4,900,810","4,509,342","4,261,318","4,256,066","3,873,935","3,500,000","3,400,000","3,500,000","3,300,000","2,800,000","2,900,000","2,700,000","2,600,000","2,200,000","2,400,000","2,400,000","2,100,000","1,900,000","1,900,000","1,900,000","1,700,000","1,600,000","1,400,000","1,500,000","1,400,000","1,200,000","1,200,000","1,200,000","1,200,000",,,,,,,,,,,,,,,,,,,,,,,,,,,,,,,,,,
	DepreciationAmortizationDepletionIncomeStatement,,,,,,,,,,,,,,,,,,,,,,,,,,,,,,,,,,,,,,,,,,,,,,,,,,,,,,,,,,,,,,,,,,,,,,,,,,,,,,,,,,,,,,,"3,147,217","3,273,895","2,815,965","2,905,298","2,700,000","2,800,000","2,400,000","2,500,000","1,600,000","2,100,000","2,800,000","2,200,000","2,200,000","1,500,000","1,600,000","1,700,000","1,000,000","1,300,000","1,100,000","1,100,000","900,000","900,000","800,000","900,000","1,100,000","700,000","800,000","800,000","900,000","1,200,000","900,000","2,000,000","2,100,000","600,000","500,000","400,000","600,000","400,000","400,000","400,000","400,000","300,000","300,000","300,000","300,000","300,000","300,000",,,,,,,,,,,,,,,
		DepreciationAndAmortizationInIncomeStatement,,,,,,,,,,,,,,,,,,,,,,,,,,,,,,,,,,,,,,,,,,,,,,,,,,,,,,,,,,,,,,,,,,,,,,,,,,,,,,,,,,,,,,,"3,147,217","3,273,895","2,815,965","2,905,298","2,700,000","2,800,000","2,400,000","2,500,000","1,600,000","2,100,000","2,800,000","2,200,000","2,200,000","1,500,000","1,600,000","1,700,000","1,000,000","1,300,000","1,100,000","1,100,000","900,000","900,000","800,000","900,000","1,100,000","700,000","800,000","800,000","900,000","1,200,000","900,000","2,000,000","2,100,000","600,000","500,000","400,000","600,000","400,000","400,000","400,000","400,000","300,000","300,000","300,000","300,000","300,000","300,000",,,,,,,,,,,,,,,
OperatingIncome,"379,354,182","103,305,905","87,958,715","88,164,940","99,924,621","133,733,701","162,414,292","138,852,889","-6,738,256","105,027,167","110,900,625","128,135,680","127,904,966","121,596,331","125,499,299","127,427,911","126,683,004","128,515,333","133,994,066","129,072,652","125,864,514","134,427,120","127,935,943","134,212,281","128,745,721","120,848,990","126,662,483","116,262,620","108,132,830","107,708,506","98,615,363","103,205,827","99,835,438","97,177,546","95,635,657","73,656,246","71,596,271","63,853,639","58,818,682","57,623,355","57,512,232","65,500,963","55,783,379","62,246,780","53,246,892","60,090,874","50,605,116","46,972,297","48,786,759","44,607,897","43,238,266","33,103,413","16,078,305","2,199,085","9,765,019","23,271,011","35,789,718","39,987,168","33,724,368","34,637,119","36,517,747","33,936,529","33,138,810","29,604,804","33,420,890","30,282,472","34,009,713","35,293,382","33,755,841","33,235,601","35,947,961","33,393,093","40,029,296","40,695,863","39,865,801","34,447,510","35,880,382","36,381,583","32,859,436","29,578,546","28,197,602","24,564,577","21,246,046","18,654,158","20,258,286","21,900,751","22,569,870","19,984,601","23,362,677","24,493,843","22,300,000","18,700,000","22,200,000","22,300,000","23,000,000","13,300,000","14,000,000","17,100,000","15,300,000","11,700,000","10,600,000","9,900,000","9,400,000","8,500,000","9,900,000","8,200,000","7,600,000","5,900,000","5,300,000","6,100,000","6,000,000","5,500,000","5,500,000","5,900,000","5,100,000","3,200,000","2,700,000","2,800,000","2,700,000","1,500,000","1,800,000","1,000,000","1,100,000","1,000,000","-100,000","-200,000","-200,000","300,000","-100,000","400,000","900,000","400,000","800,000","6,100,000","-9,300,000","3,300,000","3,300,000","3,600,000","-8,200,000","3,000,000","3,600,000","3,700,000","-7,700,000","3,200,000","3,100,000","2,500,000","-5,200,000","1,800,000"
OtherIncomeExpense,"5,026,229","-10,494","1,416,331","1,729,294","1,891,098","1,533,035","3,099,017","4,044,109","2,866,229","2,247,482","2,744,109","3,443,833","2,377,578","3,312,210","5,280,324","3,106,704","2,289,774","3,244,598","4,161,928","1,759,391","2,079,249","437,784","1,118,526","115,701","-1,137,011","-1,279,378","2,013,168","-214,878","2,317,343","709,384","5,404,427","786,780","5,786,565","4,514,544","8,502,281","7,387,008","5,532,668","1,900,273","-346,181","4,062,706","3,167,483","3,286,360","2,946,486","2,251,836","4,501,176","3,364,388","4,637,271","3,199,013","1,554,306","3,077,355","1,615,618","2,478,993","2,223,884","-4,585,261","-15,508,039","-3,515,596","990,455","1,415,125","-479,071","4,076,418","3,699,084","4,963,578","2,933,415","1,308,341","1,517,113","2,762,920","515,760","1,033,387","221,645","1,539,274","1,714,541","1,168,367","819,615","1,321,653","773,608","1,225,098","13,193","-664,256","-267,130","-832,098","460,708","754,301","415,014","371,728","483,338","4,633","-450,482","53,517","871,495","278,909","3,000,000","2,800,000","2,500,000","2,500,000","2,400,000","1,400,000","2,000,000","1,600,000","1,400,000","1,100,000","1,200,000","1,000,000","1,100,000","900,000","800,000","-3,200,000","900,000","700,000","700,000","700,000","500,000","500,000","400,000","300,000","200,000","200,000","200,000","200,000","300,000","200,000","200,000","200,000","800,000","200,000","200,000","200,000","700,000","200,000","200,000","100,000","400,000","100,000",,,,,,,,,,,,,,,,
	GainOnSaleOfSecurity,"3,354,704","788,316","806,898","856,351","903,139","1,023,410","1,252,364","1,825,257","1,462,033","2,446,649","2,474,058","3,353,510","2,140,387","3,262,741","3,199,964","3,180,683","2,844,133","2,037,605","4,094,335","2,139,387","1,736,138","1,472,527","2,306,429","916,556","774,102","790,041","3,129,266","495,468","754,052","612,025","4,887,073","406,491","398,005","325,158","5,129,503","474,084","625,717","495,413",,,,,,,,,,,,,,,,,,,,,,,,,,,,,,,,,,,,,,,,,,,,,,,,,,,,,,,,,,,,,,,,,,,,,,,,,,,,,,,,,,,,,,,,,,,,,,,,,,,,,,,,,,,,,,
	SpecialIncomeCharges,,,,,,,,,,,,,,,,,,,,,,,,,,,,,,,,,,,"0",,,,"-15,516,549","4,062,706","3,167,483","3,286,360","2,946,486","2,251,836","4,501,176","3,364,388","4,637,271","3,199,013","1,554,306","3,077,355","1,615,618","2,478,993","2,223,884","-4,585,261","-15,508,039","-3,515,596","990,455","1,415,125","-479,071","4,076,418","3,699,084","4,963,578","2,933,415","1,308,341","1,517,113","2,762,920","515,760","1,033,387","221,645","1,539,274","1,714,541","1,168,367","819,615","1,321,653","773,608","1,225,098","13,193","-664,256","-267,130","-832,098","460,708","754,301","415,014","371,728","483,338","4,633","-450,482","53,517","871,495","278,909","3,000,000","2,800,000","2,500,000","2,500,000","2,400,000","1,400,000","2,000,000","1,600,000","1,400,000","1,100,000","1,200,000","1,000,000","1,100,000","900,000","800,000","-3,200,000","900,000","700,000","700,000","700,000","500,000","500,000","400,000","300,000","200,000","200,000","200,000","200,000","300,000","200,000","200,000","200,000","800,000","200,000","200,000","200,000","700,000","200,000","200,000","100,000","400,000","100,000",,,,,,,,,,,,,,,,
		ImpairmentOfCapitalAssets,,,,,,,,,,,,,,,,,,,,,,,,,,,,,,,,,,,,,,,,,,,,,,,"0","0","0","0","0","0","0","1,290,590",,,,,,,,,,,,,,,,,,,,,,,,,,,,,,,,,,,,,,,,,,,,,,,,,,,,,,,,,,,,,,,,,,,,,,,,,,,,,,,,,,,,,,,,,,,,,,
		OtherSpecialCharges,,,,,,,,,,,,,,,,,,,,,,,,,,,,,,,,,,,,,,,"5,000,000",,,,,,,,"-4,637,271","-3,199,013","-1,554,306","-3,077,355","-1,615,618","-2,478,993","-2,223,884","3,294,671",,,,,,,,,,,,,,,,,,,,,,,,,,,,,,,,,,,,,,,,,,,,,,,,,,,,,,,,,,,,,,,,,,,,,,,,,,,,,,,,,,,,,,,,,,,,,,
	OtherNonOperatingIncomeExpenses,"1,671,525","-798,810","609,433","872,943","987,959","509,625","1,846,653","2,218,852","1,404,196","-199,167","270,051","90,323","237,191","49,469","2,080,360","-73,979","-554,359","1,206,993","67,593","-379,996","343,111","-1,034,743","-1,187,903","-800,855","-1,911,113","-2,069,419","-1,116,098","-710,346","1,563,291","97,359","517,354","380,289","5,388,560","4,189,386","3,372,778","6,912,924","4,906,951","1,404,860","4,653,819",,,,,,,,,,,,,,,,,,,,,,,,,,,,,,,,,,,,,,,,,,,,,,,,,,,,,,,,,,,,,,,,,,,,,,,,,,,,,,,,,,,,,,,,,,,,,,,,,,,,,,,,,,,,,
PretaxIncome,"384,380,411","103,295,411","89,375,046","89,894,234","101,815,719","135,266,736","165,513,309","142,896,998","-3,872,027","107,274,649","113,644,734","131,579,513","130,282,544","124,908,541","130,779,623","130,534,615","128,972,778","131,759,931","138,155,994","130,832,043","127,943,763","134,864,904","129,054,469","134,327,982","127,608,710","119,569,612","128,675,651","116,047,742","110,450,173","108,417,890","104,019,790","103,992,607","105,622,003","101,692,090","104,137,938","81,043,254","77,128,939","65,753,912","58,472,501","61,686,061","60,679,715","68,787,323","58,729,865","64,498,616","57,748,068","63,455,262","55,242,387","50,171,310","50,341,065","47,685,252","44,853,884","35,582,406","18,302,189","-2,386,176","-15,992,643","22,704,827","40,020,040","45,462,637","47,450,113","43,853,073","44,965,030","43,470,552","44,895,493","35,708,073","40,099,149","38,270,883","43,236,672","40,782,819","38,016,050","37,858,970","41,797,418","36,824,833","42,939,792","44,170,475","43,084,193","38,045,125","38,652,339","38,382,538","35,676,037","31,743,261","31,573,767","28,079,726","24,946,456","22,116,260","23,994,824","25,559,960","26,341,883","23,489,963","27,242,186","27,449,034","25,400,000","21,400,000","24,600,000","24,700,000","25,400,000","14,700,000","16,000,000","18,600,000","16,500,000","12,900,000","11,900,000","11,000,000","10,500,000","9,300,000","10,600,000","4,900,000","8,400,000","6,800,000","5,900,000","6,900,000","6,600,000","6,000,000","6,000,000","6,100,000","5,400,000","3,300,000","3,000,000","3,000,000","2,800,000","1,800,000","1,900,000","1,200,000","1,400,000","1,200,000",,,"100,000","400,000",,"500,000","900,000","600,000","900,000",,,,,,,,,,,,,,,
TaxProvision,"49,505,423","15,766,785","5,195,650","13,233,686","15,309,301","21,815,866","22,174,058","25,804,396","-1,497,994","17,768,848","14,097,683","19,681,661","21,323,919","20,628,130","24,505,068","19,198,798","19,948,796","20,511,188","7,687,095","40,601,708","39,407,816","37,308,163","40,293,075","42,263,336","41,123,468","39,289,618","40,280,095","37,715,317","35,891,736","31,234,449","33,044,911","31,655,724","28,895,257","33,126,019","34,256,914","25,522,293","25,031,542","20,323,345","18,873,867","19,808,978","19,913,176","22,442,739","18,263,752","21,101,552","19,275,899","21,122,380","18,319,122","15,880,066","16,283,735","15,223,122","14,806,029","11,645,552","6,092,882","-829,245","-5,627,538","7,558,271","13,161,679","15,014,502","15,600,391","14,026,590","14,008,923","13,972,843","14,079,519","11,370,152","12,863,099","11,899,826","13,619,000","12,847,000","11,975,000","11,926,000","13,166,000","11,600,000","13,955,000","14,355,000","14,003,000","12,364,000","12,562,000","12,474,000","11,596,000","10,316,000","10,263,000","9,126,500","8,107,000","7,188,000","7,799,000","8,307,000","8,562,000","7,636,000","8,882,000","8,899,000","8,200,000","7,000,000","8,100,000","8,000,000","8,300,000","4,800,000","5,200,000","6,100,000","5,400,000","4,200,000","3,900,000","3,600,000","3,400,000","3,000,000","3,400,000","1,600,000","2,700,000","2,200,000","1,900,000","2,300,000","2,200,000","2,000,000","2,000,000","2,000,000","1,800,000","1,100,000","1,000,000","1,000,000","900,000","600,000","600,000","400,000","400,000","400,000",,,"-100,000","100,000",,"100,000","300,000","200,000","300,000",,,,,,,,,,,,,,,
NetIncomeCommonStockholders,"329,594,137","86,168,579","82,827,907","75,419,967","85,181,651","111,779,682","141,280,371","115,395,321","-2,813,360","89,505,801","99,547,051","111,897,852","108,958,625","104,280,411","106,274,555","111,335,817","109,023,982","111,248,743","130,468,899","90,230,335","88,535,947","97,556,741","88,761,394","92,064,646","86,485,242","80,279,994","88,395,556","78,332,425","74,558,437","77,183,441","70,974,879","72,336,883","76,726,746","68,566,071","69,881,024","55,520,961","52,097,397","45,430,567","39,598,634","41,877,083","40,766,539","46,344,584","40,466,113","43,397,064","38,472,169","42,332,882","36,923,265","34,291,244","34,057,330","32,462,130","30,047,855","23,936,854","12,209,307","-1,556,931","-10,365,105","15,146,556","26,858,361","30,448,135","31,849,722","29,826,483","30,956,107","29,497,709","30,815,974","24,337,921","27,236,050","26,371,057","29,617,672","27,935,819","26,041,050","25,932,970","28,631,418","25,224,833","28,984,792","29,815,475","29,081,193","25,681,125","26,090,339","25,908,538","24,080,037","21,427,261","21,310,767","18,953,226","16,839,456","14,928,260","16,195,824","17,252,960","17,779,883","15,853,963","18,360,186","18,550,034","17,200,000","14,400,000","16,500,000","16,700,000","17,100,000","9,900,000","10,800,000","12,500,000","11,100,000","8,700,000","8,000,000","7,400,000","7,100,000","6,300,000","7,200,000","3,300,000","5,700,000","4,600,000","4,000,000","4,600,000","4,400,000","4,000,000","4,000,000","4,100,000","3,600,000","2,200,000","2,000,000","2,000,000","1,900,000","1,200,000","1,300,000","800,000","1,000,000","800,000","100,000",,"200,000","300,000","200,000","400,000","600,000","400,000","600,000",,,,,,,,,,,,,,,
	NetIncome,"334,874,988","87,528,626","84,179,396","76,660,548","86,506,418","113,450,870","143,339,251","117,092,602","-2,374,033","89,505,801","99,547,051","111,897,852","108,958,625","104,280,411","106,274,555","111,335,817","109,023,982","111,248,743","130,468,899","90,230,335","88,535,947","97,556,741","88,761,394","92,064,646","86,485,242","80,279,994","88,395,556","78,332,425","74,558,437","77,183,441","70,974,879","72,336,883","76,726,746","68,566,071","69,881,024","55,520,961","52,097,397","45,430,567","39,598,634","41,877,083","40,766,539","46,344,584","40,466,113","43,397,064","38,472,169","42,332,882","36,923,265","34,291,244","34,057,330","32,462,130","30,047,855","23,936,854","12,209,307","-1,556,931","-10,365,105","15,146,556","26,858,361","30,448,135","31,849,722","29,826,483","30,956,107","29,497,709","30,815,974","24,337,921","27,236,050","26,371,057","29,617,672","27,935,819","26,041,050","25,932,970","28,631,418","25,224,833","28,984,792","29,815,475","29,081,193","25,681,125","26,090,339","25,908,538","24,080,037","21,427,261","21,310,767","18,953,226","16,839,456","14,928,260","16,195,824","17,252,960","17,779,883","15,853,963","18,360,186","18,550,034","17,200,000","14,400,000","16,500,000","16,700,000","17,100,000","9,900,000","10,800,000","12,500,000","11,100,000","8,700,000","8,000,000","7,400,000","7,100,000","6,300,000","7,200,000","3,300,000","5,700,000","4,600,000","4,000,000","4,600,000","4,400,000","4,000,000","4,000,000","4,100,000","3,600,000","2,200,000","2,000,000","2,000,000","1,900,000","1,200,000","1,300,000","800,000","1,000,000","800,000","100,000",,"200,000","300,000","200,000","400,000","600,000","400,000","600,000",,,,,,,,,,,,,,,
		NetIncomeIncludingNoncontrollingInterests,"334,874,988","87,528,626","84,179,396","76,660,548","86,506,418","113,450,870","143,339,251","117,092,602","-2,374,033","89,505,801","99,547,051","111,897,852","108,958,625","104,280,411","106,274,555","111,335,817","109,023,982","111,248,743","130,468,899","90,230,335","88,535,947","97,556,741","88,761,394","92,064,646","86,485,242","80,279,994","88,395,556","78,332,425","74,558,437","77,183,441","70,974,879","72,336,883","76,726,746","68,566,071","69,881,024","55,520,961","52,097,397","45,430,567","39,598,634","41,877,083","40,766,539","46,344,584","40,466,113","43,397,064","38,472,169","42,332,882","36,923,265","34,291,244","34,057,330","32,462,130","30,047,855","23,936,854","12,209,307","-1,556,931","-10,365,105","15,146,556","26,858,361","30,448,135","31,849,722","29,826,483","30,956,107","29,497,709","30,815,974","24,337,921","27,236,050","26,371,057","29,617,672","27,935,819","26,041,050","25,932,970","28,631,418","25,224,833","28,984,792","29,815,475","29,081,193","25,681,125","26,090,339","25,908,538","24,080,037","21,427,261","21,310,767","18,953,226","16,839,456","14,928,260","16,195,824","17,252,960","17,779,883","15,853,963","18,360,186","18,550,034","17,200,000","14,400,000","16,500,000","16,700,000","17,100,000","9,900,000","10,800,000","12,500,000","11,100,000","8,700,000","8,000,000","7,400,000","7,100,000","6,300,000","7,200,000","3,300,000","5,700,000","4,600,000","4,000,000","4,600,000","4,400,000","4,000,000","4,000,000","4,100,000","3,600,000","2,200,000","2,000,000","2,000,000","1,900,000","1,200,000","1,300,000","800,000","1,000,000","800,000","100,000",,"200,000","300,000","200,000","400,000","600,000","400,000","600,000","500,000","300,000","100,000","200,000","200,000","300,000","200,000","300,000","400,000","400,000","100,000","300,000","200,000","0","200,000"
			NetIncomeContinuousOperations,"334,874,988","87,528,626","84,179,396","76,660,548","86,506,418","113,450,870","143,339,251","117,092,602","-2,374,033","89,505,801","99,547,051","111,897,852","108,958,625","104,280,411","106,274,555","111,335,817","109,023,982","111,248,743","130,468,899","90,230,335","88,535,947","97,556,741","88,761,394","92,064,646","86,485,242","80,279,994","88,395,556","78,332,425","74,558,437","77,183,441","70,974,879","72,336,883","76,726,746","68,566,071","69,881,024","55,520,961","52,097,397","45,430,567","39,598,634","41,877,083","40,766,539","46,344,584","40,466,113","43,397,064","38,472,169","42,332,882","36,923,265","34,291,244","34,057,330","32,462,130","30,047,855","23,936,854","12,209,307","-1,556,931","-10,365,105","15,146,556","26,858,361","30,448,135","31,849,722","29,826,483","30,956,107","29,497,709","30,815,974","24,337,921","27,236,050","26,371,057","29,617,672","27,935,819","26,041,050","25,932,970","28,631,418","25,224,833","28,984,792","29,815,475","29,081,193","25,681,125","26,090,339","25,908,538","24,080,037","21,427,261","21,310,767","18,953,226","16,839,456","14,928,260","16,195,824","17,252,960","17,779,883","15,853,963","18,360,186","18,550,034","17,200,000","14,400,000","16,500,000","16,700,000","17,100,000","9,900,000","10,800,000","12,500,000","11,100,000","8,700,000","8,000,000","7,400,000","7,100,000","6,300,000","7,200,000","3,300,000","5,700,000","4,600,000","4,000,000","4,600,000","4,400,000","4,000,000","4,000,000","4,100,000","3,600,000","2,200,000","2,000,000","2,000,000","1,900,000","1,200,000","1,300,000","800,000","1,000,000","800,000","100,000",,"200,000","300,000","200,000","400,000","600,000","400,000","600,000","500,000","300,000","100,000","200,000","200,000","300,000","200,000","300,000","400,000","400,000","100,000","300,000","200,000","0","200,000"
	OtherunderPreferredStockDividend,"5,280,851","1,360,047","1,351,489","1,240,581","1,324,767","1,671,188","2,058,880","1,697,281","439,327",,,,,,,,,,,,,,,,,,,,,,,,,,,,,,,,,,,,,,,,,,,,,,,,,,,,,,,,,,,,,,,,,,,,,,,,,,,,,,,,,,,,,,,,,,,,,,,,,,,,,,,,,,,,,,,,,,,,,,,,,,,,,,,,,,,,,,,,,,,
AverageDilutionEarnings,"8,631","2,500","3,725","2,943","3,980","10,883","7,501","4,742",,,,,,,,,,,,,,,,,,,,,,,,,,,,,,,,,,,,,,,,,,,,,,,,,,,,,,,,,,,,,,,,,,,,,,,,,,,,,,,,,,,,,,,,,,,,,,,,,,,,,,,,,,,,,,,,,,,,,,,,,,,,,,,,,,,,,,,,,,,,
DilutedNIAvailtoComStockholders,"329,602,768","86,171,079","82,831,632","75,422,910","85,185,631","111,790,565","141,287,872","115,400,063","-2,813,360","89,505,801","99,547,051","111,897,852","108,958,625","104,280,411","106,274,555","111,335,817","109,023,982","111,248,743","130,468,899","90,230,335","88,535,947","97,556,741","88,761,394","92,064,646","86,485,242","80,279,994","88,395,556","78,332,425","74,558,437","77,183,441","70,974,879","72,336,883","76,726,746","68,566,071","69,881,024","55,520,961","52,097,397","45,430,567","39,598,634","41,877,083","40,766,539","46,344,584","40,466,113","43,397,064","38,472,169","42,332,882","36,923,265","34,291,244","34,057,330","32,462,130","30,047,855","23,936,854","12,209,307","-1,556,931","-10,365,105","15,146,556","26,858,361","30,448,135","31,849,722","29,826,483","30,956,107","29,497,709","30,815,974","24,337,921","27,236,050","26,371,057","29,617,672","27,935,819","26,041,050","25,932,970","28,631,418","25,224,833","28,984,792","29,815,475","29,081,193","25,681,125","26,090,339","25,908,538","24,080,037","21,427,261","21,310,767","18,953,226","16,839,456","14,928,260","16,195,824","17,252,960","17,779,883","15,853,963","18,360,186","18,550,034","17,200,000","14,400,000","16,500,000","16,700,000","17,100,000","9,900,000","10,800,000","12,500,000","11,100,000","8,700,000","8,000,000","7,400,000","7,100,000","6,300,000","7,200,000","3,300,000","5,700,000","4,600,000","4,000,000","4,600,000","4,400,000","4,000,000","4,000,000","4,100,000","3,600,000","2,200,000","2,000,000","2,000,000","1,900,000","1,200,000","1,300,000","800,000","1,000,000","800,000","100,000",,"200,000","300,000","200,000","400,000","600,000","400,000","600,000",,,,,,,,,,,,,,,
BasicEPS,,"0.37","0.36","0.32","0.36","0.47","0.59","0.48","-0.01","0.36","0.39","0.44","0.42","0.4","0.41","0.42","0.4","0.4","0.46","0.32","0.31","0.34","0.31","0.32","0.3","0.28","0.3","0.27","0.25","0.26","0.24","0.25","0.265","0.235","0.24","0.195","0.18","0.16","0.14","0.145","0.14","0.16",,"0.15","0","0.15",,"0.125","0.12","0.115",,"0.085","0.045","-0.005",,"0.055","0.095","0.105",,"0.105","0.11","0.105",,"0.085","0.09","0.085",,"0.09","0.085","0.085",,"0.083","0.095","0.098",,"0.085","0.085","0.085",,"0.07","0.07","0.063",,"0.05","0.055","0.058",,"0.053","0.063","0.063",,"0.05","0.058","0.058",,"0.035","0.038","0.045",,"0.03","0.028","0.028",,"0.023","0.025","0.013",,"0.018","0.015","0.018",,"0.015","0.015","0.015",,"0.01","0.008","0.008",,"0.005","0.005","0.005",,"0.005","0.003",,,"0.003","0.003","0.003",,"0.003","0.005","0.003",,"0.003","0.003","0.003",,"0.003","0.003","0.003",,"0.003","0.003","0.003",,"0.003"
DilutedEPS,,"0.37","0.35","0.32","0.36","0.46","0.58","0.48","-0.01","0.36","0.39","0.44","0.42","0.4","0.41","0.42","0.4","0.4","0.46","0.31","0.31","0.33","0.31","0.32","0.3","0.28","0.3","0.27","0.25","0.26","0.24","0.245","0.26","0.235","0.24","0.19","0.18","0.16","0.14","0.145","0.14","0.16",,"0.15","0","0.145",,"0.12","0.12","0.115",,"0.085","0.045","-0.005",,"0.055","0.095","0.105",,"0.105","0.11","0.105",,"0.085","0.09","0.085",,"0.09","0.085","0.085",,"0.08","0.093","0.095",,"0.083","0.085","0.085",,"0.07","0.07","0.063",,"0.05","0.053","0.058",,"0.053","0.06","0.063",,"0.048","0.055","0.055",,"0.033","0.038","0.043",,"0.03","0.028","0.028",,"0.023","0.025","0.013",,"0.018","0.015","0.018",,"0.015","0.015","0.015",,"0.01","0.008","0.008",,"0.005","0.005","0.005",,"0.005","0.003",,,"0.003","0.003","0.003",,"0.003","0.005","0.003",,"0.003","0.003","0.003",,"0.003","0.003","0.003",,"0.003","0.003","0.003",,"0.003"
BasicAverageShares,,"236,563,854","233,831,653","239,564,212","240,295,606","241,384,830","242,947,883","243,942,921","241,684,323","246,309,869","248,955,547","251,075,859","255,219,868","257,822,836","260,860,937","265,607,128","271,747,049","274,759,516","282,612,512","284,661,920","286,722,482","287,408,900","287,104,053","287,736,638","288,803,045","289,210,621","291,456,906","292,589,866","293,958,258","295,031,431","292,742,146","290,969,434","290,430,260","289,836,812","288,689,658","287,395,520","286,480,466","285,069,310","284,303,582","286,055,386","287,444,658","287,005,544",,"285,363,560","284,558,420","283,721,770",,"279,014,720","278,249,542","276,508,562",,"274,433,496","274,327,596","274,189,814",,"280,466,696","284,478,756","289,982,238",,"284,061,743","281,419,155","280,930,562",,"286,328,482","302,622,778","310,247,729",,"310,397,989","306,365,294","305,093,765",,"305,755,552","305,103,074","305,799,744",,"302,130,882","303,969,456","303,777,140",,"302,753,396","302,740,060","301,255,424",,"299,864,284","298,711,268","297,501,628",,"296,237,376","295,591,664","294,087,216",,"288,000,000","286,956,522","290,434,783",,"282,857,143","288,000,000","277,777,778",,"290,000,000","290,909,091","269,090,909",,"280,000,000","288,000,000","264,000,000",,"262,857,143","266,666,667","262,857,143",,"266,666,667","266,666,667","273,333,333",,"220,000,000","266,666,667","266,666,667",,"240,000,000","260,000,000","251,712,000",,"249,008,000","247,472,000","245,792,000",,"240,000,000","244,912,000","244,800,000",,"160,000,000","200,528,000","189,696,000",,"189,504,000","186,976,000","186,976,000",,"186,656,000","185,504,000","178,400,000",,"178,400,000","178,400,000","178,208,000",,"178,208,000"
DilutedAverageShares,,"236,563,854","240,512,557","239,564,212","240,295,606","246,632,326","247,136,640","243,942,921","242,545,795","247,616,443","250,452,266","252,578,982","256,579,621","259,105,232","262,199,420","267,595,142","274,122,498","277,509,428","284,868,220","287,020,950","289,842,902","291,479,838","289,859,522","290,453,825","291,463,883","291,316,353","294,339,680","295,377,478","297,462,102","298,594,143","296,163,669","292,875,952","292,998,986","293,437,014","291,513,618","289,037,800","288,021,050","286,150,930","285,176,046","287,168,750","289,482,714","289,976,002",,"288,630,040","288,393,988","287,971,688",,"281,118,386","281,092,560","279,029,254",,"275,421,716","275,093,780","274,189,814",,"280,887,304","285,151,252","289,982,238",,"284,061,743","281,419,155","280,930,562",,"286,328,482","302,622,778","310,247,729",,"310,397,989","306,365,294","305,093,765",,"315,310,412","313,349,103","313,847,105",,"311,286,364","307,513,952","307,316,108",,"306,340,964","306,476,224","305,391,284",,"304,561,232","303,462,100","302,222,032",,"301,771,928","302,755,176","302,469,232",,"303,157,895","300,000,000","303,636,364",,"304,615,385","288,000,000","294,117,647",,"290,000,000","290,909,091","269,090,909",,"280,000,000","288,000,000","264,000,000",,"262,857,143","266,666,667","262,857,143",,"266,666,667","266,666,667","273,333,333",,"220,000,000","266,666,667","266,666,667",,"240,000,000","260,000,000","251,712,000",,"249,008,000","247,472,000","245,792,000",,"240,000,000","244,912,000","244,800,000",,"160,000,000","200,528,000","189,696,000",,"189,504,000","186,976,000","186,976,000",,"186,656,000","185,504,000","178,400,000",,"178,400,000","178,400,000","178,208,000",,"178,208,000"
TotalOperatingIncomeAsReported,"379,354,182","103,305,905","87,958,715","88,164,940","99,924,621","133,733,701","162,414,292","138,852,889","-6,738,256","105,027,167","110,900,625","128,135,680","127,904,966","121,596,331","125,499,299","127,427,911","126,683,004","128,515,333","133,994,066","129,072,652","125,864,514","134,427,120","127,935,943","134,212,281","128,745,721","120,848,990","126,662,483","116,262,620","108,132,830","107,708,506","98,615,363","103,205,827","99,835,438","97,177,546","95,635,657","73,656,246","71,596,271","63,853,639","53,818,682","57,623,355","57,512,232","65,500,963","55,783,379","62,246,780","53,246,892","60,090,874","50,605,116","46,972,297","48,786,759","44,607,897","43,238,266","33,103,413","16,078,305","2,199,085","9,765,019","23,271,011","35,789,718","39,987,168","33,724,368","34,637,119","36,517,747","33,936,529","33,138,810","29,604,804","33,420,890","30,282,472","34,009,713","35,293,382","33,755,841","33,235,601","35,947,961","33,393,093","40,029,296","40,695,863","39,865,801","34,447,510","35,880,382","36,381,583","32,859,436","29,578,546","28,197,602","24,564,577","21,246,046","18,654,158","20,258,286","21,900,751","22,569,870","19,984,601","23,362,677","24,493,843","22,300,000","18,700,000","22,200,000","22,300,000","23,000,000","13,300,000","14,000,000","17,100,000","15,300,000","11,700,000","10,600,000","9,900,000","9,400,000","8,500,000","9,900,000","8,200,000","7,600,000","5,900,000","5,300,000","6,100,000","6,000,000","5,500,000","5,500,000","5,900,000","5,100,000","3,200,000","2,700,000","2,800,000","2,700,000","1,500,000","1,800,000","1,000,000","1,100,000","1,000,000","-100,000","-200,000","-200,000","300,000","-100,000","400,000","900,000","400,000","800,000",,,,,,,,,,,,,,,
TotalExpenses,"1,336,341,684","364,944,871","331,882,605","311,433,804","328,080,405","349,991,138","367,449,247","335,785,695","236,663,812","348,734,559","332,935,013","349,625,737","340,806,388","346,992,666","327,909,420","332,825,522","328,298,436","336,904,772","325,576,403","309,555,134","317,274,559","319,108,130","291,976,973","295,430,995","295,055,057","284,718,796","278,930,152","273,566,519","271,125,647","261,228,949","251,795,576","247,708,085","238,601,526","238,561,798","231,134,021","214,965,380","215,377,627","205,645,330","201,530,440","210,624,734","222,743,316","225,205,799","204,563,265","207,221,187","189,754,649","190,855,023","171,495,456","159,860,656","152,774,201","141,161,032","134,369,626","122,638,434","101,263,472","91,632,392","112,516,402","129,785,559","134,701,834","137,983,111","136,998,271","127,887,684","126,962,065","123,269,453","116,450,792","111,660,843","108,970,341","108,738,121","104,333,199","102,821,515","98,628,604","94,406,119","90,287,842","87,063,614","89,616,981","88,631,685","84,048,714","78,431,444","81,036,950","78,926,981","74,487,913","71,937,729","69,148,742","64,483,891","58,471,393","55,462,025","56,816,282","57,496,055","52,284,235","51,949,635","53,393,246","49,382,695","43,200,000","45,400,000","44,700,000","43,300,000","41,400,000","36,300,000","37,400,000","39,900,000","37,300,000","35,300,000","34,300,000","32,000,000","27,900,000","28,300,000","28,800,000","27,700,000","25,100,000","20,900,000","20,700,000","19,900,000","18,800,000","17,600,000","15,200,000","15,300,000","14,100,000","12,300,000","11,000,000","12,500,000","12,400,000","9,900,000","8,500,000","7,400,000","7,100,000","7,600,000","5,100,000","5,300,000","5,500,000","4,900,000","5,000,000","5,400,000","5,400,000","5,300,000","4,900,000",,,,,,,,,,,,,,,
NetIncomeFromContinuingAndDiscontinuedOperation,"334,874,988","87,528,626","84,179,396","76,660,548","86,506,418","113,450,870","143,339,251","117,092,602","-2,374,033","89,505,801","99,547,051","111,897,852","108,958,625","104,280,411","106,274,555","111,335,817","109,023,982","111,248,743","130,468,899","90,230,335","88,535,947","97,556,741","88,761,394","92,064,646","86,485,242","80,279,994","88,395,556","78,332,425","74,558,437","77,183,441","70,974,879","72,336,883","76,726,746","68,566,071","69,881,024","55,520,961","52,097,397","45,430,567","39,598,634","41,877,083","40,766,539","46,344,584","40,466,113","43,397,064","38,472,169","42,332,882","36,923,265","34,291,244","34,057,330","32,462,130","30,047,855","23,936,854","12,209,307","-1,556,931","-10,365,105","15,146,556","26,858,361","30,448,135","31,849,722","29,826,483","30,956,107","29,497,709","30,815,974","24,337,921","27,236,050","26,371,057","29,617,672","27,935,819","26,041,050","25,932,970","28,631,418","25,224,833","28,984,792","29,815,475","29,081,193","25,681,125","26,090,339","25,908,538","24,080,037","21,427,261","21,310,767","18,953,226","16,839,456","14,928,260","16,195,824","17,252,960","17,779,883","15,853,963","18,360,186","18,550,034","17,200,000","14,400,000","16,500,000","16,700,000","17,100,000","9,900,000","10,800,000","12,500,000","11,100,000","8,700,000","8,000,000","7,400,000","7,100,000","6,300,000","7,200,000","3,300,000","5,700,000","4,600,000","4,000,000","4,600,000","4,400,000","4,000,000","4,000,000","4,100,000","3,600,000","2,200,000","2,000,000","2,000,000","1,900,000","1,200,000","1,300,000","800,000","1,000,000","800,000","100,000",,"200,000","300,000","200,000","400,000","600,000","400,000","600,000",,,,,,,,,,,,,,,
NormalizedIncome,"331,952,345.665","86,860,922.348","83,419,405.496","75,930,080.597","85,738,749.85","112,592,229.01","142,254,668.021","115,597,716.517","-3,270,440.641","87,465,295.734","97,379,901.065","109,047,368.5","107,169,261.468","101,556,022.265","103,674,190.032","108,622,694.401","106,620,689.615","109,529,004.38","126,602,375.629","88,754,157.97","87,334,539.504","96,492,103.979","87,175,072.699","91,436,805.14","85,960,400.844","79,749,876.489","86,245,862.52","77,997,984.1","74,049,451.9","76,747,679.2","67,640,326.846","72,053,965.264","76,437,794.37","68,346,914.508","66,438,907.427","55,196,213.46","51,674,751.137","45,088,277.198","46,512,603.122","39,119,016.208","38,638,524.403","44,130,440.748","38,435,922.135","41,881,945.117","35,473,453.895","40,088,399.262","33,823,775.725","32,104,772.582","33,005,792.605","30,367,195.112","28,965,543.925","22,269,195.733","10,725,764.103","1,434,857.952","-314,080.127","17,491,835.781","26,193,644.075","29,500,369.541","32,171,286.633","27,053,924.457","28,409,478.206","26,129,585.691","28,802,497.049","23,446,181.479","26,205,600.064","24,467,230.511","29,264,369.819","27,227,959.345","25,889,222.85","24,878,584.567","27,456,949.758","24,424,507.24","28,431,543.622","28,923,347.125","28,559,019.043","24,854,162.416","26,081,433.722","26,356,916.422","24,260,340.106","21,988,941.825","20,999,811.363","18,444,088.649","16,559,311.598","14,677,347.222","15,869,584.592","17,249,832.727","18,083,943.164","15,817,843.039","17,772,831.876","18,361,547.533","15,168,503.937","12,515,887.85","14,823,170.732","15,009,716.599","15,484,251.969","8,957,142.857","9,450,000","11,424,731.183","10,158,181.818","7,958,139.535","7,193,277.311","6,727,272.727","6,356,190.476","5,690,322.581","6,656,603.774","5,455,102.041","5,089,285.714","4,126,470.588","3,525,423.729","4,133,333.333","4,066,666.667","3,666,666.667","3,733,333.333","3,898,360.656","3,466,666.667","2,066,666.667","1,866,666.667","1,866,666.667","1,696,428.571","1,066,666.667","1,163,157.895","666,666.667","428,571.429","666,666.667","-20,000",,"-220,000","150,000","80,000","320,000","333,333.333","333,333.333","600,000",,,,,,,,,,,,,,,
EBIT,"379,354,182","103,305,905","87,958,715","88,164,940","99,924,621","133,733,701","162,414,292","138,852,889","-6,738,256","105,027,167","110,900,625","128,135,680","127,904,966","121,596,331","125,499,299","127,427,911","126,683,004","128,515,333","133,994,066","129,072,652","125,864,514","134,427,120","127,935,943","134,212,281","128,745,721","120,848,990","126,662,483","116,262,620","108,132,830","107,708,506","98,615,363","103,205,827","99,835,438","97,177,546","95,635,657","73,656,246","71,596,271","63,853,639","58,818,682","57,623,355","57,512,232","65,500,963","55,783,379","62,246,780","53,246,892","60,090,874","50,605,116","46,972,297","48,786,759","44,607,897","43,238,266","33,103,413","16,078,305","2,199,085","9,765,019","23,271,011","35,789,718","39,987,168","33,724,368","34,637,119","36,517,747","33,936,529","33,138,810","29,604,804","33,420,890","30,282,472","34,009,713","35,293,382","33,755,841","33,235,601","35,947,961","33,393,093","40,029,296","40,695,863","39,865,801","34,447,510","35,880,382","36,381,583","32,859,436","29,578,546","28,197,602","24,564,577","21,246,046","18,654,158","20,258,286","21,900,751","22,569,870","19,984,601","23,362,677","24,493,843","22,300,000","18,700,000","22,200,000","22,300,000","23,000,000","13,300,000","14,000,000","17,100,000","15,300,000","11,700,000","10,600,000","9,900,000","9,400,000","8,500,000","9,900,000","8,200,000","7,600,000","5,900,000","5,300,000","6,100,000","6,000,000","5,500,000","5,500,000","5,900,000","5,100,000","3,200,000","2,700,000","2,800,000","2,700,000","1,500,000","1,800,000","1,000,000","1,100,000","1,000,000","-100,000","-200,000","-200,000","300,000","-100,000","400,000","900,000","400,000","800,000","6,100,000","-9,300,000","3,300,000","3,300,000","3,600,000","-8,200,000","3,000,000","3,600,000","3,700,000","-7,700,000","3,200,000","3,100,000","2,500,000","-5,200,000","1,800,000"
EBITDA,"477,578,570"
ReconciledCostOfRevenue,"1,118,876,227","307,838,816","275,930,403","258,698,723","276,408,285","300,424,671","313,189,020","286,401,872","185,980,748","297,174,245","282,031,064","297,440,131","292,173,750","298,944,494","281,365,186","287,263,147","282,176,968","292,791,704","279,280,443","267,398,126","275,931,278","277,734,465","250,745,919","255,821,376","257,028,219","246,876,998","242,349,123","237,932,439","233,715,046","225,845,046","215,737,971","212,288,220","204,144,736","204,440,537","198,075,383","182,659,141","184,361,279","176,035,466","171,230,430","178,132,021","187,498,242","189,880,269","169,992,934","174,182,650","157,376,970","160,629,160","142,632,209","133,073,198","127,667,134","117,200,560","112,513,832","101,386,005","81,547,272","71,521,107","87,578,410","106,359,938","111,411,298","115,323,288","112,303,124","105,522,931","105,782,966","102,627,220","97,493,721","93,387,125","91,494,753","90,787,885","88,517,406","86,918,447","82,818,876","79,588,903","75,531,914","72,754,752","75,190,805","74,443,276","70,896,590","65,793,563","68,635,744","67,192,569","62,651,572","60,820,878","58,280,926","53,857,806","48,233,826","45,685,789","46,710,921","47,671,157","39,930,742","40,110,685","41,819,720","38,464,323","33,600,000","35,600,000","35,200,000","34,100,000","34,000,000","28,300,000","29,400,000","32,100,000","30,200,000","28,800,000","27,500,000","25,500,000","22,300,000","22,400,000","23,100,000","21,300,000","19,100,000","15,600,000","15,100,000","14,500,000","13,000,000","13,100,000","10,900,000","11,100,000","10,000,000","8,500,000","7,500,000","7,900,000","7,900,000","6,800,000","5,700,000","4,900,000","4,600,000","5,100,000","3,200,000","3,300,000","3,400,000","3,200,000","3,200,000","3,500,000","3,800,000","3,900,000","3,600,000",,,,,,,,,,,,,,,
ReconciledDepreciation,"98,224,388","24,711,500","24,006,138","23,608,216","25,898,534","25,599,131","26,250,874","25,051,328","27,142,552","26,295,146","25,371,461","26,035,125","25,197,584","28,098,804","21,438,542","24,839,593","27,862,245","28,046,434","24,712,357","24,430,231","25,246,466","25,181,854","19,733,669","23,063,974","22,950,757","22,839,030","16,890,072","21,237,868","21,192,122","21,279,105","17,628,675","20,155,085","19,767,143","19,825,402","20,519,178","14,768,345","13,760,683","13,805,949","12,559,311","12,481,581","12,464,219","12,674,712","9,324,436","12,026,969","10,730,909","10,552,370","9,029,601","10,037,977","9,877,505","9,675,591","9,468,972","9,681,536","9,588,124","9,625,860","8,698,084","9,760,489","8,688,924","8,743,570","8,221,776","8,475,393","7,851,288","7,886,801","5,871,515","7,671,572","7,102,975","7,116,648","6,025,765","6,747,034","6,339,975","6,340,252","5,188,686","6,335,533","6,022,101","5,768,234","4,722,628","5,680,953","5,463,320","5,677,514","4,530,235","5,363,033","4,975,618","4,845,581","3,710,976","4,368,476","4,070,497","3,983,635","3,147,217","3,273,895","2,815,965","2,905,298","2,700,000","2,800,000","2,400,000","2,500,000","1,600,000","2,100,000","2,200,000","2,200,000","2,200,000","1,500,000","1,600,000","1,700,000","1,000,000","1,300,000","1,100,000","1,100,000","900,000","900,000","800,000","900,000","1,100,000","600,000","800,000","800,000","900,000","800,000","900,000","2,000,000","2,100,000","600,000","500,000","400,000","600,000","600,000","300,000","400,000","400,000","300,000","300,000","300,000","300,000","100,000","300,000",,,,,,,,,,,,,,,
NetIncomeFromContinuingOperationNetMinorityInterest,"334,874,988","87,528,626","84,179,396","76,660,548","86,506,418","113,450,870","143,339,251","117,092,602","-2,374,033","89,505,801","99,547,051","111,897,852","108,958,625","104,280,411","106,274,555","111,335,817","109,023,982","111,248,743","130,468,899","90,230,335","88,535,947","97,556,741","88,761,394","92,064,646","86,485,242","80,279,994","88,395,556","78,332,425","74,558,437","77,183,441","70,974,879","72,336,883","76,726,746","68,566,071","69,881,024","55,520,961","52,097,397","45,430,567","39,598,634","41,877,083","40,766,539","46,344,584","40,466,113","43,397,064","38,472,169","42,332,882","36,923,265","34,291,244","34,057,330","32,462,130","30,047,855","23,936,854","12,209,307","-1,556,931","-10,365,105","15,146,556","26,858,361","30,448,135","31,849,722","29,826,483","30,956,107","29,497,709","30,815,974","24,337,921","27,236,050","26,371,057","29,617,672","27,935,819","26,041,050","25,932,970","28,631,418","25,224,833","28,984,792","29,815,475","29,081,193","25,681,125","26,090,339","25,908,538","24,080,037","21,427,261","21,310,767","18,953,226","16,839,456","14,928,260","16,195,824","17,252,960","17,779,883","15,853,963","18,360,186","18,550,034","17,200,000","14,400,000","16,500,000","16,700,000","17,100,000","9,900,000","10,800,000","12,500,000","11,100,000","8,700,000","8,000,000","7,400,000","7,100,000","6,300,000","7,200,000","3,300,000","5,700,000","4,600,000","4,000,000","4,600,000","4,400,000","4,000,000","4,000,000","4,100,000","3,600,000","2,200,000","2,000,000","2,000,000","1,900,000","1,200,000","1,300,000","800,000","1,000,000","800,000","100,000",,"200,000","300,000","200,000","400,000","600,000","400,000","600,000",,,,,,,,,,,,,,,
TotalUnusualItemsExcludingGoodwill,"3,354,704","788,316","806,898","856,351","903,139","1,023,410","1,252,364","1,825,257","1,462,033","2,446,649","2,474,058","3,353,510","2,140,387","3,262,741","3,199,964","3,180,683","2,844,133","2,037,605","4,094,335","2,139,387","1,736,138","1,472,527","2,306,429","916,556","774,102","790,041","3,129,266","495,468","754,052","612,025","4,887,073","406,491","398,005","325,158","5,129,503","474,084","625,717","495,413","-10,209,369","4,062,706","3,167,483","3,286,360","2,946,486","2,251,836","4,501,176","3,364,388","4,637,271","3,199,013","1,554,306","3,077,355","1,615,618","2,478,993","2,223,884","-4,585,261","-15,508,039","-3,515,596","990,455","1,415,125","-479,071","4,076,418","3,699,084","4,963,578","2,933,415","1,308,341","1,517,113","2,762,920","515,760","1,033,387","221,645","1,539,274","1,714,541","1,168,367","819,615","1,321,653","773,608","1,225,098","13,193","-664,256","-267,130","-832,098","460,708","754,301","415,014","371,728","483,338","4,633","-450,482","53,517","871,495","278,909","3,000,000","2,800,000","2,500,000","2,500,000","2,400,000","1,400,000","2,000,000","1,600,000","1,400,000","1,100,000","1,200,000","1,000,000","1,100,000","900,000","800,000","-3,200,000","900,000","700,000","700,000","700,000","500,000","500,000","400,000","300,000","200,000","200,000","200,000","200,000","300,000","200,000","200,000","200,000","800,000","200,000","200,000",,"700,000","200,000","200,000","100,000","400,000","100,000",,,,,,,,,,,,,,,,
TotalUnusualItems,"3,354,704","788,316","806,898","856,351","903,139","1,023,410","1,252,364","1,825,257","1,462,033","2,446,649","2,474,058","3,353,510","2,140,387","3,262,741","3,199,964","3,180,683","2,844,133","2,037,605","4,094,335","2,139,387","1,736,138","1,472,527","2,306,429","916,556","774,102","790,041","3,129,266","495,468","754,052","612,025","4,887,073","406,491","398,005","325,158","5,129,503","474,084","625,717","495,413","-10,209,369","4,062,706","3,167,483","3,286,360","2,946,486","2,251,836","4,501,176","3,364,388","4,637,271","3,199,013","1,554,306","3,077,355","1,615,618","2,478,993","2,223,884","-4,585,261","-15,508,039","-3,515,596","990,455","1,415,125","-479,071","4,076,418","3,699,084","4,963,578","2,933,415","1,308,341","1,517,113","2,762,920","515,760","1,033,387","221,645","1,539,274","1,714,541","1,168,367","819,615","1,321,653","773,608","1,225,098","13,193","-664,256","-267,130","-832,098","460,708","754,301","415,014","371,728","483,338","4,633","-450,482","53,517","871,495","278,909","3,000,000","2,800,000","2,500,000","2,500,000","2,400,000","1,400,000","2,000,000","1,600,000","1,400,000","1,100,000","1,200,000","1,000,000","1,100,000","900,000","800,000","-3,200,000","900,000","700,000","700,000","700,000","500,000","500,000","400,000","300,000","200,000","200,000","200,000","200,000","300,000","200,000","200,000","200,000","800,000","200,000","200,000",,"700,000","200,000","200,000","100,000","400,000","100,000",,,,,,,,,,,,,,,,
NormalizedEBITDA,"474,223,866","127,229,089","111,157,955","110,916,805","124,920,016","158,309,422","187,412,802","162,078,960","18,942,263","128,875,664","133,798,028","150,817,295","150,962,163","146,432,394","143,737,877","149,086,821","151,701,116","154,524,162","154,612,088","151,363,496","149,374,842","158,136,447","145,363,183","156,359,699","150,922,376","142,897,979","140,423,289","137,005,020","128,570,900","128,375,586","111,356,965","122,954,421","119,204,576","116,677,790","111,025,332","87,950,507","84,731,237","77,164,175","81,587,362","66,042,230","66,808,968","74,889,315","62,161,329","72,021,913","59,476,625","67,278,856","54,997,446","53,811,261","57,109,958","51,206,133","51,091,620","40,305,956","23,442,545","16,410,206","33,971,142","36,547,096","43,488,187","47,315,613","42,425,215","39,036,094","40,669,951","36,859,752","36,076,910","35,968,035","39,006,752","34,636,200","39,519,718","41,007,029","39,874,171","38,036,579","39,422,106","38,560,259","45,231,782","45,142,444","43,814,821","38,903,365","41,330,509","42,723,353","37,656,801","35,773,677","32,712,512","28,655,857","24,542,008","22,650,906","23,845,445","25,879,753","26,167,569","23,204,979","25,307,147","27,120,232","22,000,000","18,700,000","22,100,000","22,300,000","22,200,000","14,000,000","14,800,000","17,700,000","16,100,000","12,100,000","11,000,000","10,600,000","9,300,000","8,900,000","10,200,000","12,500,000","7,600,000","6,100,000","5,400,000","6,300,000","6,600,000","5,700,000","5,900,000","6,400,000","5,800,000","4,200,000","3,400,000","4,600,000","4,500,000","1,900,000","2,100,000","1,200,000","900,000","1,400,000","100,000","200,000","-500,000","400,000","0","600,000","800,000","600,000","1,100,000","6,100,000","-9,300,000","3,300,000","3,300,000","3,600,000","-8,200,000","3,000,000","3,600,000","3,700,000","-7,700,000","3,200,000","3,100,000","2,500,000","-5,200,000","1,800,000"
TaxRateForCalcs,"0.129","0.153","0.058","0.147","0.15","0.161","0.134","0.181","0.387","0.166","0.124","0.15","0.164","0.165","0.187","0.147","0.155","0.156","0.056","0.31","0.308","0.277","0.312","0.315","0.322","0.329","0.313","0.325","0.325","0.288","0.318","0.304","0.274","0.326","0.329","0.315","0.325","0.309","0.323","0.321","0.328","0.326","0.311","0.327","0.334","0.333","0.332","0.317","0.323","0.319","0.33","0.327","0.333","0.348","0.352","0.333","0.329","0.33","0.329","0.32","0.312","0.321","0.314","0.318","0.321","0.311","0.315","0.315","0.315","0.315","0.315","0.315","0.325","0.325","0.325","0.325","0.325","0.325","0.325","0.325","0.325","0.325","0.325","0.325","0.325","0.325","0.325","0.325","0.326","0.324","0.323","0.327","0.329","0.324","0.327","0.327","0.325","0.328","0.327","0.326","0.328","0.327","0.324","0.323","0.321","0.327","0.321","0.324","0.322","0.333","0.333","0.333","0.333","0.328","0.333","0.333","0.333","0.333","0.321","0.333","0.316","0.333","0.286","0.333","0.4",,"0.4","0.25","0.4","0.2","0.333","0.333","0.333",,,,,,,,,,,,,,,
TaxEffectOfUnusualItems,"432,061.665","120,612.348","46,907.496","125,883.597","135,470.85","164,769.01","167,781.021","330,371.517","565,625.359","406,143.734","306,908.065","503,026.5","351,023.468","538,352.265","599,599.032","467,560.401","440,840.615","317,866.38","227,811.629","663,209.97","534,730.504","407,889.979","720,107.699","288,715.14","249,260.844","259,923.489","979,572.52","161,027.1","245,066.9","176,263.2","1,552,520.846","123,573.264","109,053.37","106,001.508","1,687,386.427","149,336.46","203,071.137","153,123.198","-3,295,399.878","1,304,639.208","1,039,468.403","1,072,216.748","916,295.135","736,717.117","1,502,460.895","1,119,905.262","1,537,781.725","1,012,541.582","502,768.605","982,420.112","533,306.925","811,334.733","740,341.103","-1,593,472.048","-5,457,014.127","-1,170,316.219","325,738.075","467,359.541","-157,506.367","1,303,859.457","1,152,455.206","1,595,454.691","919,938.049","416,601.479","486,663.064","859,093.511","162,457.819","325,527.345","69,817.85","484,888.567","540,072.758","368,041.24","266,366.622","429,525.125","251,434.043","398,135.416","4,287.722","-215,877.578","-86,826.894","-270,417.175","149,752.363","245,163.649","134,869.598","120,815.222","157,098.592","1,505.727","-146,421.836","17,397.039","284,140.876","90,422.533","968,503.937","915,887.85","823,170.732","809,716.599","784,251.969","457,142.857","650,000","524,731.183","458,181.818","358,139.535","393,277.311","327,272.727","356,190.476","290,322.581","256,603.774","-1,044,897.959","289,285.714","226,470.588","225,423.729","233,333.333","166,666.667","166,666.667","133,333.333","98,360.656","66,666.667","66,666.667","66,666.667","66,666.667","96,428.571","66,666.667","63,157.895","66,666.667","228,571.429","66,666.667","80,000",,"280,000","50,000","80,000","20,000","133,333.333","33,333.333","0",,,,,,,,,,,,,,,