name,ttm,04/30/2022,01/31/2022,10/31/2021,07/31/2021,04/30/2021,01/31/2021,10/31/2020,07/31/2020,04/30/2020,01/31/2020,10/31/2019,07/31/2019,04/30/2019,01/31/2019,10/31/2018,07/31/2018,04/30/2018,01/31/2018,10/31/2017,07/31/2017,04/30/2017,01/31/2017,10/31/2016,07/31/2016,04/30/2016,01/31/2016,10/31/2015,07/31/2015,04/30/2015,01/31/2015,10/31/2014,07/31/2014,04/30/2014,01/31/2014,10/31/2013,07/31/2013,04/30/2013,01/31/2013,10/31/2012,07/31/2012,04/30/2012,01/31/2012,10/31/2011,07/31/2011,04/30/2011,01/31/2011,10/31/2010,07/31/2010,04/30/2010,01/31/2010,10/31/2009,07/31/2009,04/30/2009,01/31/2009,10/31/2008,07/31/2008,04/30/2008,01/31/2008,10/31/2007,07/31/2007,04/30/2007,01/31/2007,10/31/2006,07/31/2006,04/30/2006,01/31/2006,10/31/2005,07/31/2005,04/30/2005,01/31/2005,10/31/2004,07/31/2004,04/30/2004,01/31/2004,10/31/2003,07/31/2003,04/30/2003,01/31/2003,10/31/2002,07/31/2002,04/30/2002,01/31/2002,10/31/2001,07/31/2001,04/30/2001,01/31/2001,10/31/2000,07/31/2000,04/30/2000,01/31/2000,10/31/1999,07/31/1999,04/30/1999,01/31/1999,10/31/1998,07/31/1998,04/30/1998,01/31/1998,10/31/1997,07/31/1997,04/30/1997,01/31/1997,10/31/1996,07/31/1996,04/30/1996,01/31/1996,10/31/1995,07/31/1995,04/30/1995,01/31/1995,10/31/1994,07/31/1994,04/30/1994,01/31/1994,10/31/1993,07/31/1993,04/30/1993,01/31/1993,10/31/1992,07/31/1992,04/30/1992,01/31/1992,10/31/1991,07/31/1991,04/30/1991,01/31/1991,10/31/1990,07/31/1990,04/30/1990,01/31/1990,10/31/1989,07/31/1989,04/30/1989,01/31/1989,10/31/1988,07/31/1988,04/30/1988,01/31/1988,10/31/1987,07/31/1987,04/30/1987,01/31/1987,10/31/1986,07/31/1986,04/30/1986,01/31/1986,10/31/1985
TotalRevenue,"16,156,000,000","3,477,000,000","4,525,000,000","3,943,000,000","4,211,000,000","3,991,000,000","4,424,000,000","3,994,000,000","3,275,000,000","2,107,000,000","4,674,000,000","3,998,000,000","4,005,000,000","3,706,000,000","4,623,000,000","4,089,000,000","4,085,000,000","3,783,000,000","4,778,000,000","3,838,000,000","3,799,000,000","3,440,000,000","4,429,000,000","3,798,000,000","3,851,000,000","3,438,000,000","4,385,000,000","3,857,000,000","3,898,000,000","3,657,000,000","4,708,000,000","3,972,000,000","3,981,000,000","3,774,000,000","4,575,000,000","3,976,000,000","3,868,000,000","3,729,000,000","4,725,000,000","3,864,000,000","3,575,000,000","3,487,000,000","4,283,000,000","3,585,000,000","3,386,000,000","3,295,000,000","4,364,000,000","3,654,000,000","3,317,000,000","3,329,000,000","4,236,000,000","3,589,000,000","3,245,000,000","3,127,000,000","4,082,000,000","3,561,000,000","3,499,000,000","3,384,000,000","4,675,000,000","3,854,000,000","3,685,000,000","3,558,000,000","4,930,000,000","3,856,000,000","3,716,000,000","3,441,000,000","4,821,000,000","3,860,000,000","3,716,000,000","3,626,000,000","4,898,000,000","3,980,000,000","3,721,000,000","3,668,000,000","4,886,474,000","3,929,456,000","3,685,299,000","3,352,771,000","4,650,604,000","3,644,956,000","3,268,309,000","2,890,840,000","4,089,625,000","3,333,373,000","3,245,219,000","3,179,656,000","4,579,088,000","3,414,668,000","2,947,714,000","2,731,990,000","3,858,900,000","3,045,400,000","2,453,300,000","2,277,700,000","3,029,900,000","2,399,900,000","1,905,000,000","1,719,700,000","2,165,500,000","1,765,900,000","1,345,200,000","1,231,200,000","1,667,900,000","1,383,000,000","1,120,300,000","1,113,200,000","1,522,200,000","1,155,900,000","868,500,000","848,700,000","1,209,800,000","988,300,000","773,100,000","751,700,000","1,060,300,000","898,700,000","693,200,000","643,600,000","930,200,000","827,200,000","614,100,000","588,900,000","803,500,000","702,100,000","523,100,000","490,300,000","624,700,000","501,700,000","405,000,000","402,400,000","545,100,000","405,600,000","325,900,000","309,900,000","423,700,000","322,800,000","264,300,000","241,300,000","359,600,000","273,600,000","217,800,000","211,100,000","298,500,000","224,800,000","164,800,000","160,000,000","223,500,000","187,400,000"
	OperatingRevenue,"16,156,000,000","3,477,000,000","4,525,000,000","3,943,000,000","4,211,000,000","3,991,000,000","4,424,000,000","3,994,000,000","3,275,000,000","2,107,000,000","4,674,000,000","3,998,000,000","4,005,000,000","3,706,000,000","4,623,000,000","4,089,000,000","4,085,000,000","3,783,000,000","4,778,000,000","3,838,000,000","3,799,000,000","3,440,000,000","4,429,000,000","3,798,000,000","3,851,000,000","3,438,000,000","4,385,000,000","3,857,000,000","3,898,000,000","3,657,000,000","4,708,000,000","3,972,000,000","3,981,000,000","3,774,000,000","4,575,000,000","3,976,000,000","3,868,000,000","3,729,000,000","4,725,000,000","3,864,000,000","3,575,000,000","3,487,000,000","4,283,000,000","3,585,000,000","3,386,000,000","3,295,000,000","4,364,000,000","3,654,000,000","3,317,000,000","3,329,000,000","4,236,000,000","3,589,000,000","3,245,000,000","3,127,000,000","4,082,000,000","3,561,000,000","3,499,000,000","3,384,000,000","4,675,000,000","3,854,000,000","3,685,000,000","3,558,000,000","4,930,000,000","3,856,000,000","3,716,000,000","3,441,000,000","4,821,000,000","3,860,000,000","3,716,000,000","3,626,000,000","4,898,000,000","3,980,000,000","3,721,000,000","3,668,000,000","4,886,474,000","3,929,456,000","3,685,299,000","3,352,771,000","4,650,604,000","3,644,956,000","3,268,309,000","2,890,840,000","4,089,625,000","3,333,373,000","3,245,219,000","3,179,656,000","4,579,088,000","3,414,668,000","2,947,714,000","2,731,990,000","3,858,900,000","3,045,400,000","2,453,300,000","2,277,700,000","3,029,900,000","2,399,900,000","1,905,000,000","1,719,700,000","2,165,500,000","1,765,900,000","1,345,200,000","1,231,200,000","1,667,900,000","1,383,000,000","1,120,300,000","1,113,200,000","1,522,200,000","1,155,900,000","868,500,000","848,700,000","1,209,800,000","988,300,000","773,100,000","751,700,000","1,060,300,000","898,700,000","693,200,000","643,600,000","930,200,000","827,200,000","614,100,000","588,900,000","803,500,000","702,100,000","523,100,000","490,300,000","624,700,000","501,700,000","405,000,000","402,400,000","545,100,000","405,600,000","325,900,000","309,900,000","423,700,000","322,800,000","264,300,000","241,300,000","359,600,000","273,600,000","217,800,000","211,100,000","298,500,000","224,800,000","164,800,000","160,000,000","223,500,000","187,400,000"
CostOfRevenue,"10,053,000,000","2,381,000,000","3,002,000,000","2,282,000,000","2,388,000,000","2,361,000,000","2,756,000,000","2,374,000,000","2,126,000,000","1,839,000,000","3,000,000,000","2,439,000,000","2,449,000,000","2,362,000,000","2,978,000,000","2,466,000,000","2,458,000,000","2,356,000,000","3,019,000,000","2,313,000,000","2,320,000,000","2,137,000,000","2,928,000,000","2,305,000,000","2,414,000,000","2,229,000,000","2,945,000,000","2,417,000,000","2,440,000,000","2,275,000,000","3,050,000,000","2,376,000,000","2,412,000,000","2,308,000,000","2,982,000,000","2,387,000,000","2,301,000,000","2,185,000,000","2,949,000,000","2,271,000,000","2,148,000,000","2,112,000,000","2,878,000,000","2,271,000,000","2,135,000,000","1,991,000,000","2,695,000,000","2,149,000,000","2,003,000,000","1,928,000,000","2,563,000,000","2,065,000,000","1,957,000,000","1,888,000,000","2,693,000,000","2,183,000,000","2,161,000,000","2,042,000,000","3,049,000,000","2,407,000,000","2,421,000,000","2,204,000,000","3,327,000,000","2,415,000,000","2,493,000,000","2,059,000,000","3,180,000,000","2,497,000,000","2,331,000,000","2,145,000,000","3,093,000,000","2,413,000,000","2,290,000,000","2,089,000,000","3,048,866,000","2,402,027,000","2,359,588,000","2,075,519,000","3,022,675,000","2,329,347,000","2,177,774,000","2,011,762,000","3,063,036,000","2,382,734,000","2,204,137,000","2,054,482,000","2,835,983,000","2,004,561,000","1,698,644,000","1,469,889,000","2,122,800,000","1,634,500,000","1,342,600,000","1,239,200,000","1,686,000,000","1,292,100,000","1,057,500,000","956,200,000","1,229,500,000","982,300,000","813,300,000","732,500,000","969,700,000","787,100,000","666,800,000","646,700,000","895,900,000","646,300,000","559,200,000","522,700,000","726,700,000","566,800,000","466,000,000","423,100,000","607,800,000","521,800,000","458,500,000","392,000,000","595,700,000","505,700,000","384,200,000","356,100,000","467,500,000","404,700,000","324,800,000","289,700,000","372,300,000","290,000,000","260,100,000","257,400,000","350,200,000","239,000,000","215,900,000",,,,,,,,,,,,,,,
GrossProfit,"6,103,000,000","1,096,000,000","1,523,000,000","1,661,000,000","1,823,000,000","1,630,000,000","1,668,000,000","1,620,000,000","1,149,000,000","268,000,000","1,674,000,000","1,559,000,000","1,556,000,000","1,344,000,000","1,645,000,000","1,623,000,000","1,627,000,000","1,427,000,000","1,759,000,000","1,525,000,000","1,479,000,000","1,303,000,000","1,501,000,000","1,493,000,000","1,437,000,000","1,209,000,000","1,440,000,000","1,440,000,000","1,458,000,000","1,382,000,000","1,658,000,000","1,596,000,000","1,569,000,000","1,466,000,000","1,593,000,000","1,589,000,000","1,567,000,000","1,544,000,000","1,776,000,000","1,593,000,000","1,427,000,000","1,375,000,000","1,405,000,000","1,314,000,000","1,251,000,000","1,304,000,000","1,669,000,000","1,505,000,000","1,314,000,000","1,401,000,000","1,673,000,000","1,524,000,000","1,288,000,000","1,239,000,000","1,389,000,000","1,378,000,000","1,338,000,000","1,342,000,000","1,626,000,000","1,447,000,000","1,264,000,000","1,354,000,000","1,603,000,000","1,441,000,000","1,223,000,000","1,382,000,000","1,641,000,000","1,363,000,000","1,385,000,000","1,481,000,000","1,805,000,000","1,567,000,000","1,431,000,000","1,579,000,000","1,837,608,000","1,527,429,000","1,325,711,000","1,277,252,000","1,627,929,000","1,315,609,000","1,090,535,000","879,078,000","1,026,589,000","950,639,000","1,041,082,000","1,125,174,000","1,743,105,000","1,410,107,000","1,249,070,000","1,262,101,000","1,736,100,000","1,410,900,000","1,110,700,000","1,038,500,000","1,343,900,000","1,107,800,000","847,500,000","763,500,000","936,000,000","783,600,000","531,900,000","498,700,000","698,200,000","595,900,000","453,500,000","466,500,000","626,300,000","509,600,000","309,300,000","326,000,000","483,100,000","421,500,000","307,100,000","328,600,000","452,500,000","376,900,000","234,700,000","251,600,000","334,500,000","321,500,000","229,900,000","232,800,000","336,000,000","297,400,000","198,300,000","200,600,000","252,400,000","211,700,000","144,900,000","145,000,000","194,900,000","166,600,000","110,000,000",,,,,,,,,,,,,,,
OperatingExpense,"5,730,000,000","1,293,000,000","1,515,000,000","1,508,000,000","1,414,000,000","1,390,000,000","1,534,000,000","1,445,000,000","1,076,000,000","1,512,000,000","1,919,000,000","1,338,000,000","1,274,000,000","1,028,000,000","1,273,000,000","1,260,000,000","1,229,000,000","1,198,000,000","1,363,000,000","1,147,000,000","1,028,000,000","1,049,000,000","1,200,000,000","1,104,000,000","1,158,000,000","987,000,000","1,085,000,000","1,026,000,000","1,089,000,000","996,000,000","1,139,000,000","1,042,000,000","1,002,000,000","1,023,000,000","1,071,000,000","1,013,000,000","1,046,000,000","1,014,000,000","1,174,000,000","1,073,000,000","1,002,000,000","980,000,000","1,033,000,000","968,000,000","917,000,000","918,000,000","1,076,000,000","1,001,000,000","917,000,000","927,000,000","1,086,000,000","1,024,000,000","913,000,000","886,000,000","991,000,000","984,000,000","965,000,000","959,000,000","1,208,000,000","1,079,000,000","1,039,000,000","1,094,000,000","1,254,000,000","1,173,000,000","1,039,000,000","1,009,000,000","1,129,000,000","1,023,000,000","957,000,000","1,016,000,000","1,183,000,000","1,100,000,000","1,016,000,000","998,000,000","1,216,831,000","1,053,667,000","929,985,000","888,517,000","1,202,632,000","1,009,393,000","922,080,000","766,417,000","1,065,902,000","946,882,000","872,772,000","920,412,000","1,293,427,000","1,096,162,000","947,714,000","882,319,000","1,071,000,000","904,200,000","794,200,000","710,100,000","834,400,000","720,600,000","627,800,000","546,900,000","591,700,000","516,400,000","422,300,000","368,600,000","421,900,000","379,100,000","348,800,000","335,200,000","375,100,000","318,500,000","260,100,000","248,000,000","292,300,000","270,400,000","234,300,000","224,700,000","272,500,000","246,100,000","187,500,000","183,900,000","227,700,000","219,900,000","167,900,000","159,800,000","200,800,000","181,700,000","142,500,000","132,800,000","159,900,000","132,700,000","113,800,000","109,300,000","126,700,000","108,500,000","86,300,000",,,,,,,,,,,,,,,
	SellingGeneralAndAdministration,,,,,,,,,,,,,,,,,,,,,,,,,,,,,,,,,,,,,,,,,,,,,,,,,,,,,,,"0","0","0","0","0","0","0","1,094,000,000","0","1,173,000,000","1,039,000,000","1,009,000,000","0","1,023,000,000","957,000,000","1,016,000,000","0","1,100,000,000","1,016,000,000","998,000,000","0","1,053,667,000","929,985,000","888,517,000","0","1,009,393,000","922,080,000","766,417,000","0","946,882,000","872,772,000","920,412,000","0","943,262,000","809,294,000","750,303,000","937,300,000","797,600,000","693,300,000","615,100,000","744,400,000","636,700,000","550,100,000","472,100,000","516,600,000","454,000,000","352,500,000","311,900,000","363,700,000","328,400,000","295,400,000","282,600,000","324,800,000","266,900,000","210,000,000","202,600,000","247,700,000","227,700,000","192,400,000","185,700,000","233,900,000","209,100,000","153,300,000","151,900,000","195,600,000","190,200,000","139,900,000","135,600,000","174,400,000","162,100,000","123,700,000","115,500,000","140,000,000","117,300,000","100,000,000","96,900,000","110,300,000","98,700,000","77,500,000",,,,,,,,,,,,,,,
	DepreciationAmortizationDepletionIncomeStatement,,,,,,,,,,,,,,,,,,,,,,,,,,,,,,,,,,,,,,,,,,,,,,,,,,,,,,,,,,,,,,,,,,,,,,,,,,,,,,,,,,,,,,,"167,029,000","152,900,000","138,420,000","132,016,000","133,700,000","106,600,000","100,900,000","95,000,000","90,000,000","83,900,000","77,700,000","74,800,000","75,100,000","62,400,000","69,800,000","56,700,000","58,200,000","50,700,000","53,400,000","52,600,000","50,300,000","51,600,000","50,100,000","45,400,000","44,600,000","42,700,000","41,900,000","39,000,000","38,600,000","37,000,000","34,200,000","32,000,000","32,100,000","29,700,000","28,000,000","24,200,000","26,400,000","19,600,000","18,800,000","17,300,000","19,900,000","15,400,000","13,800,000","12,400,000","16,400,000","9,800,000","8,800,000",,,,,,,,,,,,,,,
		DepreciationAndAmortizationInIncomeStatement,,,,,,,,,,,,,,,,,,,,,,,,,,,,,,,,,,,,,,,,,,,,,,,,,,,,,,,,,,,,,,,,,,,,,,,,,,,,,,,,,,,,,,,"167,029,000","152,900,000","138,420,000","132,016,000","133,700,000","106,600,000","100,900,000","95,000,000","90,000,000","83,900,000","77,700,000","74,800,000","75,100,000","62,400,000","69,800,000","56,700,000","58,200,000","50,700,000","53,400,000","52,600,000","50,300,000","51,600,000","50,100,000","45,400,000","44,600,000","42,700,000","41,900,000","39,000,000","38,600,000","37,000,000","34,200,000","32,000,000","32,100,000","29,700,000","28,000,000","24,200,000","26,400,000","19,600,000","18,800,000","17,300,000","19,900,000","15,400,000","13,800,000","12,400,000","16,400,000","9,800,000","8,800,000",,,,,,,,,,,,,,,
	OtherOperatingExpenses,,,,,,,"1,534,000,000","1,445,000,000","1,076,000,000","1,512,000,000","1,919,000,000","1,338,000,000","1,274,000,000","1,028,000,000","1,273,000,000","1,260,000,000","1,229,000,000","1,198,000,000","1,363,000,000","1,147,000,000","1,028,000,000","1,049,000,000","1,200,000,000","1,104,000,000","1,158,000,000","987,000,000","1,085,000,000","1,026,000,000","1,089,000,000","996,000,000","1,139,000,000","1,042,000,000","1,002,000,000","1,023,000,000","1,071,000,000","1,013,000,000","1,046,000,000","1,014,000,000","1,174,000,000","1,073,000,000","1,002,000,000","980,000,000",,,,,,,,,,,,,"991,000,000","984,000,000","965,000,000","959,000,000","1,208,000,000","1,079,000,000","1,039,000,000",,"1,254,000,000",,,,"1,129,000,000",,,,"1,183,000,000",,,,"1,216,831,000",,,,"1,202,632,000",,,,"1,065,902,000",,,,"1,126,398,000",,,,,,,,,,,,,,,,,,,,,,,,,,,,,,,,,,,,,,,,,,,,,,,,,,,,,,,,,,,,,
OperatingIncome,"373,000,000","-197,000,000","8,000,000","153,000,000","409,000,000","240,000,000","134,000,000","175,000,000","73,000,000","-1,244,000,000","-245,000,000","221,000,000","282,000,000","316,000,000","372,000,000","363,000,000","398,000,000","229,000,000","396,000,000","378,000,000","451,000,000","254,000,000","301,000,000","389,000,000","279,000,000","222,000,000","355,000,000","414,000,000","369,000,000","386,000,000","519,000,000","554,000,000","567,000,000","443,000,000","522,000,000","576,000,000","521,000,000","530,000,000","602,000,000","520,000,000","425,000,000","395,000,000","372,000,000","346,000,000","334,000,000","386,000,000","593,000,000","504,000,000","397,000,000","474,000,000","587,000,000","500,000,000","375,000,000","353,000,000","398,000,000","394,000,000","373,000,000","383,000,000","418,000,000","368,000,000","225,000,000","260,000,000","349,000,000","268,000,000","184,000,000","373,000,000","512,000,000","340,000,000","428,000,000","465,000,000","622,000,000","467,000,000","415,000,000","581,000,000","620,777,000","473,762,000","395,726,000","388,735,000","425,297,000","306,216,000","168,455,000","112,661,000","-39,313,000","3,757,000","168,310,000","204,762,000","449,678,000","313,945,000","301,356,000","379,782,000","665,100,000","506,700,000","316,500,000","328,400,000","509,500,000","387,200,000","219,700,000","216,600,000","344,300,000","267,200,000","109,600,000","130,100,000","276,300,000","216,800,000","104,700,000","131,300,000","251,200,000","191,100,000","49,200,000","78,000,000","190,800,000","151,100,000","72,800,000","103,900,000","180,000,000","130,800,000","47,200,000","67,700,000","106,800,000","101,600,000","62,000,000","73,000,000","135,200,000","115,700,000","55,800,000","67,800,000","92,500,000","79,000,000","31,100,000","35,700,000","68,200,000","58,100,000","23,700,000","309,900,000","-699,100,000","322,800,000","264,300,000","241,300,000","-573,800,000","273,600,000","217,800,000","211,100,000","-410,700,000","224,800,000","164,800,000","160,000,000","-352,500,000","187,400,000"
NetNonOperatingInterestIncomeExpense,"-128,000,000","-19,000,000","-16,000,000","-43,000,000","-50,000,000","-53,000,000","-57,000,000","-54,000,000","-56,000,000","-15,000,000","-9,000,000","-12,000,000","-11,000,000","-14,000,000","-7,000,000","-13,000,000","-10,000,000","-10,000,000","-13,000,000","-14,000,000","-12,000,000","-16,000,000","-16,000,000","-17,000,000","-16,000,000","-18,000,000","-15,000,000","-18,000,000","-16,000,000","-4,000,000","-17,000,000","-18,000,000","-18,000,000","-17,000,000","-18,000,000","-20,000,000","-18,000,000","0","-18,000,000","-21,000,000","-20,000,000","-22,000,000","-22,000,000","-21,000,000","-21,000,000","-5,000,000","4,000,000","-2,000,000","1,000,000","-9,000,000","0","0","1,000,000","0",,,,,,,,,,,,,,,,,,,,,,,,,,,,,,,,,,,,,,,,,,,,,,,,,,,,,,,,,,,,,,,,,,,,,,,,,,,,,,,,,,,,,,,,,,,,,,
	InterestIncomeNonOperating,"5,000,000","1,000,000","2,000,000","1,000,000","1,000,000","1,000,000","3,000,000","1,000,000","2,000,000","4,000,000","9,000,000","7,000,000","8,000,000","6,000,000","12,000,000","8,000,000","7,000,000","6,000,000","8,000,000","4,000,000","4,000,000","3,000,000","2,000,000","3,000,000","2,000,000","1,000,000","3,000,000","1,000,000","1,000,000","1,000,000","3,000,000","1,000,000","1,000,000","0","2,000,000","1,000,000","1,000,000","1,000,000","2,000,000","1,000,000","2,000,000","1,000,000","2,000,000","1,000,000","1,000,000","1,000,000","4,000,000","1,000,000","2,000,000","1,000,000","2,000,000","1,000,000","2,000,000","2,000,000",,,,,,,,,,,,,,,,,,,,,,,,,,,,,,,,,,,,,,,,,,,,,,,,,,,,,,,,,,,,,,,,,,,,,,,,,,,,,,,,,,,,,,,,,,,,,,
	InterestExpenseNonOperating,"133,000,000","20,000,000","18,000,000","44,000,000","51,000,000","54,000,000","60,000,000","55,000,000","58,000,000","19,000,000","18,000,000","19,000,000","19,000,000","20,000,000","19,000,000","21,000,000","17,000,000","16,000,000","21,000,000","18,000,000","16,000,000","19,000,000","18,000,000","20,000,000","18,000,000","19,000,000","18,000,000","19,000,000","17,000,000","5,000,000","20,000,000","19,000,000","19,000,000","17,000,000","20,000,000","21,000,000","19,000,000","1,000,000","20,000,000","22,000,000","22,000,000","23,000,000","24,000,000","22,000,000","22,000,000","6,000,000","0","3,000,000","1,000,000","10,000,000","2,000,000","1,000,000","1,000,000","2,000,000",,,,,,,,,,,,,,,,,,,,,,,,,,,,,,,,,,,,,,,,,,,,,,,,,,,,,,,,,,,,,,,,,,,,,,,,,,,,,,,,,,,,,,,,,,,,,,
	TotalOtherFinanceCost,,,"16,000,000","43,000,000","50,000,000","53,000,000","57,000,000","54,000,000","56,000,000","15,000,000","9,000,000","12,000,000","11,000,000","14,000,000",,,,,,,,,,,,,,,,,,,,,,,,,,,,,,"21,000,000","21,000,000","5,000,000",,,,,,,,,,,,,,,,,,,,,,,,,,,,,,,,,,,,,,,,,,,,,,,,,,,,,,,,,,,,,,,,,,,,,,,,,,,,,,,,,,,,,,,,,,,,,,,,,,,,,,
OtherIncomeExpense,,,"0","-325,000,000",,,"0",,"-58,000,000",,,,,,,,,,,,,,,,,,,,,,,,,,,,,,,,,,,,,,,,,,,,,,,,,,,,,,,,,,,,,,"0","-10,000,000","-65,000,000","-30,000,000",,,,,,,,,,,,,,,,,,,,,,,,"1,100,000","900,000",,"1,500,000","4,700,000","6,700,000","5,200,000","4,000,000","3,600,000","4,500,000","2,100,000","4,500,000","4,800,000","5,500,000","3,700,000","400,000","1,100,000",,,,,,,,,,,,,,,,,,,,,,,,,,,,,,,,,,
	SpecialIncomeCharges,,,"0","-325,000,000","0",,"0","0","-58,000,000",,,,,,,,,,,,,,,,,,,,,,,,,,,,,,,,,,,,,,,,"0",,,,,,,,,,,,,,,,,,,,,,"0","-10,000,000","-65,000,000","-30,000,000",,,,,,,,,,,,,,,,,,,,,,,,"1,100,000","900,000",,"1,500,000","4,700,000","6,700,000","5,200,000","4,000,000","3,600,000","4,500,000","2,100,000","4,500,000","4,800,000","5,500,000","3,700,000","400,000","1,100,000",,,,,,,,,,,,,,,,,,,,,,,,,,,,,,,,,,
		OtherSpecialCharges,,,"0","325,000,000",,,"0",,"58,000,000",,,,,,,,,,,,,,,,,,,,,,,,,,,,,,,,,,,,,,,,,,,,,,,,,,,,,,,,,,,,,,,,,,,,,,,,,,,,,,,,,,,,,,,,,,,,,,,,,,,,,,,,,,,,,,,,,,,,,,,,,,,,,,,,,,,,,,,,,,,
PretaxIncome,"-80,000,000","-216,000,000","-8,000,000","-215,000,000","359,000,000","187,000,000","77,000,000","121,000,000","-41,000,000","-1,259,000,000","-254,000,000","209,000,000","271,000,000","302,000,000","365,000,000","350,000,000","388,000,000","219,000,000","383,000,000","364,000,000","439,000,000","238,000,000","285,000,000","372,000,000","263,000,000","204,000,000","340,000,000","396,000,000","353,000,000","382,000,000","502,000,000","536,000,000","549,000,000","426,000,000","504,000,000","556,000,000","503,000,000","530,000,000","584,000,000","499,000,000","405,000,000","373,000,000","350,000,000","325,000,000","313,000,000","381,000,000","597,000,000","502,000,000","398,000,000","485,000,000","587,000,000","500,000,000","376,000,000","353,000,000","401,000,000","398,000,000","377,000,000","408,000,000","433,000,000","395,000,000","251,000,000","283,000,000","373,000,000","292,000,000","205,000,000","394,000,000","531,000,000","351,000,000","443,000,000","467,000,000","608,000,000","434,000,000","318,000,000","511,000,000","577,515,000","430,438,000","343,126,000","331,921,000","369,313,000","248,311,000","111,334,000","71,917,000","-66,975,000","-14,583,000","141,340,000","181,859,000","427,957,000","293,462,000","289,637,000","370,829,000","651,800,000","496,100,000","313,300,000","323,800,000","502,100,000","380,300,000","219,000,000","217,700,000","344,900,000","263,200,000","111,200,000","134,900,000","283,000,000","222,000,000","108,800,000","134,900,000","255,600,000","193,200,000","53,600,000","82,800,000","196,300,000","154,700,000","73,400,000","104,900,000","180,700,000","130,400,000","46,800,000","66,900,000","105,900,000","100,000,000","60,800,000","73,000,000","135,500,000","114,200,000","54,100,000","67,100,000","92,600,000","78,200,000","30,900,000","35,300,000","57,000,000","57,000,000","23,100,000",,,,,,,,,,,,,,,
TaxProvision,"-8,000,000","-54,000,000","8,000,000","-63,000,000","101,000,000","21,000,000","-157,000,000","26,000,000","21,000,000","-327,000,000","-70,000,000","69,000,000","103,000,000","75,000,000","89,000,000","84,000,000","91,000,000","55,000,000","178,000,000","135,000,000","168,000,000","95,000,000","65,000,000","168,000,000","138,000,000","77,000,000","126,000,000","148,000,000","134,000,000","143,000,000","183,000,000","185,000,000","217,000,000","166,000,000","197,000,000","219,000,000","200,000,000","197,000,000","233,000,000","191,000,000","162,000,000","140,000,000","132,000,000","132,000,000","124,000,000","148,000,000","232,000,000","199,000,000","164,000,000","183,000,000","235,000,000","193,000,000","148,000,000","138,000,000","158,000,000","152,000,000","148,000,000","159,000,000","168,000,000","156,000,000","93,000,000","105,000,000","154,000,000","103,000,000","77,000,000","152,000,000","193,000,000","139,000,000","171,000,000","176,000,000","229,000,000","169,000,000","124,000,000","199,000,000","221,861,000","167,871,000","133,819,000","129,449,000","120,584,000","113,041,000","54,554,000","35,239,000","-32,817,000","164,254,000","51,589,000","66,379,000","156,204,000","107,114,000","105,717,000","135,353,000","237,900,000","181,100,000","117,500,000","121,400,000","188,300,000","142,600,000","82,100,000","81,600,000","129,300,000","98,700,000","41,700,000","50,600,000","111,800,000","87,700,000","43,000,000","53,300,000","101,000,000","76,300,000","21,200,000","32,700,000","77,600,000","61,100,000","29,000,000","41,400,000","71,400,000","51,500,000","18,100,000","25,400,000","40,200,000","38,000,000","23,100,000","27,700,000","51,500,000","43,400,000","19,900,000","26,200,000","36,100,000","30,500,000","11,700,000","14,100,000","22,800,000","22,800,000","9,000,000",,,,,,,,,,,,,,,
NetIncomeCommonStockholders,"-72,000,000","-162,000,000","-16,000,000","-152,000,000","258,000,000","166,000,000","234,000,000","95,000,000","-62,000,000","-932,000,000","-184,000,000","140,000,000","168,000,000","227,000,000","276,000,000","266,000,000","297,000,000","164,000,000","205,000,000","229,000,000","271,000,000","143,000,000","220,000,000","204,000,000","125,000,000","127,000,000","214,000,000","248,000,000","219,000,000","239,000,000","319,000,000","351,000,000","332,000,000","260,000,000","307,000,000","337,000,000","303,000,000","333,000,000","351,000,000","308,000,000","243,000,000","233,000,000","218,000,000","193,000,000","189,000,000","233,000,000","365,000,000","303,000,000","234,000,000","302,000,000","352,000,000","307,000,000","228,000,000","215,000,000","243,000,000","246,000,000","229,000,000","249,000,000","265,000,000","238,000,000","152,000,000","178,000,000","219,000,000","189,000,000","128,000,000","242,000,000","338,000,000","212,000,000","272,000,000","291,000,000","379,000,000","265,000,000","194,000,000","312,000,000","355,654,000","262,567,000","209,307,000","202,472,000","248,729,000","135,270,000","56,780,000","36,678,000","-34,158,000","-178,837,000","89,751,000","115,480,000","271,753,000","186,348,000","183,920,000","235,476,000","413,900,000","315,000,000","195,800,000","202,400,000","313,800,000","237,700,000","136,900,000","136,100,000","215,600,000","164,500,000","69,500,000","84,300,000","171,200,000","134,300,000","65,800,000","81,600,000","154,600,000","116,900,000","32,400,000","50,100,000","118,700,000","93,600,000","44,400,000","63,500,000","109,300,000","78,900,000","28,700,000","41,500,000","65,700,000","62,000,000","37,700,000","45,300,000","84,000,000","70,800,000","34,200,000","40,900,000","56,500,000","47,700,000","19,200,000","21,200,000","34,200,000","34,200,000","14,100,000",,,,,,,,,,,,,,,
	NetIncome,"-72,000,000","-162,000,000","-16,000,000","-152,000,000","258,000,000","166,000,000","234,000,000","95,000,000","-62,000,000","-932,000,000","-184,000,000","140,000,000","168,000,000","227,000,000","276,000,000","266,000,000","297,000,000","164,000,000","205,000,000","229,000,000","271,000,000","143,000,000","220,000,000","204,000,000","125,000,000","127,000,000","214,000,000","248,000,000","219,000,000","239,000,000","319,000,000","351,000,000","332,000,000","260,000,000","307,000,000","337,000,000","303,000,000","333,000,000","351,000,000","308,000,000","243,000,000","233,000,000","218,000,000","193,000,000","189,000,000","233,000,000","365,000,000","303,000,000","234,000,000","302,000,000","352,000,000","307,000,000","228,000,000","215,000,000","243,000,000","246,000,000","229,000,000","249,000,000","265,000,000","238,000,000","152,000,000","178,000,000","219,000,000","189,000,000","128,000,000","242,000,000","338,000,000","212,000,000","272,000,000","291,000,000","379,000,000","265,000,000","194,000,000","312,000,000","355,654,000","262,567,000","209,307,000","202,472,000","248,729,000","135,270,000","56,780,000","36,678,000","-34,158,000","-178,837,000","89,751,000","115,480,000","271,753,000","186,348,000","183,920,000","235,476,000","413,900,000","315,000,000","195,800,000","202,400,000","313,800,000","237,700,000","136,900,000","136,100,000","215,600,000","164,500,000","69,500,000","84,300,000","171,200,000","134,300,000","65,800,000","81,600,000","154,600,000","116,900,000","32,400,000","50,100,000","118,700,000","93,600,000","44,400,000","63,500,000","109,300,000","78,900,000","28,700,000","41,500,000","65,700,000","62,000,000","37,700,000","45,300,000","84,000,000","70,800,000","34,200,000","40,900,000","56,500,000","47,700,000","19,200,000","21,200,000","34,200,000","34,200,000","14,100,000",,,,,,,,,,,,,,,
		NetIncomeIncludingNoncontrollingInterests,"-72,000,000","-162,000,000","-16,000,000","-152,000,000","258,000,000","166,000,000","234,000,000","95,000,000","-62,000,000","-932,000,000","-184,000,000","140,000,000","168,000,000","227,000,000","276,000,000","266,000,000","297,000,000","164,000,000","205,000,000","229,000,000","271,000,000","143,000,000","220,000,000","204,000,000","125,000,000","127,000,000","214,000,000","248,000,000","219,000,000","239,000,000","319,000,000","351,000,000","332,000,000","260,000,000","307,000,000","337,000,000","303,000,000","333,000,000","351,000,000","308,000,000","243,000,000","233,000,000","218,000,000","193,000,000","189,000,000","233,000,000","365,000,000","303,000,000","234,000,000","302,000,000","352,000,000","307,000,000","228,000,000","215,000,000","243,000,000","246,000,000","229,000,000","249,000,000","265,000,000","238,000,000","152,000,000","178,000,000","219,000,000","189,000,000","128,000,000","242,000,000","338,000,000","212,000,000","272,000,000","291,000,000","379,000,000","265,000,000","194,000,000","312,000,000","355,654,000","262,567,000","209,307,000","202,472,000","248,729,000","135,270,000","56,780,000","36,678,000","-34,158,000","-178,837,000","89,751,000","115,480,000","271,753,000","186,348,000","183,920,000","235,476,000","413,900,000","315,000,000","195,800,000","202,400,000","313,800,000","237,700,000","136,900,000","136,100,000","215,600,000","164,500,000","69,500,000","84,300,000","171,200,000","134,300,000","65,800,000","81,600,000","154,600,000","116,900,000","32,400,000","50,100,000","118,700,000","93,600,000","44,400,000","63,500,000","109,300,000","78,900,000","28,700,000","41,500,000","65,700,000","62,000,000","37,700,000","45,300,000","84,000,000","70,800,000","34,200,000","40,900,000","56,500,000","47,700,000","19,200,000","21,200,000","34,200,000","34,200,000","14,100,000","15,100,000","32,200,000","26,600,000","11,000,000","4,400,000","21,700,000","18,600,000","13,100,000","16,200,000","28,200,000","21,300,000","8,400,000","10,200,000","15,300,000","13,100,000"
			NetIncomeContinuousOperations,"-72,000,000","-162,000,000","-16,000,000","-152,000,000","258,000,000","166,000,000","234,000,000","95,000,000","-62,000,000","-932,000,000","-184,000,000","140,000,000","168,000,000","227,000,000","276,000,000","266,000,000","297,000,000","164,000,000","205,000,000","229,000,000","271,000,000","143,000,000","220,000,000","204,000,000","125,000,000","127,000,000","214,000,000","248,000,000","219,000,000","239,000,000","319,000,000","351,000,000","332,000,000","260,000,000","307,000,000","337,000,000","303,000,000","333,000,000","351,000,000","308,000,000","243,000,000","233,000,000","218,000,000","193,000,000","189,000,000","233,000,000","365,000,000","303,000,000","234,000,000","302,000,000","352,000,000","307,000,000","228,000,000","215,000,000","243,000,000","246,000,000","229,000,000","249,000,000","265,000,000","239,000,000","158,000,000","178,000,000","219,000,000","189,000,000","128,000,000","242,000,000","338,000,000","212,000,000","272,000,000","291,000,000","379,000,000","265,000,000","194,000,000","312,000,000","355,654,000","262,567,000","209,307,000","202,472,000","248,729,000","135,270,000","56,780,000","36,678,000","-34,158,000","-178,837,000","89,751,000","115,480,000","271,753,000","186,348,000","183,920,000","235,476,000","413,900,000","315,000,000","195,800,000","202,400,000","313,800,000","237,700,000","136,900,000","136,100,000","215,600,000","164,500,000","69,500,000","84,300,000","171,200,000","134,300,000","65,800,000","81,600,000","154,600,000","116,900,000","32,400,000","50,100,000","118,700,000","93,600,000","44,400,000","63,500,000","109,300,000","78,900,000","28,700,000","41,500,000","65,700,000","62,000,000","37,700,000","45,300,000","84,000,000","70,800,000","34,200,000","40,900,000","56,500,000","47,700,000","19,200,000","21,200,000","34,200,000","34,200,000","14,100,000","15,100,000","32,200,000","26,600,000","11,000,000","4,400,000","21,700,000","18,600,000","13,100,000","16,200,000","28,200,000","21,300,000","8,400,000","10,200,000","22,000,000","13,100,000"
			NetIncomeDiscontinuousOperations,,,,,,,,,,,,,,,,,,,,,,,,,,,,,,,,,,,,,,,,,,,,,,,,,,,,,,,,,,,"0","-1,000,000","-6,000,000",,,,,,,,,,,,,,,,,,,,,,,,,,,,,,,,,,,,,,,,,,,,,,,,,,,,,,,,,,,,,,,,,,,,,,,,,,,,,,,,,,,,,,,
DilutedNIAvailtoComStockholders,"-72,000,000","-162,000,000","-16,000,000","-152,000,000","258,000,000","166,000,000","234,000,000","95,000,000","-62,000,000","-932,000,000","-184,000,000","140,000,000","168,000,000","227,000,000","276,000,000","266,000,000","297,000,000","164,000,000","205,000,000","229,000,000","271,000,000","143,000,000","220,000,000","204,000,000","125,000,000","127,000,000","214,000,000","248,000,000","219,000,000","239,000,000","319,000,000","351,000,000","332,000,000","260,000,000","307,000,000","337,000,000","303,000,000","333,000,000","351,000,000","308,000,000","243,000,000","233,000,000","218,000,000","193,000,000","189,000,000","233,000,000","365,000,000","303,000,000","234,000,000","302,000,000","352,000,000","307,000,000","228,000,000","215,000,000","243,000,000","246,000,000","229,000,000","249,000,000","265,000,000","238,000,000","152,000,000","178,000,000","219,000,000","189,000,000","128,000,000","242,000,000","338,000,000","212,000,000","272,000,000","291,000,000","379,000,000","265,000,000","194,000,000","312,000,000","355,654,000","262,567,000","209,307,000","202,472,000","248,729,000","135,270,000","56,780,000","36,678,000","-34,158,000","-178,837,000","89,751,000","115,480,000","271,753,000","186,348,000","183,920,000","235,476,000","413,900,000","315,000,000","195,800,000","202,400,000","313,800,000","237,700,000","136,900,000","136,100,000","215,600,000","164,500,000","69,500,000","84,300,000","171,200,000","134,300,000","65,800,000","81,600,000","154,600,000","116,900,000","32,400,000","50,100,000","118,700,000","93,600,000","44,400,000","63,500,000","109,300,000","78,900,000","28,700,000","41,500,000","65,700,000","62,000,000","37,700,000","45,300,000","84,000,000","70,800,000","34,200,000","40,900,000","56,500,000","47,700,000","19,200,000","21,200,000","34,200,000","34,200,000","14,100,000",,,,,,,,,,,,,,,
BasicEPS,,"-0.44","-0.04","-0.4","0.68","0.44","0.62","0.25","-0.17","-2.51","-0.49","0.37","0.44","0.6","0.72","0.69","0.77","0.42","0.53","0.59","0.69","0.36","0.55","0.51","0.31","0.32","0.54","0.61","0.53","0.57","0.75","0.81","0.76","0.58","0.69","0.73","0.65","0.72","0.74","0.64","0.5","0.48",,"0.38","0.35","0.4",,"0.49","0.36","0.45",,"0.44","0.33","0.31",,"0.35","0.32","0.34",,"0.3","0.19","0.22",,"0.23","0.15","0.28",,"0.24","0.3","0.33",,"0.29","0.22","0.35",,"0.29","0.23","0.23",,"0.15","0.07","0.04",,"-0.21","0.1","0.14",,"0.22","0.22","0.28",,"0.37","0.23","0.24",,"0.28","0.15","0.15",,"0.19","0.07","0.09",,"0.14","0.07","0.09",,"0.12","0.03","0.05",,"0.09","0.05","0.07",,"0.08","0.03","0.05",,"0.07","0.04","0.05",,"0.07","0.03","0.05",,"0.05","0.02","0.02",,"0.04","0.01","0.02",,"0.03","0.01","0.01",,"0.02","0.01","0.02",,"0.02","0.01","0.01",,"0.01"
DilutedEPS,,"-0.44","-0.04","-0.4","0.67","0.43","0.61","0.25","-0.17","-2.51","-0.49","0.37","0.44","0.6","0.72","0.69","0.76","0.42","0.52","0.58","0.68","0.36","0.55","0.51","0.31","0.32","0.53","0.61","0.52","0.56","0.75","0.8","0.75","0.58","0.68","0.72","0.64","0.71","0.73","0.63","0.49","0.47",,"0.38","0.35","0.4",,"0.48","0.36","0.45",,"0.44","0.33","0.31",,"0.35","0.32","0.34",,"0.3","0.19","0.22",,"0.23","0.15","0.28",,"0.24","0.3","0.31",,"0.28","0.21","0.32",,"0.28","0.22","0.22",,"0.15","0.06","0.04",,"-0.21","0.1","0.13",,"0.21","0.21","0.27",,"0.35","0.22","0.22",,"0.27","0.15","0.15",,"0.18","0.07","0.09",,"0.14","0.07","0.09",,"0.12","0.03","0.05",,"0.09","0.05","0.07",,"0.08","0.03","0.05",,"0.07","0.04","0.05",,"0.07","0.03","0.05",,"0.05","0.02","0.02",,"0.04","0.01","0.02",,"0.03","0.01","0.01",,"0.02","0.01","0.02",,"0.02","0.01","0.01",,"0.01"
BasicAverageShares,,"370,000,000","373,000,000","376,000,000","378,000,000","376,000,000","375,000,000","374,000,000","374,000,000","372,000,000","373,000,000","375,000,000","378,000,000","379,000,000","381,000,000","384,000,000","387,000,000","389,000,000","389,000,000","391,000,000","395,000,000","399,000,000","399,000,000","399,000,000","398,000,000","398,000,000","400,000,000","406,000,000","417,000,000","421,000,000","423,000,000","432,000,000","439,000,000","445,000,000","448,000,000","463,000,000","468,000,000","464,000,000","472,000,000","481,000,000","486,000,000","489,000,000",,"503,000,000","542,000,000","583,000,000",,"622,000,000","646,000,000","668,000,000",,"698,000,000","697,000,000","695,000,000",,"709,000,000","717,000,000","733,000,000",,"788,000,000","813,737,000","815,401,000",,"825,359,000","835,060,000","852,739,000",,"875,086,000","895,817,000","888,920,000",,"902,039,162","901,982,212","898,081,575",,"893,709,825","891,701,717","888,814,002",,"879,275,933","869,518,765","866,685,894",,"862,420,054","859,671,047","854,333,157",,"848,754,207","849,641,253","850,325,670",,"851,351,351","851,304,348","843,333,333",,"848,928,571","912,666,667","907,333,333",,"865,789,474","992,857,143","936,666,667",,"959,285,714","940,000,000","906,666,667",,"974,166,667","1,080,000,000","1,002,000,000",,"1,040,000,000","888,000,000","907,142,857",,"986,250,000","956,666,667","830,000,000",,"885,714,286","942,500,000","906,000,000",,"1,011,428,571","1,140,000,000","818,000,000",,"954,000,000","960,000,000","1,060,000,000",,"855,000,000","950,648,000","950,943,000",,"972,999,000","1,024,354,000","965,852,000",,"961,862,000","961,862,000","952,237,000",,"952,237,000","950,406,000","919,159,000",,"911,124,000"
DilutedAverageShares,,"370,000,000","373,000,000","376,000,000","386,000,000","385,000,000","382,000,000","380,000,000","374,000,000","372,000,000","373,000,000","376,000,000","379,000,000","381,000,000","383,000,000","387,000,000","390,000,000","393,000,000","393,000,000","393,000,000","396,000,000","400,000,000","401,000,000","400,000,000","399,000,000","399,000,000","402,000,000","408,000,000","418,000,000","424,000,000","428,000,000","437,000,000","443,000,000","451,000,000","454,000,000","468,000,000","473,000,000","471,000,000","479,000,000","488,000,000","491,000,000","494,000,000",,"505,000,000","545,000,000","588,000,000",,"626,000,000","651,000,000","676,000,000",,"704,000,000","700,000,000","697,000,000",,"712,000,000","719,000,000","736,000,000",,"791,000,000","816,765,000","818,682,000",,"832,435,000","841,941,000","860,681,000",,"881,714,000","905,190,000","951,862,000",,"997,620,291","1,002,743,050","996,326,642",,"990,020,341","987,514,041","979,608,262",,"968,163,722","876,609,916","874,012,082",,"862,420,054","883,662,826","875,873,227",,"871,570,698","880,119,755","888,020,166",,"900,000,000","890,000,000","920,000,000",,"880,370,370","912,666,667","907,333,333",,"913,888,889","992,857,143","936,666,667",,"959,285,714","940,000,000","906,666,667",,"974,166,667","1,080,000,000","1,002,000,000",,"1,040,000,000","888,000,000","907,142,857",,"986,250,000","956,666,667","830,000,000",,"885,714,286","942,500,000","906,000,000",,"1,011,428,571","1,140,000,000","818,000,000",,"954,000,000","960,000,000","1,060,000,000",,"855,000,000","950,648,000","950,943,000",,"972,999,000","1,024,354,000","965,852,000",,"961,862,000","961,862,000","952,237,000",,"952,237,000","950,406,000","919,159,000",,"911,124,000"
TotalOperatingIncomeAsReported,"373,000,000","-197,000,000","8,000,000","153,000,000","409,000,000","240,000,000","134,000,000","175,000,000","73,000,000","-1,244,000,000","-245,000,000","221,000,000","282,000,000","316,000,000","372,000,000","363,000,000","398,000,000","229,000,000","396,000,000","378,000,000","451,000,000","254,000,000","301,000,000","389,000,000","279,000,000","222,000,000","355,000,000","414,000,000","369,000,000","386,000,000","519,000,000","554,000,000","567,000,000","443,000,000","522,000,000","576,000,000","521,000,000","530,000,000","602,000,000","520,000,000","425,000,000","395,000,000","372,000,000","346,000,000","334,000,000","386,000,000","593,000,000","504,000,000","397,000,000","474,000,000","587,000,000","500,000,000","375,000,000","353,000,000","398,000,000","394,000,000","373,000,000","383,000,000","418,000,000","368,000,000","225,000,000","260,000,000","349,000,000","268,000,000","184,000,000","373,000,000","512,000,000","340,000,000","428,000,000","465,000,000","622,000,000","467,000,000","415,000,000","581,000,000","620,777,000","473,762,000","395,726,000","388,735,000","425,297,000","306,216,000","168,455,000","112,661,000","-39,313,000","3,757,000","168,310,000","204,762,000","449,678,000","313,945,000","301,356,000","379,782,000","665,100,000","506,700,000","316,500,000","328,400,000","509,500,000","387,200,000","219,700,000","216,600,000","344,300,000","267,200,000","109,600,000","130,100,000","276,300,000","216,800,000","104,700,000","131,300,000","251,200,000","191,100,000","49,200,000","78,000,000","190,800,000","151,100,000","72,800,000","103,900,000","180,000,000","130,800,000","47,200,000","67,700,000","106,800,000","101,600,000","62,000,000","73,000,000","135,200,000","115,700,000","55,800,000","67,800,000","92,500,000","79,000,000","31,100,000","35,700,000","68,200,000","58,100,000","23,700,000",,,,,,,,,,,,,,,
TotalExpenses,"15,783,000,000","3,674,000,000","4,517,000,000","3,790,000,000","3,802,000,000","3,751,000,000","4,290,000,000","3,819,000,000","3,202,000,000","3,351,000,000","4,919,000,000","3,777,000,000","3,723,000,000","3,390,000,000","4,251,000,000","3,726,000,000","3,687,000,000","3,554,000,000","4,382,000,000","3,460,000,000","3,348,000,000","3,186,000,000","4,128,000,000","3,409,000,000","3,572,000,000","3,216,000,000","4,030,000,000","3,443,000,000","3,529,000,000","3,271,000,000","4,189,000,000","3,418,000,000","3,414,000,000","3,331,000,000","4,053,000,000","3,400,000,000","3,347,000,000","3,199,000,000","4,123,000,000","3,344,000,000","3,150,000,000","3,092,000,000","3,911,000,000","3,239,000,000","3,052,000,000","2,909,000,000","3,771,000,000","3,150,000,000","2,920,000,000","2,855,000,000","3,649,000,000","3,089,000,000","2,870,000,000","2,774,000,000","3,684,000,000","3,167,000,000","3,126,000,000","3,001,000,000","4,257,000,000","3,486,000,000","3,460,000,000","3,298,000,000","4,581,000,000","3,588,000,000","3,532,000,000","3,068,000,000","4,309,000,000","3,520,000,000","3,288,000,000","3,161,000,000","4,276,000,000","3,513,000,000","3,306,000,000","3,087,000,000","4,265,697,000","3,455,694,000","3,289,573,000","2,964,036,000","4,225,307,000","3,338,740,000","3,099,854,000","2,778,179,000","4,128,938,000","3,329,616,000","3,076,909,000","2,974,894,000","4,129,410,000","3,100,723,000","2,646,358,000","2,352,208,000","3,193,800,000","2,538,700,000","2,136,800,000","1,949,300,000","2,520,400,000","2,012,700,000","1,685,300,000","1,503,100,000","1,821,200,000","1,498,700,000","1,235,600,000","1,101,100,000","1,391,600,000","1,166,200,000","1,015,600,000","981,900,000","1,271,000,000","964,800,000","819,300,000","770,700,000","1,019,000,000","837,200,000","700,300,000","647,800,000","880,300,000","767,900,000","646,000,000","575,900,000","823,400,000","725,600,000","552,100,000","515,900,000","668,300,000","586,400,000","467,300,000","422,500,000","532,200,000","422,700,000","373,900,000","366,700,000","476,900,000","347,500,000","302,200,000",,,,,,,,,,,,,,,
NetIncomeFromContinuingAndDiscontinuedOperation,"-72,000,000","-162,000,000","-16,000,000","-152,000,000","258,000,000","166,000,000","234,000,000","95,000,000","-62,000,000","-932,000,000","-184,000,000","140,000,000","168,000,000","227,000,000","276,000,000","266,000,000","297,000,000","164,000,000","205,000,000","229,000,000","271,000,000","143,000,000","220,000,000","204,000,000","125,000,000","127,000,000","214,000,000","248,000,000","219,000,000","239,000,000","319,000,000","351,000,000","332,000,000","260,000,000","307,000,000","337,000,000","303,000,000","333,000,000","351,000,000","308,000,000","243,000,000","233,000,000","218,000,000","193,000,000","189,000,000","233,000,000","365,000,000","303,000,000","234,000,000","302,000,000","352,000,000","307,000,000","228,000,000","215,000,000","243,000,000","246,000,000","229,000,000","249,000,000","265,000,000","238,000,000","152,000,000","178,000,000","219,000,000","189,000,000","128,000,000","242,000,000","338,000,000","212,000,000","272,000,000","291,000,000","379,000,000","265,000,000","194,000,000","312,000,000","355,654,000","262,567,000","209,307,000","202,472,000","248,729,000","135,270,000","56,780,000","36,678,000","-34,158,000","-178,837,000","89,751,000","115,480,000","271,753,000","186,348,000","183,920,000","235,476,000","413,900,000","315,000,000","195,800,000","202,400,000","313,800,000","237,700,000","136,900,000","136,100,000","215,600,000","164,500,000","69,500,000","84,300,000","171,200,000","134,300,000","65,800,000","81,600,000","154,600,000","116,900,000","32,400,000","50,100,000","118,700,000","93,600,000","44,400,000","63,500,000","109,300,000","78,900,000","28,700,000","41,500,000","65,700,000","62,000,000","37,700,000","45,300,000","84,000,000","70,800,000","34,200,000","40,900,000","56,500,000","47,700,000","19,200,000","21,200,000","34,200,000","34,200,000","14,100,000",,,,,,,,,,,,,,,
NormalizedIncome,"220,500,000","-162,000,000","-16,000,000","77,775,000","258,000,000","166,000,000","234,000,000","95,000,000","-19,660,000","-932,000,000","-184,000,000","140,000,000","168,000,000","227,000,000","276,000,000","266,000,000","297,000,000","164,000,000","205,000,000","229,000,000","271,000,000","143,000,000","220,000,000","204,000,000","125,000,000","127,000,000","214,000,000","248,000,000","219,000,000","239,000,000","319,000,000","351,000,000","332,000,000","260,000,000","307,000,000","337,000,000","303,000,000","333,000,000","351,000,000","308,000,000","243,000,000","233,000,000","218,000,000","193,000,000","189,000,000","233,000,000","365,000,000","303,000,000","234,000,000","302,000,000","352,000,000","307,000,000","228,000,000","215,000,000","243,000,000","246,000,000","229,000,000","249,000,000","265,000,000","239,000,000","158,000,000","178,000,000","219,000,000","189,000,000","128,000,000","242,000,000","338,000,000","212,000,000","272,000,000","291,000,000","379,000,000","271,105,990.783","233,654,088.05","330,317,025.44","355,654,000","262,567,000","209,307,000","202,472,000","248,729,000","135,270,000","56,780,000","36,678,000","-34,158,000","-178,837,000","89,751,000","115,480,000","271,753,000","186,348,000","183,920,000","235,476,000","413,900,000","315,000,000","195,800,000","202,400,000","313,800,000","237,700,000","136,900,000","135,412,310.519","215,037,402.146","164,500,000","68,562,500","81,362,935.508","167,146,855.124","131,154,234.234","63,380,882.353","79,422,386.953","151,878,169.014","115,629,347.826","29,679,850.746","47,195,652.174","115,374,223.128","91,361,344.538","44,158,038.147","62,834,127.741","109,300,000","78,900,000","28,700,000","41,500,000","65,700,000","62,000,000","37,700,000","45,300,000","84,000,000","70,800,000","34,200,000","40,900,000","56,500,000","47,700,000","19,200,000","21,200,000","34,200,000","34,200,000","14,100,000",,,,,,,,,,,,,,,
InterestIncome,"5,000,000","1,000,000","2,000,000","1,000,000","1,000,000","1,000,000","3,000,000","1,000,000","2,000,000","4,000,000","9,000,000","7,000,000","8,000,000","6,000,000","12,000,000","8,000,000","7,000,000","6,000,000","8,000,000","4,000,000","4,000,000","3,000,000","2,000,000","3,000,000","2,000,000","1,000,000","3,000,000","1,000,000","1,000,000","1,000,000","3,000,000","1,000,000","1,000,000","0","2,000,000","1,000,000","1,000,000","1,000,000","2,000,000","1,000,000","2,000,000","1,000,000","2,000,000","1,000,000","1,000,000","1,000,000","4,000,000","1,000,000","2,000,000","1,000,000","2,000,000","1,000,000","2,000,000","2,000,000",,,,,,,,,,,,,,,,,,,,,,,,,,,,,,,,,,,,,,,,,,,,,,,,,,,,,,,,,,,,,,,,,,,,,,,,,,,,,,,,,,,,,,,,,,,,,,
InterestExpense,"133,000,000","20,000,000","18,000,000","44,000,000","51,000,000","54,000,000","60,000,000","55,000,000","58,000,000","19,000,000","18,000,000","19,000,000","19,000,000","20,000,000","19,000,000","21,000,000","17,000,000","16,000,000","21,000,000","18,000,000","16,000,000","19,000,000","18,000,000","20,000,000","18,000,000","19,000,000","18,000,000","19,000,000","17,000,000","5,000,000","20,000,000","19,000,000","19,000,000","17,000,000","20,000,000","21,000,000","19,000,000","1,000,000","20,000,000","22,000,000","22,000,000","23,000,000","24,000,000","22,000,000","22,000,000","6,000,000","0","3,000,000","1,000,000","10,000,000","2,000,000","1,000,000","1,000,000","2,000,000",,,,,,,,,,,,,,,,,,,,,,,,,,,,,,,,,,,,,,,,,,,,,,,,,,,,,,,,,,,,,,,,,,,,,,,,,,,,,,,,,,,,,,,,,,,,,,
NetInterestIncome,"-128,000,000","-19,000,000","-16,000,000","-43,000,000","-50,000,000","-53,000,000","-57,000,000","-54,000,000","-56,000,000","-15,000,000","-9,000,000","-12,000,000","-11,000,000","-14,000,000","-7,000,000","-13,000,000","-10,000,000","-10,000,000","-13,000,000","-14,000,000","-12,000,000","-16,000,000","-16,000,000","-17,000,000","-16,000,000","-18,000,000","-15,000,000","-18,000,000","-16,000,000","-4,000,000","-17,000,000","-18,000,000","-18,000,000","-17,000,000","-18,000,000","-20,000,000","-18,000,000","0","-18,000,000","-21,000,000","-20,000,000","-22,000,000","-22,000,000","-21,000,000","-21,000,000","-5,000,000","4,000,000","-2,000,000","1,000,000","-9,000,000","0","0","1,000,000","0",,,,,,,,,,,,,,,,,,,,,,,,,,,,,,,,,,,,,,,,,,,,,,,,,,,,,,,,,,,,,,,,,,,,,,,,,,,,,,,,,,,,,,,,,,,,,,
EBIT,"53,000,000","-196,000,000","10,000,000","-171,000,000","410,000,000","241,000,000","137,000,000","176,000,000","17,000,000","-1,240,000,000","-236,000,000","228,000,000","290,000,000","322,000,000","384,000,000","371,000,000","405,000,000","235,000,000","404,000,000","382,000,000","455,000,000","257,000,000","303,000,000","392,000,000","281,000,000","223,000,000","358,000,000","415,000,000","370,000,000","387,000,000","522,000,000","555,000,000","568,000,000","443,000,000","524,000,000","577,000,000","522,000,000","531,000,000","604,000,000","521,000,000","427,000,000","396,000,000","374,000,000","347,000,000","335,000,000","387,000,000","597,000,000","505,000,000","399,000,000","495,000,000","589,000,000","501,000,000","377,000,000","355,000,000","398,000,000","394,000,000","373,000,000","383,000,000","418,000,000","368,000,000","225,000,000","260,000,000","349,000,000","268,000,000","184,000,000","373,000,000","512,000,000","340,000,000","428,000,000","465,000,000","622,000,000","467,000,000","415,000,000","581,000,000","620,777,000","473,762,000","395,726,000","388,735,000","425,297,000","306,216,000","168,455,000","112,661,000","-39,313,000","3,757,000","168,310,000","204,762,000","449,678,000","313,945,000","301,356,000","379,782,000","665,100,000","506,700,000","316,500,000","328,400,000","509,500,000","387,200,000","219,700,000","216,600,000","344,300,000","267,200,000","109,600,000","130,100,000","276,300,000","216,800,000","104,700,000","131,300,000","251,200,000","191,100,000","49,200,000","78,000,000","190,800,000","151,100,000","72,800,000","103,900,000","180,000,000","130,800,000","47,200,000","67,700,000","106,800,000","101,600,000","62,000,000","73,000,000","135,200,000","115,700,000","55,800,000","67,800,000","92,500,000","79,000,000","31,100,000","35,700,000","68,200,000","58,100,000","23,700,000","309,900,000","-699,100,000","322,800,000","264,300,000","241,300,000","-573,800,000","273,600,000","217,800,000","211,100,000","-410,700,000","224,800,000","164,800,000","160,000,000","-352,500,000","187,400,000"
EBITDA,"567,000,000"
ReconciledCostOfRevenue,"10,053,000,000","2,381,000,000","3,002,000,000","2,282,000,000","2,388,000,000","2,361,000,000","2,756,000,000","2,374,000,000","2,126,000,000","1,839,000,000","3,000,000,000","2,439,000,000","2,449,000,000","2,362,000,000","2,978,000,000","2,466,000,000","2,458,000,000","2,356,000,000","3,019,000,000","2,313,000,000","2,320,000,000","2,137,000,000","2,928,000,000","2,305,000,000","2,414,000,000","2,229,000,000","2,945,000,000","2,417,000,000","2,440,000,000","2,275,000,000","3,050,000,000","2,376,000,000","2,412,000,000","2,308,000,000","2,982,000,000","2,387,000,000","2,301,000,000","2,185,000,000","2,949,000,000","2,271,000,000","2,148,000,000","2,112,000,000","2,878,000,000","2,271,000,000","2,135,000,000","1,991,000,000","2,695,000,000","2,149,000,000","2,003,000,000","1,928,000,000","2,563,000,000","2,065,000,000","1,957,000,000","1,888,000,000","2,693,000,000","2,183,000,000","2,161,000,000","2,042,000,000","3,049,000,000","2,407,000,000","2,421,000,000","2,204,000,000","3,327,000,000","2,415,000,000","2,493,000,000","2,059,000,000","3,180,000,000","2,497,000,000","2,331,000,000","2,145,000,000","3,093,000,000","2,413,000,000","2,290,000,000","2,089,000,000","3,048,866,000","2,402,027,000","2,359,588,000","2,075,519,000","3,022,675,000","2,329,347,000","2,177,774,000","2,011,762,000","3,063,036,000","2,382,734,000","2,204,137,000","2,054,482,000","2,835,983,000","2,004,561,000","1,698,644,000","1,469,889,000","2,122,800,000","1,634,500,000","1,342,600,000","1,239,200,000","1,686,000,000","1,292,100,000","1,057,500,000","956,200,000","1,229,500,000","976,600,000","813,300,000","732,500,000","969,700,000","787,100,000","666,800,000","646,700,000","895,900,000","646,300,000","559,200,000","522,700,000","726,700,000","566,800,000","466,000,000","423,100,000","607,800,000","521,800,000","458,500,000","392,000,000","595,700,000","505,700,000","384,200,000","356,100,000","467,500,000","404,700,000","324,800,000","289,700,000","372,300,000","290,000,000","260,100,000","257,400,000","350,200,000","238,900,000","215,900,000",,,,,,,,,,,,,,,
ReconciledDepreciation,"514,000,000","130,000,000","132,000,000","128,000,000","124,000,000","120,000,000","126,000,000","125,000,000","126,000,000","130,000,000","140,000,000","140,000,000","139,000,000","138,000,000","153,000,000","145,000,000","140,000,000","140,000,000","141,000,000","139,000,000","141,000,000","138,000,000","144,000,000","146,000,000","155,000,000","148,000,000","154,000,000","144,000,000","146,000,000","148,000,000","152,000,000","141,000,000","138,000,000","133,000,000","138,000,000","131,000,000","133,000,000","134,000,000","138,000,000","136,000,000","141,000,000","144,000,000","148,000,000","148,000,000","145,000,000","151,000,000","156,000,000","160,000,000","166,000,000","166,000,000","164,000,000","168,000,000","180,000,000","143,000,000","146,000,000","141,000,000","142,000,000","139,000,000","140,000,000","140,000,000","133,000,000","134,000,000","126,000,000","129,000,000","140,000,000","135,000,000","201,000,000","151,000,000","127,000,000","146,000,000","166,000,000","152,000,000","148,000,000","154,000,000","163,837,000","156,334,000","172,692,000","171,137,000","199,285,000","192,509,000","201,198,000","187,884,000","220,860,000","207,462,000","186,016,000","196,148,000","167,029,000","152,900,000","138,420,000","132,016,000","133,700,000","106,600,000","100,900,000","95,000,000","90,000,000","83,900,000","77,700,000","74,800,000","75,100,000","68,100,000","69,800,000","56,700,000","58,200,000","50,700,000","53,400,000","52,600,000","50,300,000","51,600,000","50,100,000","45,400,000","44,600,000","42,700,000","41,900,000","39,000,000","38,600,000","37,000,000","34,200,000","32,000,000","32,100,000","29,700,000","28,000,000","24,200,000","26,400,000","19,600,000","18,800,000","17,300,000","19,900,000","15,400,000","13,800,000","12,400,000","16,400,000","9,900,000","8,800,000",,,,,,,,,,,,,,,
NetIncomeFromContinuingOperationNetMinorityInterest,"-72,000,000","-162,000,000","-16,000,000","-152,000,000","258,000,000","166,000,000","234,000,000","95,000,000","-62,000,000","-932,000,000","-184,000,000","140,000,000","168,000,000","227,000,000","276,000,000","266,000,000","297,000,000","164,000,000","205,000,000","229,000,000","271,000,000","143,000,000","220,000,000","204,000,000","125,000,000","127,000,000","214,000,000","248,000,000","219,000,000","239,000,000","319,000,000","351,000,000","332,000,000","260,000,000","307,000,000","337,000,000","303,000,000","333,000,000","351,000,000","308,000,000","243,000,000","233,000,000","218,000,000","193,000,000","189,000,000","233,000,000","365,000,000","303,000,000","234,000,000","302,000,000","352,000,000","307,000,000","228,000,000","215,000,000","243,000,000","246,000,000","229,000,000","249,000,000","265,000,000","239,000,000","158,000,000","178,000,000","219,000,000","189,000,000","128,000,000","242,000,000","338,000,000","212,000,000","272,000,000","291,000,000","379,000,000","265,000,000","194,000,000","312,000,000","355,654,000","262,567,000","209,307,000","202,472,000","248,729,000","135,270,000","56,780,000","36,678,000","-34,158,000","-178,837,000","89,751,000","115,480,000","271,753,000","186,348,000","183,920,000","235,476,000","413,900,000","315,000,000","195,800,000","202,400,000","313,800,000","237,700,000","136,900,000","136,100,000","215,600,000","164,500,000","69,500,000","84,300,000","171,200,000","134,300,000","65,800,000","81,600,000","154,600,000","116,900,000","32,400,000","50,100,000","118,700,000","93,600,000","44,400,000","63,500,000","109,300,000","78,900,000","28,700,000","41,500,000","65,700,000","62,000,000","37,700,000","45,300,000","84,000,000","70,800,000","34,200,000","40,900,000","56,500,000","47,700,000","19,200,000","21,200,000","34,200,000","34,200,000","14,100,000",,,,,,,,,,,,,,,
TotalUnusualItemsExcludingGoodwill,"-325,000,000",,"0","-325,000,000","0",,"0","0","-58,000,000",,,,,,,,,,,,,,,,,,,,,,,,,,,,,,,,,,,,,,,,"0",,,,,,,,,,,,,,,,,,,,,,"0","-10,000,000","-65,000,000","-30,000,000",,,,,,,,,,,,,,,,,,,,,,,,"1,100,000","900,000",,"1,500,000","4,700,000","6,700,000","5,200,000","4,000,000","3,600,000","4,500,000","2,100,000","4,500,000","4,800,000","5,500,000","3,700,000","400,000","1,100,000",,,,,,,,,,,,,,,,,,,,,,,,,,,,,,,,,,
TotalUnusualItems,"-325,000,000",,"0","-325,000,000","0",,"0","0","-58,000,000",,,,,,,,,,,,,,,,,,,,,,,,,,,,,,,,,,,,,,,,"0",,,,,,,,,,,,,,,,,,,,,,"0","-10,000,000","-65,000,000","-30,000,000",,,,,,,,,,,,,,,,,,,,,,,,"1,100,000","900,000",,"1,500,000","4,700,000","6,700,000","5,200,000","4,000,000","3,600,000","4,500,000","2,100,000","4,500,000","4,800,000","5,500,000","3,700,000","400,000","1,100,000",,,,,,,,,,,,,,,,,,,,,,,,,,,,,,,,,,
NormalizedEBITDA,"892,000,000","-66,000,000","142,000,000","282,000,000","534,000,000","361,000,000","263,000,000","301,000,000","201,000,000","-1,110,000,000","-96,000,000","368,000,000","429,000,000","460,000,000","537,000,000","516,000,000","545,000,000","375,000,000","545,000,000","521,000,000","596,000,000","395,000,000","447,000,000","538,000,000","436,000,000","371,000,000","512,000,000","559,000,000","516,000,000","535,000,000","674,000,000","696,000,000","706,000,000","576,000,000","662,000,000","708,000,000","655,000,000","665,000,000","742,000,000","657,000,000","568,000,000","540,000,000","522,000,000","495,000,000","480,000,000","538,000,000","753,000,000","665,000,000","565,000,000","661,000,000","753,000,000","669,000,000","557,000,000","498,000,000","544,000,000","535,000,000","515,000,000","522,000,000","558,000,000","508,000,000","358,000,000","394,000,000","475,000,000","397,000,000","324,000,000","508,000,000","713,000,000","491,000,000","555,000,000","611,000,000","788,000,000","629,000,000","628,000,000","765,000,000","784,614,000","630,096,000","568,418,000","559,872,000","624,582,000","498,725,000","369,653,000","300,545,000","181,547,000","211,219,000","354,326,000","400,910,000","616,707,000","466,845,000","439,776,000","511,798,000","798,800,000","613,300,000","417,400,000","423,400,000","599,500,000","471,100,000","297,400,000","290,300,000","418,500,000","335,300,000","177,900,000","182,100,000","327,800,000","262,300,000","154,100,000","180,300,000","297,000,000","240,600,000","94,800,000","118,600,000","229,900,000","190,100,000","114,300,000","141,800,000","218,600,000","167,800,000","81,400,000","99,700,000","138,900,000","131,300,000","90,000,000","97,200,000","161,600,000","135,300,000","74,600,000","85,100,000","112,400,000","94,400,000","44,900,000","48,100,000","84,600,000","68,000,000","32,500,000","309,900,000","-699,100,000","322,800,000","264,300,000","241,300,000","-573,800,000","273,600,000","217,800,000","211,100,000","-410,700,000","224,800,000","164,800,000","160,000,000","-352,500,000","187,400,000"
TaxRateForCalcs,"0.1","0.25","0.4","0.293","0.281","0.112","0.27","0.215","0.27","0.26","0.276","0.33","0.38","0.248","0.244","0.24","0.235","0.251","0.27","0.371","0.383","0.399","0.228","0.4","0.4","0.377","0.371","0.374","0.38","0.374","0.365","0.345","0.395","0.39","0.391","0.394","0.398","0.372","0.399","0.383","0.4","0.375","0.377","0.35","0.396","0.388","0.389","0.396","0.35","0.377","0.4","0.386","0.394","0.391","0.394","0.382","0.393","0.39","0.388","0.395","0.371","0.371","0.35","0.353","0.376","0.386","0.363","0.396","0.386","0.377","0.377","0.389","0.39","0.389","0.384","0.39","0.39","0.39","0.327","0.4","0.4","0.4","0.4","0.4","0.365","0.365","0.365","0.365","0.365","0.365","0.365","0.365","0.375","0.375","0.375","0.375","0.375","0.375","0.375","0.375","0.375","0.375","0.395","0.395","0.395","0.395","0.395","0.395","0.396","0.395","0.395","0.395","0.395","0.395","0.395","0.395","0.387","0.38","0.38","0.38","0.38","0.379","0.38","0.38","0.368","0.39","0.39","0.39","0.379","0.399","0.4","0.4","0.39",,,,,,,,,,,,,,,
TaxEffectOfUnusualItems,"-32,500,000","0","0","-95,225,000","0","0","0","0","-15,660,000","0","0","0","0","0","0","0","0","0","0","0","0","0","0","0","0","0","0","0","0","0","0","0","0","0","0","0","0","0","0","0","0","0","0","0","0","0","0","0","0","0","0","0","0","0","0","0","0","0","0","0","0","0","0","0","0","0","0","0","0","0","0","-3,894,009.217","-25,345,911.95","-11,682,974.56","0","0","0","0","0","0","0","0","0","0","0","0","0","0","0","0","0","0","0","0","0","0","0","412,310.519","337,402.146","0","562,500","1,762,935.508","2,646,855.124","2,054,234.234","1,580,882.353","1,422,386.953","1,778,169.014","829,347.826","1,779,850.746","1,895,652.174","2,174,223.128","1,461,344.538","158,038.147","434,127.741","0","0","0","0","0","0","0","0","0","0","0","0","0","0","0","0","0","0","0",,,,,,,,,,,,,,,