name,ttm,03/31/2022,12/31/2021,09/30/2021,06/30/2021,03/31/2021,12/31/2020,09/30/2020,06/30/2020,03/31/2020,12/31/2019,09/30/2019,06/30/2019,03/31/2019,12/31/2018,09/30/2018,06/30/2018,03/31/2018,12/31/2017,09/30/2017,06/30/2017,03/31/2017,12/31/2016,09/30/2016,06/30/2016,03/31/2016,12/31/2015,09/30/2015,06/30/2015,03/31/2015,12/31/2014,09/30/2014,06/30/2014,03/31/2014,12/31/2013,09/30/2013,06/30/2013,03/31/2013,12/31/2012,09/30/2012,06/30/2012,03/31/2012,12/31/2011,09/30/2011,06/30/2011,03/31/2011,12/31/2010,09/30/2010,06/30/2010,03/31/2010,12/31/2009,09/30/2009,06/30/2009,03/31/2009,12/31/2008,09/30/2008,06/30/2008,03/31/2008,12/31/2007,09/30/2007,06/30/2007,03/31/2007,12/31/2006,09/30/2006,06/30/2006,03/31/2006,12/31/2005,09/30/2005,06/30/2005,03/31/2005,12/31/2004,09/30/2004,06/30/2004,03/31/2004,12/31/2003,09/30/2003,06/30/2003,03/31/2003,12/31/2002,09/30/2002,06/30/2002,03/31/2002,12/31/2001,09/30/2001,06/30/2001,03/31/2001,12/31/2000,09/30/2000,06/30/2000,03/31/2000,12/31/1999,09/30/1999,06/30/1999,03/31/1999,12/31/1998,09/30/1998,06/30/1998,03/31/1998,12/31/1997,09/30/1997,06/30/1997,03/31/1997,12/31/1996,09/30/1996,06/30/1996,03/31/1996,12/31/1995,09/30/1995,06/30/1995,03/31/1995,12/31/1994,09/30/1994,06/30/1994,03/31/1994,12/31/1993,09/30/1993,06/30/1993,03/31/1993,12/31/1992,09/30/1992,06/30/1992,03/31/1992,12/31/1991,09/30/1991,06/30/1991,03/31/1991,12/31/1990,09/30/1990,06/30/1990,03/31/1990,12/31/1989,09/30/1989,06/30/1989,03/31/1989,12/31/1988,09/30/1988,06/30/1988,03/31/1988,12/31/1987,09/30/1987,06/30/1987,03/31/1987,12/31/1986,09/30/1986,06/30/1986,03/31/1986,12/31/1985,09/30/1985
TotalRevenue,"18,875,000,000","4,908,000,000","5,054,000,000","4,934,000,000","3,979,000,000","3,511,000,000","3,656,000,000","3,465,000,000","2,144,000,000","3,056,000,000","3,713,000,000","3,802,000,000","3,632,000,000","3,598,000,000","3,876,000,000","3,928,000,000","3,841,000,000","3,830,000,000","4,071,000,000","3,921,000,000","3,686,000,000","3,699,000,000","3,741,000,000","3,847,000,000","3,879,000,000","3,691,000,000","4,063,000,000","4,184,000,000","4,172,000,000","4,024,000,000","4,356,000,000","4,657,000,000","4,656,000,000","4,469,000,000","4,791,000,000","5,002,000,000","4,894,000,000","4,853,000,000","5,045,000,000","5,264,000,000","5,150,000,000","5,533,000,000","5,683,000,000","6,062,000,000","5,620,000,000","5,402,000,000","5,072,000,000","4,962,000,000","4,528,000,000","4,270,000,000","4,437,000,000","4,385,000,000","3,943,000,000","3,536,000,000","4,135,000,000","5,172,000,000","5,239,000,000","4,942,000,000","5,160,000,000","5,064,000,000","4,921,000,000","4,499,000,000","4,976,000,000","5,284,000,000","5,142,000,000","4,856,000,000","4,934,000,000","5,030,000,000","4,992,000,000","4,767,000,000","4,836,400,000","4,713,700,000","4,508,900,000","4,290,900,000","3,908,700,000","3,906,000,000","3,758,200,000","3,545,500,000","3,530,400,000","3,529,600,000","3,478,800,000","3,311,200,000","3,472,600,000","3,677,900,000","3,582,500,000","3,414,200,000","3,923,500,000","3,482,400,000","3,474,700,000","3,536,500,000","3,551,900,000","3,288,800,000","3,048,700,000","2,991,200,000","3,203,100,000","3,191,700,000","3,137,500,000","3,094,000,000","3,284,200,000","3,322,200,000","3,315,500,000","3,233,200,000","3,270,100,000","3,267,700,000","3,329,500,000","3,245,500,000","3,266,700,000","3,305,100,000","3,350,800,000","3,243,300,000","3,210,500,000","3,115,800,000","3,052,300,000","2,909,600,000","2,916,000,000","2,913,100,000","3,000,300,000","2,814,000,000","2,927,500,000","3,012,800,000","3,066,300,000","2,778,300,000","2,780,200,000","2,838,300,000","2,791,300,000","2,497,000,000","2,810,300,000","2,899,700,000","2,870,800,000","2,691,700,000","2,736,300,000","2,679,100,000","2,811,000,000","2,642,900,000","2,827,200,000","2,656,000,000","2,792,500,000","2,652,200,000","2,624,400,000","2,479,500,000","2,558,400,000","2,300,900,000","1,523,700,000","2,596,100,000","2,646,200,000","2,368,000,000","2,476,700,000","2,363,400,000"
	OperatingRevenue,"18,875,000,000","4,908,000,000","5,054,000,000","4,934,000,000","3,979,000,000","3,511,000,000","3,656,000,000","3,465,000,000","2,144,000,000","3,056,000,000","3,713,000,000","3,802,000,000","3,632,000,000","3,598,000,000","3,876,000,000","3,928,000,000","3,841,000,000","3,830,000,000","4,071,000,000","3,921,000,000","3,686,000,000","3,699,000,000","3,741,000,000","3,847,000,000","3,879,000,000","3,691,000,000","4,063,000,000","4,184,000,000","4,172,000,000","4,024,000,000","4,356,000,000","4,657,000,000","4,656,000,000","4,469,000,000","4,791,000,000","5,002,000,000","4,894,000,000","4,853,000,000","5,045,000,000","5,264,000,000","5,150,000,000","5,533,000,000","5,683,000,000","6,062,000,000","5,620,000,000","5,402,000,000","5,072,000,000","4,962,000,000","4,528,000,000","4,270,000,000","4,437,000,000","4,385,000,000","3,943,000,000","3,536,000,000","4,135,000,000","5,172,000,000","5,239,000,000","4,942,000,000","5,160,000,000","5,064,000,000","4,921,000,000","4,499,000,000","4,976,000,000","5,284,000,000","5,142,000,000","4,856,000,000","4,934,000,000","5,030,000,000","4,992,000,000","4,767,000,000","4,836,400,000","4,713,700,000","4,508,900,000","4,290,900,000","3,908,700,000","3,906,000,000","3,758,200,000","3,545,500,000","3,530,400,000","3,529,600,000","3,478,800,000","3,311,200,000","3,472,600,000","3,677,900,000","3,582,500,000","3,414,200,000","3,923,500,000","3,482,400,000","3,474,700,000","3,536,500,000","3,551,900,000","3,288,800,000","3,048,700,000","2,991,200,000","3,203,100,000","3,191,700,000","3,137,500,000","3,094,000,000","3,284,200,000","3,322,200,000","3,315,500,000","3,233,200,000","3,270,100,000","3,267,700,000","3,329,500,000","3,245,500,000","3,266,700,000","3,305,100,000","3,350,800,000","3,243,300,000","3,210,500,000","3,115,800,000","3,052,300,000","2,909,600,000","2,916,000,000","2,913,100,000","3,000,300,000","2,814,000,000","2,927,500,000","3,012,800,000","3,066,300,000","2,778,300,000","2,780,200,000","2,838,300,000","2,791,300,000","2,497,000,000","2,810,300,000","2,899,700,000","2,870,800,000","2,691,700,000","2,736,300,000","2,679,100,000","2,811,000,000","2,642,900,000","2,827,200,000","2,656,000,000","2,792,500,000","2,652,200,000","2,624,400,000","2,479,500,000","2,558,400,000","2,300,900,000","1,523,700,000","2,596,100,000","2,646,200,000","2,368,000,000","2,476,700,000","2,363,400,000"
CostOfRevenue,"14,907,000,000","3,966,000,000","3,969,000,000","3,894,000,000","3,078,000,000","2,751,000,000","2,794,000,000","2,775,000,000","2,216,000,000","2,552,000,000","2,903,000,000","2,965,000,000","2,855,000,000","2,879,000,000","3,008,000,000","3,028,000,000","2,949,000,000","2,976,000,000","3,093,000,000","3,069,000,000","2,792,000,000","2,765,000,000","2,722,000,000","2,736,000,000","2,813,000,000","2,701,000,000","3,071,000,000","3,000,000,000","3,027,000,000","3,066,000,000","3,340,000,000","3,516,000,000","3,532,000,000","3,518,000,000","3,690,000,000","3,946,000,000","3,846,000,000","3,940,000,000","4,100,000,000","4,315,000,000","4,141,000,000","4,607,000,000","4,815,000,000","4,973,000,000","4,572,000,000","4,461,000,000","4,190,000,000","4,120,000,000","3,686,000,000","3,456,000,000","3,581,000,000","3,523,000,000","3,353,000,000","3,219,000,000","3,666,000,000","4,316,000,000","4,196,000,000","3,961,000,000","4,161,000,000","4,051,000,000","3,967,000,000","3,741,000,000","4,528,000,000","4,329,000,000","4,250,000,000","3,899,000,000","4,000,000,000","4,008,000,000","3,945,000,000","3,819,000,000","3,878,300,000","3,766,600,000","3,582,800,000","3,465,700,000","3,336,400,000","3,186,600,000","3,051,000,000","2,924,400,000","2,910,500,000","2,854,900,000","2,787,400,000","2,761,100,000","2,927,500,000","2,994,300,000","2,749,500,000","2,625,200,000","3,087,600,000","2,709,800,000","2,581,400,000","2,628,200,000","2,632,100,000","2,624,400,000","2,315,300,000","2,197,900,000","2,343,200,000","2,348,400,000","2,286,700,000","2,206,800,000","2,388,900,000","2,431,300,000","2,411,500,000","2,344,900,000","2,360,600,000","2,390,300,000","2,445,400,000","2,369,600,000","2,383,500,000","2,345,600,000","2,443,000,000","2,382,200,000","2,343,500,000","2,262,200,000","2,161,500,000","2,096,700,000","2,114,400,000","2,067,300,000","2,125,800,000","2,012,300,000","2,159,100,000","2,279,100,000","2,207,800,000","1,994,700,000","2,018,700,000","2,041,900,000","2,062,500,000","1,866,600,000","2,043,300,000","2,213,300,000","2,151,600,000","1,973,300,000","1,942,600,000","1,955,100,000",,,,,,,,,,,,,,,,
GrossProfit,"3,968,000,000","942,000,000","1,085,000,000","1,040,000,000","901,000,000","760,000,000","862,000,000","690,000,000","-72,000,000","504,000,000","810,000,000","837,000,000","777,000,000","719,000,000","868,000,000","900,000,000","892,000,000","854,000,000","978,000,000","852,000,000","894,000,000","934,000,000","1,019,000,000","1,111,000,000","1,066,000,000","990,000,000","992,000,000","1,184,000,000","1,145,000,000","958,000,000","1,016,000,000","1,141,000,000","1,124,000,000","951,000,000","1,101,000,000","1,056,000,000","1,048,000,000","913,000,000","945,000,000","949,000,000","1,009,000,000","926,000,000","868,000,000","1,089,000,000","1,048,000,000","941,000,000","882,000,000","842,000,000","842,000,000","814,000,000","856,000,000","862,000,000","590,000,000","317,000,000","469,000,000","856,000,000","1,043,000,000","981,000,000","999,000,000","1,013,000,000","954,000,000","758,000,000","448,000,000","955,000,000","892,000,000","957,000,000","934,000,000","1,022,000,000","1,047,000,000","948,000,000","958,100,000","947,100,000","926,100,000","825,200,000","572,300,000","719,400,000","707,200,000","621,100,000","619,900,000","674,700,000","691,400,000","550,100,000","545,100,000","683,600,000","833,000,000","789,000,000","835,900,000","772,600,000","893,300,000","908,300,000","919,800,000","664,400,000","733,400,000","793,300,000","859,900,000","843,300,000","850,800,000","887,200,000","895,300,000","890,900,000","904,000,000","888,300,000","909,500,000","877,400,000","884,100,000","875,900,000","883,200,000","959,500,000","907,800,000","861,100,000","867,000,000","853,600,000","890,800,000","812,900,000","801,600,000","845,800,000","874,500,000","801,700,000","768,400,000","733,700,000","858,500,000","783,600,000","761,500,000","796,400,000","728,800,000","630,400,000","767,000,000","686,400,000","719,200,000","718,400,000","793,700,000","724,000,000",,,,,,,,,,,,,,,,
OperatingExpense,"2,823,000,000","688,000,000","750,000,000","727,000,000","658,000,000","564,000,000","605,000,000","555,000,000","451,000,000","581,000,000","618,000,000","572,000,000","586,000,000","547,000,000","580,000,000","553,000,000","588,000,000","591,000,000","584,000,000","556,000,000","583,000,000","579,000,000","600,000,000","599,000,000","593,000,000","615,000,000","725,000,000","633,000,000","648,000,000","608,000,000","702,000,000","653,000,000","698,000,000","667,000,000","736,000,000","686,000,000","691,000,000","645,000,000","707,000,000","652,000,000","723,000,000","677,000,000","827,000,000","677,000,000","799,000,000","668,000,000","939,000,000","648,000,000","676,000,000","607,000,000","433,000,000","633,000,000","750,000,000","588,000,000","603,000,000","627,000,000","735,000,000","648,000,000","737,000,000","670,000,000","692,000,000","663,000,000","629,000,000","671,000,000","693,000,000","678,000,000","736,000,000","707,000,000","746,000,000","686,000,000","757,400,000","700,400,000","689,700,000","684,900,000","601,500,000","596,900,000","596,500,000","590,100,000","910,300,000","556,500,000","557,800,000","529,400,000","567,100,000","568,000,000","728,400,000","708,300,000","729,700,000","704,700,000","713,100,000","720,100,000","769,400,000","655,600,000","595,100,000","578,300,000","634,700,000","592,900,000","557,900,000","583,400,000","611,300,000","579,800,000","584,600,000","583,100,000","594,200,000","590,600,000","583,500,000","582,600,000","619,000,000","682,800,000","585,700,000","588,700,000","627,700,000","592,200,000","576,700,000","569,100,000","683,000,000","581,200,000","609,800,000","584,400,000","701,600,000","503,500,000","601,100,000","609,500,000","652,600,000","603,000,000","606,500,000","647,400,000","685,000,000","699,600,000","658,300,000","589,500,000","516,800,000","559,400,000",,,,,,,,,,,,,,,,
	SellingGeneralAndAdministration,"2,823,000,000","688,000,000","750,000,000","727,000,000","658,000,000","564,000,000","605,000,000","555,000,000","451,000,000","581,000,000","618,000,000","572,000,000","586,000,000","547,000,000","580,000,000","553,000,000","588,000,000","591,000,000","584,000,000","556,000,000","583,000,000","579,000,000","600,000,000","599,000,000","593,000,000","615,000,000","725,000,000","633,000,000","648,000,000","608,000,000","702,000,000","653,000,000","698,000,000","667,000,000","736,000,000","686,000,000","691,000,000","645,000,000","707,000,000","652,000,000","723,000,000","677,000,000","827,000,000","677,000,000","799,000,000","668,000,000","939,000,000","648,000,000","676,000,000","607,000,000","433,000,000","633,000,000","750,000,000","588,000,000","603,000,000","627,000,000","735,000,000","648,000,000","737,000,000","670,000,000","692,000,000","663,000,000","629,000,000","671,000,000","693,000,000","678,000,000","736,000,000","707,000,000","746,000,000","686,000,000","757,400,000","700,400,000","689,700,000","684,900,000","601,500,000","596,900,000","596,500,000","590,100,000","580,200,000","556,500,000","557,800,000","529,400,000","567,100,000","568,000,000","565,800,000","547,900,000","575,100,000","549,200,000","553,300,000","559,700,000","581,300,000","515,400,000","475,200,000","444,800,000","498,700,000","471,500,000","451,900,000","459,000,000","492,900,000","466,300,000","463,300,000","467,000,000","488,600,000","461,400,000","469,100,000","471,000,000","505,300,000","470,000,000","478,100,000","483,500,000","518,000,000","492,000,000","477,800,000","470,400,000","583,200,000","483,500,000","511,000,000","487,500,000","589,800,000","503,500,000","490,900,000","500,400,000","538,900,000","493,700,000","498,900,000","539,700,000","582,400,000","595,500,000","557,600,000","490,300,000","404,300,000","469,100,000",,,,,,,,,,,,,,,,
		GeneralAndAdministrativeExpense,,,,,,,,,,,"618,000,000","572,000,000","586,000,000","547,000,000","580,000,000","553,000,000","588,000,000","591,000,000","584,000,000","556,000,000","583,000,000","579,000,000","600,000,000","599,000,000","593,000,000","615,000,000","725,000,000","633,000,000","648,000,000","608,000,000","702,000,000","653,000,000","698,000,000","667,000,000","736,000,000","686,000,000","691,000,000","645,000,000",,,,,,,,,,,,,,,,,,,,,,,,,,,,,,,,,,,,,,,,,,,,,,,,,,,,,,,,,,,,,,,,,,,,,,,,,,,,,,,,,,,,,,,,,,,,,,,,,,,,,,,,,,,,,,
			OtherGandA,,,,,,,,,,,"618,000,000","572,000,000","586,000,000","547,000,000","580,000,000","553,000,000","588,000,000","591,000,000","584,000,000","556,000,000","583,000,000","579,000,000","600,000,000","599,000,000","593,000,000","615,000,000","725,000,000","633,000,000","648,000,000","608,000,000","702,000,000","653,000,000","698,000,000","667,000,000","736,000,000","686,000,000","691,000,000","645,000,000",,,,,,,,,,,,,,,,,,,,,,,,,,,,,,,,,,,,,,,,,,,,,,,,,,,,,,,,,,,,,,,,,,,,,,,,,,,,,,,,,,,,,,,,,,,,,,,,,,,,,,,,,,,,,,
	DepreciationAmortizationDepletionIncomeStatement,,,,,,,,,,,,,,,,,,,,,,,,,,,,,,,,,,,,,,,,,,,,,,,,,,,,,,,,,,,,,,,,,,,,,,,,,,,,,,,,,,,,,"162,600,000","160,400,000","154,600,000","155,500,000","159,800,000","160,400,000","188,100,000","140,200,000","119,900,000","133,500,000","136,000,000","121,400,000","106,000,000","124,400,000","118,400,000","113,500,000","121,300,000","116,100,000","105,600,000","129,200,000","114,400,000","111,600,000","113,700,000","212,800,000","107,600,000","105,200,000","109,700,000","100,200,000","98,900,000","98,700,000","99,800,000","97,700,000","98,800,000","96,900,000","111,800,000",,"110,200,000","109,100,000","113,700,000","109,300,000","107,600,000","107,700,000","102,600,000","104,100,000","100,700,000","99,200,000","112,500,000","90,300,000",,,,,,,,,,,,,,,,
		DepreciationAndAmortizationInIncomeStatement,,,,,,,,,,,,,,,,,,,,,,,,,,,,,,,,,,,,,,,,,,,,,,,,,,,,,,,,,,,,,,,,,,,,,,,,,,,,,,,,,,,,,"162,600,000","160,400,000","154,600,000","155,500,000","159,800,000","160,400,000","188,100,000","140,200,000","119,900,000","133,500,000","136,000,000","121,400,000","106,000,000","124,400,000","118,400,000","113,500,000","121,300,000","116,100,000","105,600,000","129,200,000","114,400,000","111,600,000","113,700,000","212,800,000","107,600,000","105,200,000","109,700,000","100,200,000","98,900,000","98,700,000","99,800,000","97,700,000","98,800,000","96,900,000","111,800,000",,"110,200,000","109,100,000","113,700,000","109,300,000","107,600,000","107,700,000","102,600,000","104,100,000","100,700,000","99,200,000","112,500,000","90,300,000",,,,,,,,,,,,,,,,
	OtherOperatingExpenses,,,,,,,,,,,"78,000,000","23,000,000","6,000,000","109,000,000","10,000,000","10,000,000","-5,000,000","38,000,000","33,000,000","43,000,000","28,000,000","31,000,000","3,000,000","137,000,000","34,000,000","9,000,000","41,000,000","-23,000,000","50,000,000","21,000,000","19,000,000","19,000,000","35,000,000","47,000,000","20,000,000","25,000,000","18,000,000","10,000,000",,,,,,,,,,,,,,,,,,,,,,,,,,,,,,,,,,,,,,,,,,,,,,,,,,,,,,,,,,,,,,,,,,,,,,,,,,,,,,,,,,,,,,,,,,,,,,,,,,,,,,,,,,,,,,
OperatingIncome,"1,145,000,000","254,000,000","335,000,000","313,000,000","243,000,000","196,000,000","257,000,000","135,000,000","-523,000,000","-77,000,000","192,000,000","265,000,000","191,000,000","172,000,000","288,000,000","347,000,000","304,000,000","263,000,000","394,000,000","296,000,000","311,000,000","355,000,000","419,000,000","512,000,000","473,000,000","375,000,000","267,000,000","551,000,000","497,000,000","350,000,000","314,000,000","488,000,000","426,000,000","284,000,000","365,000,000","370,000,000","357,000,000","268,000,000","238,000,000","297,000,000","286,000,000","249,000,000","41,000,000","412,000,000","249,000,000","273,000,000","-57,000,000","194,000,000","166,000,000","207,000,000","423,000,000","229,000,000","-160,000,000","-271,000,000","-134,000,000","229,000,000","308,000,000","333,000,000","262,000,000","343,000,000","262,000,000","95,000,000","-181,000,000","284,000,000","199,000,000","279,000,000","198,000,000","315,000,000","301,000,000","262,000,000","200,700,000","246,700,000","236,400,000","140,300,000","-29,200,000","122,500,000","110,700,000","31,000,000","-290,400,000","118,200,000","133,600,000","20,700,000","-22,000,000","115,600,000","104,600,000","80,700,000","106,200,000","67,900,000","180,200,000","188,200,000","150,400,000","8,800,000","138,300,000","215,000,000","225,200,000","250,400,000","292,900,000","303,800,000","284,000,000","311,100,000","319,400,000","305,200,000","315,300,000","286,800,000","300,600,000","293,300,000","264,200,000","276,700,000","322,100,000","272,400,000","239,300,000","261,400,000","314,100,000","243,800,000","118,600,000","264,600,000","264,700,000","217,300,000","66,800,000","230,200,000","257,400,000","174,100,000","108,900,000","193,400,000","122,300,000","-17,000,000","82,000,000","-13,200,000","60,900,000","128,900,000","276,900,000","164,600,000","2,811,000,000","2,642,900,000","-7,208,900,000","2,656,000,000","2,792,500,000","2,652,200,000","-6,385,100,000","2,479,500,000","2,558,400,000","2,300,900,000","-7,071,500,000","2,596,100,000","2,646,200,000","2,368,000,000","-6,628,000,000","2,363,400,000"
NetNonOperatingInterestIncomeExpense,"-379,000,000","-106,000,000","-108,000,000","-105,000,000","-61,000,000","-81,000,000","-81,000,000","-91,000,000","-87,000,000","-77,000,000","-74,000,000","-91,000,000","-94,000,000","-90,000,000","-52,000,000","-85,000,000","-85,000,000","-81,000,000","-79,000,000","-89,000,000","-118,000,000","-91,000,000","-92,000,000","-93,000,000","-152,000,000","-103,000,000","-161,000,000","-109,000,000","-117,000,000","-114,000,000","-139,000,000","-121,000,000","-104,000,000","-113,000,000","-97,000,000","-108,000,000","-109,000,000","-93,000,000","-95,000,000","-96,000,000","-79,000,000","-101,000,000","-93,000,000","-89,000,000","-78,000,000","-71,000,000","-72,000,000","-87,000,000","-75,000,000","-71,000,000","-66,000,000","-85,000,000","-76,000,000","-60,000,000",,,,,,,,,,,,,,,,,,,,,,,,,,,,,,,,,,,,,,,,,,,,,,,,,,,,,,,,,,,,,,,,,,,,,,,,,,,,,,,,,,,,,,,,,,,,,,
	InterestIncomeNonOperating,"72,000,000","5,000,000","7,000,000","6,000,000","53,000,000","5,000,000","5,000,000","3,000,000","3,000,000","3,000,000","13,000,000","5,000,000","4,000,000","3,000,000","42,000,000","6,000,000","2,000,000","4,000,000","3,000,000","3,000,000","3,000,000","4,000,000","3,000,000","4,000,000","4,000,000","4,000,000","6,000,000","7,000,000","4,000,000","5,000,000","5,000,000","4,000,000","13,000,000","6,000,000","23,000,000","6,000,000","7,000,000","5,000,000","5,000,000","4,000,000","4,000,000",,"4,000,000","6,000,000","3,000,000","3,000,000","3,000,000","3,000,000","2,000,000","3,000,000",,,"3,000,000","4,000,000",,,,,,,,,,,,,,,,,,,,,,,,,,,,,,,,,,,,,,,,,,,,,,,,,,,,,,,,,,,,,,,,,,,,,,,,,,,,,,,,,,,,,,,,,,,,,,
	InterestExpenseNonOperating,"412,000,000","104,000,000","107,000,000","104,000,000","97,000,000","79,000,000","78,000,000","88,000,000","85,000,000","73,000,000","79,000,000","88,000,000","88,000,000","85,000,000","85,000,000","82,000,000","78,000,000","76,000,000","75,000,000","84,000,000","89,000,000","87,000,000","87,000,000","90,000,000","104,000,000","91,000,000","101,000,000","102,000,000","106,000,000","103,000,000","113,000,000","108,000,000","102,000,000","105,000,000","105,000,000","100,000,000","102,000,000","85,000,000","87,000,000","86,000,000","83,000,000","101,000,000","89,000,000","86,000,000","81,000,000","74,000,000","75,000,000","90,000,000","77,000,000","74,000,000","83,000,000","85,000,000","79,000,000","64,000,000",,,,,,,,,,,,,,,,,,,,,,,,,,,,,,,,,,,,,,,,,,,,,,,,,,,,,,,,,,,,,,,,,,,,,,,,,,,,,,,,,,,,,,,,,,,,,,
	TotalOtherFinanceCost,"39,000,000","7,000,000","8,000,000","7,000,000","17,000,000","7,000,000","8,000,000","6,000,000","5,000,000","7,000,000","8,000,000","8,000,000","10,000,000","8,000,000","9,000,000","9,000,000","9,000,000","9,000,000","7,000,000","8,000,000","32,000,000","8,000,000","8,000,000","7,000,000","52,000,000","16,000,000","66,000,000","14,000,000","15,000,000","16,000,000","31,000,000","17,000,000","15,000,000","14,000,000","15,000,000","14,000,000","14,000,000","13,000,000","13,000,000","14,000,000",,,"8,000,000","9,000,000",,,,,,,,,,,,,,,,,,,,,,,,,,,,,,,,,,,,,,,,,,,,,,,,,,,,,,,,,,,,,,,,,,,,,,,,,,,,,,,,,,,,,,,,,,,,,,,,,,,,,,,,
OtherIncomeExpense,"-152,000,000","-14,000,000","-32,000,000","-21,000,000","-84,000,000","-82,000,000","-49,000,000","-54,000,000","-279,000,000","-214,000,000","-106,000,000","-53,000,000","-15,000,000","-120,000,000","-34,000,000","251,000,000","-36,000,000","-69,000,000","-28,000,000","-45,000,000","-3,000,000","-25,000,000","2,000,000","-109,000,000","-20,000,000","-5,000,000","-616,000,000","-11,000,000","-52,000,000","123,000,000","-49,000,000","-68,000,000","-30,000,000","-201,000,000","-10,000,000","-13,000,000","8,000,000","-125,000,000","-111,000,000","-15,000,000","-41,000,000","-92,000,000",,"-18,000,000","-51,000,000","-16,000,000","-16,000,000","-65,000,000","-9,000,000","-107,000,000","-218,000,000","-4,000,000","-35,000,000","-34,000,000","-201,000,000","-38,000,000","-65,000,000","-23,000,000","239,000,000","-5,000,000","-72,000,000","5,000,000","-9,000,000","-155,000,000","-46,000,000","-33,000,000","-90,000,000","26,000,000","-13,000,000","-18,000,000","93,400,000","-77,000,000","-49,800,000","-78,200,000","-298,500,000","-149,400,000","-74,900,000","-102,000,000","-4,100,000","11,700,000","-8,800,000","-31,800,000","-174,500,000","-23,500,000","-7,100,000","-67,700,000","-157,400,000","-2,700,000","-12,400,000","-9,000,000","-15,200,000","154,400,000","2,800,000","-138,100,000","-7,300,000","44,600,000","13,100,000","59,300,000","-253,700,000","2,800,000","-200,000","-4,500,000","-917,000,000","11,300,000","19,600,000","-15,900,000","200,000","-1,100,000","-9,700,000","-27,800,000","200,000","8,300,000","-27,400,000","-43,400,000","101,500,000","-4,200,000","25,900,000","-14,100,000","137,400,000","-5,200,000","9,000,000","16,300,000","131,800,000","1,300,000","33,400,000","33,900,000","69,600,000","46,200,000","26,400,000","14,400,000","-123,500,000","43,600,000",,,,,,,,,,,,,,,,
	GainOnSaleOfSecurity,"-20,000,000","-2,000,000","-20,000,000","2,000,000",,"-11,000,000","4,000,000","8,000,000","-4,000,000","1,000,000","7,000,000","-3,000,000","11,000,000","7,000,000","9,000,000","2,000,000","-2,000,000","7,000,000","3,000,000","1,000,000","2,000,000","1,000,000","9,000,000","1,000,000","1,000,000","2,000,000","-15,000,000","-33,000,000","-13,000,000","-16,000,000","-57,000,000","-31,000,000","2,000,000","-153,000,000","-2,000,000","2,000,000","5,000,000","-123,000,000","-6,000,000","-3,000,000","-6,000,000",,"-14,000,000","-4,000,000","-6,000,000",,,,,,,,,,,,,,,,,,,,,,,,,,,,,,,,,,,,,,,,,,,,,,,,,,,,,,,,,,,,,,,,,,,,,,,,,,,,,,,,,,,,,,,,,,,,,,,,,,,,,,,
	EarningsFromEquityInterest,,,,,,,,,,,,,,,,,,,,,,,,,,,,,,,,,,,,,,,,,,,,,,,,,,,,,,,,,,,"5,000,000","1,000,000","1,000,000",,,"-1,000,000","2,000,000","5,000,000",,,,"3,000,000","2,600,000","2,100,000","1,900,000","1,800,000","-7,100,000","-600,000","-4,400,000","-2,500,000","-800,000","-2,000,000","-1,400,000","-4,600,000","-26,600,000","-4,800,000","-4,100,000","-5,100,000",,,,,,,,,,,,,,,,,,,,,,,,,,,,,,,,,,,,,,,,,,,,,,,,,,,,,,,,,,,,,,
	SpecialIncomeCharges,"-30,000,000","-7,000,000","-2,000,000","-3,000,000","-18,000,000","-50,000,000","-26,000,000","-25,000,000","-250,000,000","-190,000,000","-66,000,000","-22,000,000","-3,000,000","-98,000,000","-4,000,000","-4,000,000","4,000,000","-39,000,000","-33,000,000","-45,000,000","-15,000,000","-28,000,000","-13,000,000","-108,000,000","-48,000,000","-10,000,000","-598,000,000","-30,000,000","-45,000,000","-17,000,000","-8,000,000","-22,000,000","-19,000,000","-43,000,000","-15,000,000","-18,000,000","-8,000,000","-9,000,000","-106,000,000","-12,000,000","-35,000,000","-92,000,000","73,000,000","-14,000,000","-45,000,000","-16,000,000","-16,000,000","-65,000,000","-9,000,000","-107,000,000","-218,000,000","-4,000,000","-35,000,000","-34,000,000","-201,000,000","-38,000,000","-65,000,000","-23,000,000","-88,000,000","-6,000,000","-73,000,000","5,000,000","-3,000,000","-154,000,000","-48,000,000","-38,000,000","-90,000,000","26,000,000","-13,000,000","-21,000,000","90,800,000","-79,100,000","-51,700,000","-80,000,000","-291,400,000","-148,800,000","-70,500,000","-99,500,000","-3,300,000","13,700,000","-7,400,000","-27,200,000","-147,900,000","-18,700,000","-3,000,000","-62,600,000","-135,000,000","-2,700,000","-12,400,000","-9,000,000","-15,200,000","154,400,000","2,800,000","-138,100,000","-7,300,000","44,600,000","13,100,000","59,300,000","-253,700,000","2,800,000","-200,000","-4,500,000","-917,000,000","11,300,000","19,600,000","-15,900,000","200,000","-1,100,000","-9,700,000","-27,800,000","200,000","8,300,000","-27,400,000","-43,400,000","101,500,000","-4,200,000","25,900,000","-14,100,000","137,400,000","-5,200,000","9,000,000","16,300,000","131,800,000","1,300,000","33,400,000","33,900,000","69,600,000","46,200,000","26,400,000","14,400,000","-123,500,000","43,600,000",,,,,,,,,,,,,,,,
		RestructuringAndMergernAcquisition,"54,000,000","11,000,000","12,000,000","13,000,000","18,000,000","50,000,000","26,000,000","25,000,000","99,000,000","9,000,000","77,000,000","21,000,000","4,000,000","103,000,000","4,000,000","5,000,000","-2,000,000","37,000,000","33,000,000","46,000,000","27,000,000","29,000,000","16,000,000","135,000,000","48,000,000","11,000,000","32,000,000","20,000,000","46,000,000","16,000,000","15,000,000","15,000,000","24,000,000","41,000,000","17,000,000","21,000,000","13,000,000","7,000,000","108,000,000","26,000,000",,,,"25,000,000",,"9,000,000",,,,,,,"136,000,000",,,,,,,,,,,"138,000,000",,,,,,,,,,,,,,,,,,,,,,,,,,,,,,,,,,,,,,,,,,,,,,,,,,,,,,,,,,,,,,,,,,,,,,,,,,,,,,,,,,,,
		ImpairmentOfCapitalAssets,,,"0","0","0","0","0","0","148,000,000","182,000,000",,,,,,,,,,,,,,,,,,,,,,,,,,,,,,,,,,,,,,,,,,,,,,,,,,,,,,,,,,,,,,,,,,,,,,,,,,,,,,,,,,,,,,,,,,,,,,,,,,,,,,,,,,,,,,,,,,,,,,,,,,,,,,,,,,,,,,,,,,
		OtherSpecialCharges,,,,,,,,,,,,,,,,,,,,,,,,,,,,,,,,,,,,,,,,"-14,000,000",,"92,000,000","7,000,000","-11,000,000",,"7,000,000",,,"9,000,000","107,000,000",,,"32,000,000",,,,,,,,,,,"16,000,000",,,,,,,,,,,,,,,,,,,,,,,,,,,,,,,,,,,,,,,,,,,,,,,,,,,,,,,,,,,,,,,,,,,,,,,,,,,,,,,,,,,,
		GainOnSaleOfBusiness,,,,,,,,,,,,,,,,,,,,,,,"0",,,,"-646,000,000",,,,,,,,,,,,,,,,,,,,,,,,,,,,,,,,,,,,,,,,,,,,,,,,,,,,,,,,,,,,,,,,,,,,,,,,,,,,,,,,,,,,,,,,,,,,,,,,,,,,,,,,,,,,,,,,,,,,,,,,,
		GainOnSaleOfPPE,"24,000,000","4,000,000","10,000,000","10,000,000","0","0","0","0","-3,000,000","1,000,000","11,000,000","-1,000,000","1,000,000","5,000,000","0","1,000,000","2,000,000","-2,000,000","0","1,000,000","12,000,000","1,000,000","3,000,000","27,000,000","0","1,000,000","80,000,000","-10,000,000","1,000,000","-1,000,000","7,000,000","-7,000,000","5,000,000","-2,000,000","2,000,000","3,000,000","5,000,000","-2,000,000",,,,,,,,,,,,,,,,,,,,,,,,,,,,,,,,,,,,,,,,,,,,,,,,,,,,,,,,,,,,,,,,,,,,,,,,,,,,,,,,,,,,,,,,,,,,,,,,,,,,,,,,,,,,,,
	OtherNonOperatingIncomeExpenses,"-102,000,000","-5,000,000","-10,000,000","-20,000,000","-66,000,000","-21,000,000","-27,000,000","-37,000,000","-25,000,000","-25,000,000","-47,000,000","-28,000,000","-23,000,000","-29,000,000","-39,000,000","253,000,000","-38,000,000","-37,000,000","2,000,000","-1,000,000","10,000,000","2,000,000","6,000,000","-2,000,000","27,000,000","3,000,000","-3,000,000","52,000,000","6,000,000","156,000,000","16,000,000","-15,000,000","-13,000,000","-5,000,000","7,000,000","3,000,000","11,000,000","7,000,000",,,,,,,,,,,,,,,,,,,,,,,,,,,,,,,,,,,,,,,,,,,,,,,,,,,,,,,,,,,,,,,,,,,,,,,,,,,,,,,,,,,,,,,,,,,,,,,,,,,,,,,,,,,,,,
PretaxIncome,"614,000,000","134,000,000","195,000,000","187,000,000","98,000,000","33,000,000","127,000,000","-10,000,000","-889,000,000","-368,000,000","12,000,000","121,000,000","82,000,000","-38,000,000","202,000,000","513,000,000","183,000,000","113,000,000","287,000,000","162,000,000","190,000,000","239,000,000","329,000,000","310,000,000","301,000,000","267,000,000","-510,000,000","431,000,000","328,000,000","359,000,000","126,000,000","299,000,000","292,000,000","-30,000,000","258,000,000","249,000,000","256,000,000","50,000,000","32,000,000","186,000,000","166,000,000","56,000,000","7,000,000","305,000,000","120,000,000","186,000,000","-145,000,000","42,000,000","82,000,000","29,000,000","139,000,000","140,000,000","-271,000,000","-365,000,000","-349,000,000","118,000,000","167,000,000","250,000,000","177,000,000","254,000,000","80,000,000","-47,000,000","-245,000,000","18,000,000","54,000,000","151,000,000","-13,000,000","213,000,000","154,000,000","135,000,000","189,900,000","65,400,000","85,700,000","-21,200,000","-399,600,000","-106,400,000","-51,700,000","-135,000,000","-37,900,000","56,400,000","49,200,000","85,600,000","-235,100,000","11,300,000","14,300,000","-63,500,000","-110,200,000","-18,500,000","87,000,000","100,500,000","62,100,000","104,900,000","95,000,000","34,700,000","169,900,000","243,900,000","264,900,000","324,000,000","-6,800,000","273,600,000","275,000,000","258,200,000","-638,700,000","254,000,000","273,500,000","233,500,000","221,800,000","231,500,000","267,400,000","205,100,000","203,300,000","229,600,000","247,200,000","163,000,000","178,500,000","214,200,000","239,300,000","152,900,000","149,400,000","165,900,000","192,800,000","121,800,000","162,200,000","108,100,000","70,800,000","-70,400,000","61,300,000","-49,000,000","1,700,000","41,900,000","45,000,000","144,000,000",,,,,,,,,,,,,,,,
TaxProvision,"-244,000,000","38,000,000","-362,000,000","53,000,000","27,000,000","15,000,000","60,000,000","-13,000,000","-186,000,000","249,000,000","411,000,000","31,000,000","26,000,000","6,000,000","92,000,000","159,000,000","19,000,000","33,000,000","377,000,000","30,000,000","36,000,000","70,000,000","-238,000,000","-10,000,000","93,000,000","78,000,000","-137,000,000","126,000,000","120,000,000","123,000,000","-2,002,000,000","100,000,000","60,000,000","8,000,000","2,000,000","54,000,000","63,000,000","19,000,000","39,000,000","53,000,000","63,000,000","48,000,000","-19,000,000","94,000,000","64,000,000","62,000,000","21,000,000","55,000,000","43,000,000","53,000,000","4,000,000","38,000,000","-18,000,000","-17,000,000","-8,000,000","66,000,000","74,000,000","77,000,000","46,000,000","95,000,000","51,000,000","63,000,000","-89,000,000","66,000,000","52,000,000","77,000,000","27,000,000","71,000,000","85,000,000","67,000,000","62,800,000","28,900,000","60,600,000","55,700,000","70,100,000","-500,000","21,900,000","28,300,000","1,067,300,000","22,700,000","20,300,000","-22,400,000","-61,100,000","2,000,000","6,500,000","-16,800,000","-33,800,000","-11,900,000","27,300,000","36,900,000","21,300,000","-4,200,000","29,300,000","9,200,000","48,400,000","58,900,000","65,900,000","112,500,000","-8,800,000","79,500,000","82,800,000","87,800,000","-230,500,000","83,800,000","85,600,000","81,700,000","75,400,000","74,000,000","93,600,000","71,800,000","66,800,000","78,300,000","84,000,000","69,600,000","65,300,000","78,000,000","87,100,000","65,800,000","61,400,000","62,600,000","83,100,000","55,500,000","62,900,000","55,800,000","48,300,000","19,700,000","49,700,000","7,400,000","11,700,000","25,400,000","47,700,000","73,500,000",,,,,,,,,,,,,,,,
NetIncomeCommonStockholders,"848,000,000","96,000,000","553,000,000","132,000,000","67,000,000","12,000,000","63,000,000","-2,000,000","-696,000,000","-619,000,000","-392,000,000","88,000,000","54,000,000","-61,000,000","110,000,000","351,000,000","157,000,000","75,000,000","-96,000,000","129,000,000","147,000,000","166,000,000","561,000,000","317,000,000","202,000,000","184,000,000","-380,000,000","271,000,000","192,000,000","224,000,000","2,129,000,000","161,000,000","213,000,000","-58,000,000","228,000,000","166,000,000","181,000,000","26,000,000","0","110,000,000","85,000,000","-11,000,000","18,000,000","161,000,000","40,000,000","103,000,000","-177,000,000","-20,000,000","28,000,000","-47,000,000","107,000,000","72,000,000","-221,000,000","-333,000,000","-330,000,000","31,000,000","75,000,000","147,000,000","52,000,000","668,000,000","56,000,000","-174,000,000","-358,000,000","-48,000,000","2,000,000","74,000,000","-51,000,000","142,000,000","69,000,000","68,000,000","127,100,000","36,500,000","25,100,000","-76,900,000","-469,700,000","-105,900,000","-73,600,000","-163,300,000","-1,105,200,000","33,700,000","28,900,000","-63,200,000","-174,000,000","9,300,000","7,800,000","-46,700,000","-76,400,000","-6,600,000","59,700,000","63,600,000","40,800,000","109,100,000","65,700,000","25,500,000","121,500,000","185,000,000","199,000,000","176,800,000","2,000,000","194,100,000","192,200,000","170,400,000","-408,200,000","170,200,000","187,900,000","151,800,000","146,400,000","157,500,000","173,800,000","133,300,000","136,500,000","151,300,000","163,200,000","-1,647,500,000","26,900,000","136,200,000","137,600,000","87,100,000","-937,900,000","103,300,000","109,700,000","66,300,000","99,300,000","52,300,000","22,500,000","-90,100,000","11,600,000","-56,400,000","-10,000,000","16,500,000","-2,700,000","70,500,000",,,,,,,,,,,,,,,,
	NetIncome,"848,000,000","96,000,000","553,000,000","132,000,000","67,000,000","12,000,000","63,000,000","-2,000,000","-696,000,000","-619,000,000","-392,000,000","88,000,000","54,000,000","-61,000,000","110,000,000","351,000,000","157,000,000","75,000,000","-96,000,000","129,000,000","147,000,000","166,000,000","561,000,000","317,000,000","202,000,000","184,000,000","-380,000,000","271,000,000","192,000,000","224,000,000","2,129,000,000","161,000,000","213,000,000","-51,000,000","235,000,000","173,000,000","188,000,000","33,000,000","7,000,000","117,000,000","92,000,000","-4,000,000","25,000,000","168,000,000","47,000,000","103,000,000","-177,000,000","-20,000,000","28,000,000","-47,000,000","107,000,000","72,000,000","-221,000,000","-333,000,000","-330,000,000","31,000,000","75,000,000","147,000,000","52,000,000","668,000,000","56,000,000","-174,000,000","-358,000,000","-48,000,000","2,000,000","74,000,000","-51,000,000","142,000,000","69,000,000","68,000,000","127,100,000","36,500,000","25,100,000","-76,900,000","-469,700,000","-105,900,000","-73,600,000","-163,300,000","-1,105,200,000","33,700,000","28,900,000","-63,200,000","-174,000,000","9,300,000","7,800,000","-46,700,000","-76,400,000","-6,600,000","59,700,000","63,600,000","40,800,000","109,100,000","65,700,000","25,500,000","121,500,000","185,000,000","199,000,000","176,800,000","2,000,000","194,100,000","192,200,000","170,400,000","-408,200,000","170,200,000","187,900,000","151,800,000","146,400,000","157,500,000","173,800,000","133,300,000","136,500,000","151,300,000","163,200,000","-1,647,500,000","26,900,000","136,200,000","137,600,000","87,100,000","-937,900,000","103,300,000","109,700,000","66,300,000","99,300,000","52,300,000","22,500,000","-90,100,000","11,600,000","-56,400,000","-10,000,000","16,500,000","-2,700,000","70,500,000",,,,,,,,,,,,,,,,
		NetIncomeIncludingNoncontrollingInterests,"858,000,000","96,000,000","557,000,000","134,000,000","71,000,000","18,000,000","67,000,000","3,000,000","-703,000,000","-617,000,000","-399,000,000","90,000,000","56,000,000","-44,000,000","110,000,000","354,000,000","164,000,000","80,000,000","-90,000,000","132,000,000","154,000,000","169,000,000","567,000,000","320,000,000","208,000,000","189,000,000","-373,000,000","305,000,000","208,000,000","236,000,000","2,128,000,000","199,000,000","232,000,000","-38,000,000","256,000,000","195,000,000","193,000,000","31,000,000","-7,000,000","133,000,000","103,000,000","8,000,000","26,000,000","211,000,000","56,000,000","124,000,000","-166,000,000","-13,000,000","39,000,000","-24,000,000","135,000,000","102,000,000","-253,000,000","-348,000,000","-395,000,000","52,000,000","93,000,000","173,000,000","70,000,000","682,000,000","72,000,000","-152,000,000","-289,000,000","-29,000,000","13,000,000","86,000,000","-35,000,000","167,000,000","102,000,000","89,000,000","140,500,000","54,800,000","45,400,000","-70,600,000","-466,500,000","-99,100,000","-61,500,000","-151,900,000","-1,090,600,000","45,400,000","44,900,000","-49,700,000","-193,400,000","12,400,000","16,500,000","-38,900,000","-80,400,000","3,400,000","70,600,000","80,200,000","58,000,000","121,200,000","72,200,000","30,000,000","127,400,000","194,700,000","206,100,000","185,600,000","11,500,000","206,000,000","203,900,000","181,900,000","-399,200,000","181,100,000","199,200,000","163,700,000","155,500,000","168,400,000","182,500,000","140,800,000","143,600,000","158,800,000","168,200,000","-1,643,300,000","33,100,000","143,600,000","144,700,000","93,400,000","-933,000,000","110,000,000","116,100,000","71,500,000","104,000,000","58,500,000","25,500,000","-84,500,000","17,400,000","-54,700,000","-8,200,000","21,300,000","2,200,000","75,100,000","27,100,000","94,500,000","56,400,000","63,500,000","134,900,000","95,300,000","167,000,000","178,700,000","141,000,000","284,200,000","-112,800,000","182,300,000","101,300,000","-60,000,000","84,500,000","154,500,000"
			NetIncomeContinuousOperations,"858,000,000","96,000,000","557,000,000","134,000,000","71,000,000","18,000,000","67,000,000","3,000,000","-703,000,000","-617,000,000","-399,000,000","90,000,000","56,000,000","-44,000,000","110,000,000","354,000,000","164,000,000","80,000,000","-90,000,000","132,000,000","154,000,000","169,000,000","567,000,000","320,000,000","208,000,000","189,000,000","-373,000,000","305,000,000","208,000,000","236,000,000","2,128,000,000","199,000,000","232,000,000","-38,000,000","256,000,000","195,000,000","193,000,000","31,000,000","-7,000,000","133,000,000","103,000,000","8,000,000","26,000,000","211,000,000","56,000,000","124,000,000","-166,000,000","-13,000,000","39,000,000","-24,000,000","135,000,000","102,000,000","-253,000,000","-348,000,000","-330,000,000","31,000,000","75,000,000","147,000,000","131,000,000","159,000,000","29,000,000","-110,000,000","-358,000,000","-48,000,000","2,000,000","74,000,000","-40,000,000","142,000,000","69,000,000","68,000,000","127,100,000","36,500,000","25,100,000","-76,900,000","-469,700,000","-105,900,000","-73,600,000","-163,300,000","-1,105,200,000","33,700,000","28,900,000","-63,200,000","-174,000,000","9,300,000","7,800,000","-46,700,000","-76,400,000","-6,600,000","59,700,000","63,600,000","40,800,000","109,100,000","65,700,000","25,500,000","121,500,000","185,000,000","199,000,000","211,500,000","2,000,000","194,100,000","192,200,000","170,400,000","-408,200,000","170,200,000","187,900,000","151,800,000","146,400,000","157,500,000","173,800,000","133,300,000","136,500,000","151,300,000","163,200,000","93,400,000","113,200,000","136,200,000","152,200,000","87,100,000","88,000,000","103,300,000","109,700,000","66,300,000","99,300,000","52,300,000","22,500,000","-90,100,000","11,600,000","-56,400,000","-10,000,000","16,500,000","-2,700,000","70,500,000","27,100,000","94,500,000","56,400,000","63,500,000","134,900,000","95,300,000","119,400,000","170,400,000","141,000,000","85,000,000","-136,200,000","182,300,000","101,300,000","-60,000,000","83,600,000","56,400,000"
			NetIncomeDiscontinuousOperations,,,,,,,,,,,,,,,,,,,,,,,,,,,,,,,,,,,,,,,,,,,,,,,,,,,,,,,,,,,"-9,000,000","509,000,000","27,000,000","-64,000,000",,,,,,,,,,,,,,,,,,,,,,,,,,,,,,,,,"0",,,"-34,700,000",,,,,,,,,,,,,,,,,,,,,,,,,,,,,,,,,,,,,,,,,"47,600,000","8,300,000",,"199,200,000",,,,,"900,000","98,100,000"
			NetIncomeFromTaxLossCarryforward,,,,,,,,,,,,,,,,,,,,,,,,,,,,,,,,,,,,,,,,,,,,,,,,,,,,,,,,,,,,,,,,,,,,,,,,,,,,,,,,,,,,,,,,,,,,,,,,,,,,,,,,,,,,,,,,,,"-1,740,900,000","0",,"-14,600,000",,,,,,,,,,,,,,,,,,,,,,,,,,,,,,,
		MinorityInterests,"-10,000,000","0","-4,000,000","-2,000,000","-4,000,000","-6,000,000","-4,000,000","-5,000,000","7,000,000","-2,000,000","7,000,000","-2,000,000","-2,000,000","-17,000,000","0","-3,000,000","-7,000,000","-5,000,000","-6,000,000","-3,000,000","-7,000,000","-3,000,000","-6,000,000","-3,000,000","-6,000,000","-5,000,000","-7,000,000","-34,000,000","-16,000,000","-12,000,000","1,000,000","-38,000,000","-19,000,000","-13,000,000","-21,000,000","-22,000,000","-5,000,000","2,000,000","14,000,000","-16,000,000","-11,000,000","-12,000,000","-1,000,000","-43,000,000","-9,000,000","-21,000,000","-11,000,000","-7,000,000","-11,000,000","-23,000,000","-28,000,000","-30,000,000","32,000,000","15,000,000",,"-21,000,000","-18,000,000","-26,000,000","-18,000,000","-14,000,000","-16,000,000","-22,000,000","-69,000,000","-19,000,000","-11,000,000","-12,000,000","-16,000,000","-25,000,000","-33,000,000","-21,000,000","-13,400,000","-18,300,000","-20,300,000","-6,300,000","-3,200,000","-6,800,000","-12,100,000","-11,400,000","-14,600,000","-11,700,000","-16,000,000","-13,500,000","19,400,000","-3,100,000","-8,700,000","-7,800,000","4,000,000","-10,000,000","-10,900,000","-16,600,000","-17,200,000","-12,100,000","-6,500,000","-4,500,000","-5,900,000","-9,700,000","-7,100,000","-8,800,000","-9,500,000","-11,900,000","-11,700,000","-11,500,000","-9,000,000","-10,900,000","-11,300,000","-11,900,000","-9,100,000","-10,900,000","-8,700,000","-7,500,000","-7,100,000","-7,500,000","-5,000,000","-4,200,000","-6,200,000","-7,400,000","-7,100,000","-6,300,000","-4,900,000","-6,700,000","-6,400,000","-5,200,000","-4,700,000","-6,200,000","-3,000,000","-5,600,000","-5,800,000","-1,700,000","-1,800,000","-4,800,000","-4,900,000","-4,600,000",,,,,,,,,,,,,,,,
	PreferredStockDividends,,,,,,,,,,,,,,,,,,,,,,,,,,,,,,,"0",,,"7,000,000","7,000,000","7,000,000","7,000,000","7,000,000","7,000,000","7,000,000","7,000,000","7,000,000","7,000,000","7,000,000","7,000,000",,,,,,,,,,,,,,,,,,,,,,,,,,,,,,,,,,,,,,,,,,,,,,,,,,,,,,,,,,,,,,,,,,,,,,,,,,,,,,,,,,,,,,,,,,,,,,,,,,,,,,,
DilutedNIAvailtoComStockholders,"848,000,000","96,000,000","553,000,000","132,000,000","67,000,000","12,000,000","63,000,000","-2,000,000","-696,000,000","-619,000,000","-392,000,000","88,000,000","54,000,000","-61,000,000","110,000,000","351,000,000","157,000,000","75,000,000","-96,000,000","129,000,000","147,000,000","166,000,000","561,000,000","317,000,000","202,000,000","184,000,000","-380,000,000","271,000,000","192,000,000","224,000,000","2,129,000,000","161,000,000","213,000,000","-58,000,000","228,000,000","166,000,000","181,000,000","26,000,000","0","110,000,000","85,000,000","-11,000,000","18,000,000","161,000,000","40,000,000","103,000,000","-177,000,000","-20,000,000","28,000,000","-47,000,000","107,000,000","72,000,000","-221,000,000","-333,000,000","-330,000,000","31,000,000","75,000,000","147,000,000","52,000,000","668,000,000","56,000,000","-174,000,000","-358,000,000","-48,000,000","2,000,000","74,000,000","-51,000,000","142,000,000","69,000,000","68,000,000","127,100,000","36,500,000","25,100,000","-76,900,000","-469,700,000","-105,900,000","-73,600,000","-163,300,000","-1,105,200,000","33,700,000","28,900,000","-63,200,000","-174,000,000","9,300,000","7,800,000","-46,700,000","-76,400,000","-6,600,000","59,700,000","63,600,000","40,800,000","109,100,000","65,700,000","25,500,000","121,500,000","185,000,000","199,000,000","176,800,000","2,000,000","194,100,000","192,200,000","170,400,000","-408,200,000","170,200,000","187,900,000","151,800,000","146,400,000","157,500,000","173,800,000","133,300,000","136,500,000","151,300,000","163,200,000","-1,647,500,000","26,900,000","136,200,000","137,600,000","87,100,000","-937,900,000","103,300,000","109,700,000","66,300,000","99,300,000","52,300,000","22,500,000","-90,100,000","11,600,000","-56,400,000","-10,000,000","16,500,000","-2,700,000","70,500,000",,,,,,,,,,,,,,,,
BasicEPS,,"0.34","1.95","0.47","0.27","0.05","0.27","-0.01","-2.97","-2.65","-1.68","0.38","0.23","-0.26","0.47","1.49","0.66","0.31","-0.39","0.52","0.58","0.66","2.17","1.21","0.76","0.69","-1.42","1.01","0.71","0.83","7.82","0.58","0.77","-0.23","0.92","0.67","0.74","0.1",,"0.45","0.35","-0.05",,"0.66","0.16","0.42",,"-0.08","0.11","-0.19",,"0.3","-0.92","-1.38",,"0.13","0.31","0.61",,"3.17","0.28","-0.96",,"-0.27","0.01","0.42",,"0.81","0.39","0.39",,"0.21","0.14","-0.44",,"-0.6","-0.42","-0.93",,"0.2","0.18","-0.39",,"0.06","0.05","-0.3",,"-0.04","0.38","0.41",,"0.7","0.42","0.16",,"1.19","1.26","1.11",,"1.25","1.23","1.09",,"1.09","1.22","0.98",,"1.03","1.15","0.88",,"1","1.08","0.77",,"0.92","0.95","0.3",,"0.72","0.77","0.47",,"0.45","0.19","-0.77",,"-0.49","-0.09","0.15",,"0.61","0.24","0.82",,"0.56","1.18","0.84",,"1.57","1.24","2",,"0.84","0.47","-0.28",,"0.72"
DilutedEPS,,"0.33","1.93","0.46","0.27","0.05","0.27","-0.01","-2.97","-2.65","-1.68","0.38","0.23","-0.26","0.47","1.48","0.65","0.31","-0.39","0.5","0.58","0.65","2.14","1.19","0.75","0.68","-1.42","0.99","0.7","0.82","7.68","0.58","0.76","-0.23","0.84","0.62","0.67","0.1",,"0.41","0.33","-0.05",,"0.6","0.16","0.42",,"-0.08","0.11","-0.19",,"0.3","-0.92","-1.38",,"0.13","0.31","0.6",,"2.75","0.26","-0.96",,"-0.27","0.01","0.37",,"0.7","0.34","0.35",,"0.21","0.14","-0.44",,"-0.6","-0.42","-0.93",,"0.2","0.18","-0.39",,"0.06","0.05","-0.3",,"-0.04","0.38","0.4",,"0.69","0.41","0.16",,"1.17","1.25","1.11",,"1.25","1.23","1.09",,"1.09","1.22","0.98",,"1.03","1.15","0.88",,"1","1.08","0.77",,"0.92","0.95","0.3",,"0.72","0.77","0.47",,"0.45","0.19","-0.77",,"-0.49","-0.09","0.15",,"0.61","0.24","0.82",,"0.56","1.18","0.84",,"1.57","1.24","2",,"0.84","0.47","-0.28",,"0.72"
BasicAverageShares,,"284,000,000","283,000,000","283,000,000","244,000,000","235,000,000","235,000,000","234,000,000","234,000,000","234,000,000","234,000,000","233,000,000","233,000,000","232,000,000","233,000,000","236,000,000","239,000,000","240,000,000","244,000,000","250,000,000","252,000,000","252,000,000","258,000,000","262,000,000","264,000,000","267,000,000","269,000,000","269,000,000","270,000,000","270,000,000","272,000,000","275,000,000","276,000,000","248,000,000","247,000,000","246,000,000","246,000,000","245,000,000",,"245,000,000","245,000,000","244,000,000",,"244,000,000","244,000,000","243,000,000",,"242,000,000","242,000,000","242,000,000",,"242,000,000","241,000,000","241,000,000",,"241,000,000","241,000,000","240,000,000",,"211,000,000","196,000,000","180,000,000",,"177,000,000","177,000,000","177,000,000",,"176,000,000","176,000,000","176,000,000",,"175,400,000","175,300,000","175,300,000",,"175,300,000","175,300,000","175,300,000",,"166,500,000","163,300,000","163,200,000",,"159,900,000","158,800,000","158,200,000",,"157,000,000","156,400,000","156,300,000",,"155,857,143","156,428,571","159,375,000",,"155,462,185","157,936,508","159,279,279",,"155,280,000","156,260,163","156,330,275",,"156,146,789","154,016,393","154,897,959",,"152,912,621","151,130,435","151,477,273",,"151,300,000","151,111,111","151,212,000",,"148,043,478","144,842,105","145,189,000",,"143,472,222","141,063,830","141,063,830",,"116,222,222","118,421,053","117,012,987",,"115,102,041","111,111,111","110,000,000",,"115,573,770","115,008,000","114,862,000",,"114,402,000","113,974,000","113,974,000",,"113,764,000","113,290,000","112,998,000",,"218,870,000","217,132,000","216,220,000",,"214,418,000"
DilutedAverageShares,,"287,000,000","287,000,000","286,000,000","247,000,000","238,000,000","235,000,000","234,000,000","234,000,000","234,000,000","234,000,000","234,000,000","234,000,000","232,000,000","235,000,000","238,000,000","241,000,000","244,000,000","244,000,000","254,000,000","256,000,000","256,000,000","262,000,000","266,000,000","268,000,000","271,000,000","269,000,000","274,000,000","274,000,000","274,000,000","277,000,000","279,000,000","281,000,000","248,000,000","280,000,000","278,000,000","282,000,000","248,000,000",,"281,000,000","281,000,000","244,000,000",,"281,000,000","247,000,000","246,000,000",,"242,000,000","244,000,000","242,000,000",,"245,000,000","241,000,000","241,000,000",,"243,000,000","243,000,000","244,000,000",,"244,000,000","231,000,000","180,000,000",,"177,000,000","177,000,000","207,000,000",,"209,000,000","208,000,000","208,000,000",,"177,900,000","176,800,000","175,300,000",,"175,300,000","175,300,000","175,300,000",,"166,500,000","164,300,000","163,200,000",,"161,600,000","161,200,000","158,200,000",,"158,200,000","158,700,000","158,700,000",,"158,115,942","160,243,902","159,375,000",,"158,119,658","159,200,000","159,279,279",,"155,280,000","156,260,163","156,330,275",,"156,146,789","154,016,393","154,897,959",,"152,912,621","151,130,435","151,477,273",,"151,300,000","151,111,111","151,212,000",,"148,043,478","144,842,105","145,189,000",,"143,472,222","141,063,830","141,063,830",,"116,222,222","118,421,053","117,012,987",,"115,102,041","111,111,111","110,000,000",,"115,573,770","115,008,000","114,862,000",,"114,402,000","113,974,000","113,974,000",,"113,764,000","113,290,000","112,998,000",,"218,870,000","217,132,000","216,220,000",,"214,418,000"
TotalExpenses,"17,730,000,000","4,654,000,000","4,719,000,000","4,621,000,000","3,736,000,000","3,315,000,000","3,399,000,000","3,330,000,000","2,667,000,000","3,133,000,000","3,521,000,000","3,537,000,000","3,441,000,000","3,426,000,000","3,588,000,000","3,581,000,000","3,537,000,000","3,567,000,000","3,677,000,000","3,625,000,000","3,375,000,000","3,344,000,000","3,322,000,000","3,335,000,000","3,406,000,000","3,316,000,000","3,796,000,000","3,633,000,000","3,675,000,000","3,674,000,000","4,042,000,000","4,169,000,000","4,230,000,000","4,185,000,000","4,426,000,000","4,632,000,000","4,537,000,000","4,585,000,000","4,807,000,000","4,967,000,000","4,864,000,000","5,284,000,000","5,642,000,000","5,650,000,000","5,371,000,000","5,129,000,000","5,129,000,000","4,768,000,000","4,362,000,000","4,063,000,000","4,014,000,000","4,156,000,000","4,103,000,000","3,807,000,000","4,269,000,000","4,943,000,000","4,931,000,000","4,609,000,000","4,898,000,000","4,721,000,000","4,659,000,000","4,404,000,000","5,157,000,000","5,000,000,000","4,943,000,000","4,577,000,000","4,736,000,000","4,715,000,000","4,691,000,000","4,505,000,000","4,635,700,000","4,467,000,000","4,272,500,000","4,150,600,000","3,937,900,000","3,783,500,000","3,647,500,000","3,514,500,000","3,820,800,000","3,411,400,000","3,345,200,000","3,290,500,000","3,494,600,000","3,562,300,000","3,477,900,000","3,333,500,000","3,817,300,000","3,414,500,000","3,294,500,000","3,348,300,000","3,401,500,000","3,280,000,000","2,910,400,000","2,776,200,000","2,977,900,000","2,941,300,000","2,844,600,000","2,790,200,000","3,000,200,000","3,011,100,000","2,996,100,000","2,928,000,000","2,954,800,000","2,980,900,000","3,028,900,000","2,952,200,000","3,002,500,000","3,028,400,000","3,028,700,000","2,970,900,000","2,971,200,000","2,854,400,000","2,738,200,000","2,665,800,000","2,797,400,000","2,648,500,000","2,735,600,000","2,596,700,000","2,860,700,000","2,782,600,000","2,808,900,000","2,604,200,000","2,671,300,000","2,644,900,000","2,669,000,000","2,514,000,000","2,728,300,000","2,912,900,000","2,809,900,000","2,562,800,000","2,459,400,000","2,514,500,000",,,,,,,,,,,,,,,,
NetIncomeFromContinuingAndDiscontinuedOperation,"848,000,000","96,000,000","553,000,000","132,000,000","67,000,000","12,000,000","63,000,000","-2,000,000","-696,000,000","-619,000,000","-392,000,000","88,000,000","54,000,000","-61,000,000","110,000,000","351,000,000","157,000,000","75,000,000","-96,000,000","129,000,000","147,000,000","166,000,000","561,000,000","317,000,000","202,000,000","184,000,000","-380,000,000","271,000,000","192,000,000","224,000,000","2,129,000,000","161,000,000","213,000,000","-51,000,000","235,000,000","173,000,000","188,000,000","33,000,000","7,000,000","117,000,000","92,000,000","-4,000,000","25,000,000","168,000,000","47,000,000","103,000,000","-177,000,000","-20,000,000","28,000,000","-47,000,000","107,000,000","72,000,000","-221,000,000","-333,000,000","-330,000,000","31,000,000","75,000,000","147,000,000","52,000,000","668,000,000","56,000,000","-174,000,000","-358,000,000","-48,000,000","2,000,000","74,000,000","-40,000,000","142,000,000","69,000,000","68,000,000","127,100,000","36,500,000","25,100,000","-76,900,000","-469,700,000","-105,900,000","-73,600,000","-163,300,000","-1,105,200,000","33,700,000","28,900,000","-63,200,000","-174,000,000","9,300,000","7,800,000","-46,700,000","-76,400,000","-6,600,000","59,700,000","63,600,000","40,800,000","109,100,000","65,700,000","25,500,000","121,500,000","185,000,000","199,000,000","176,800,000","2,000,000","194,100,000","192,200,000","170,400,000","-408,200,000","170,200,000","187,900,000","151,800,000","146,400,000","157,500,000","173,800,000","133,300,000","136,500,000","151,300,000","163,200,000","93,400,000","113,200,000","136,200,000","152,200,000","87,100,000","88,000,000","103,300,000","109,700,000","66,300,000","99,300,000","52,300,000","22,500,000","-90,100,000","11,600,000","-56,400,000","-10,000,000","16,500,000","-2,700,000","70,500,000",,,,,,,,,,,,,,,,
NormalizedIncome,"878,000,000","102,447,761.194","569,060,000","132,716,577.54","80,040,816.327","56,530,000","79,060,000","10,410,000","-495,142,857.143","-481,030,000","-348,930,000","106,595,041.322","48,536,585.366","5,430,000","106,350,000","352,380,116.959","155,207,650.273","97,654,867.257","-78,000,000","164,851,851.852","157,536,842.105","185,092,050.209","563,400,000","381,200,000","234,478,405.316","189,662,921.348","68,331,372.549","315,582,366.589","228,780,487.805","245,693,593.315","2,171,250,000","196,274,247.492","226,506,849.315","76,400,000","251,868,217.054","185,530,120.482","190,261,718.75","114,840,000","79,800,000","127,725,806.452","117,439,759.036","55,800,000","-13,350,000","180,452,459.016","80,150,000","113,666,666.667","-166,600,000","22,250,000","33,850,000","22,550,000","318,726,618.705","74,914,285.714","-188,324,723.247","-300,583,561.644","-133,607,449.857","55,700,000","117,250,000","162,916,000","126,129,943.503","162,755,905.512","76,450,000","-113,250,000","-356,089,795.918","44,400,000","30,800,000","96,800,000","14,000,000","124,666,666.667","76,800,000","80,600,000","66,327,593.47","83,960,000","56,120,000","-28,900,000","-294,860,000","42,200,751.88","-31,300,000","-103,600,000","-1,103,220,000","25,480,000","33,340,000","-46,880,000","-64,537,643.556","24,690,265.487","9,600,000","-661,889.764","17,193,466.425","-4,980,000","68,208,965.517","69,295,522.388","50,786,473.43","16,460,000","63,763,578.947","126,985,590.778","126,720,423.779","151,170,561.706","189,158,927.897","172,790,277.778","154,220,000","192,113,596.491","192,339,781.818","173,369,790.86","177,864,506.028","162,628,110.236","174,434,405.85","162,136,702.355","146,267,989.179","158,248,380.13","180,104,637.248","151,367,966.845","136,365,715.691","145,830,531.359","181,289,320.388","119,440,000","48,831,372.549","138,870,588.235","135,727,037.192","95,560,000","5,560,000","106,537,854.129","104,300,000","56,520,000","18,611,097.411","51,520,000","2,460,000","-110,440,000","-30,160,000","-84,120,000","-25,840,000","7,860,000","71,400,000","44,340,000",,,,,,,,,,,,,,,,
InterestIncome,"72,000,000","5,000,000","7,000,000","6,000,000","53,000,000","5,000,000","5,000,000","3,000,000","3,000,000","3,000,000","13,000,000","5,000,000","4,000,000","3,000,000","42,000,000","6,000,000","2,000,000","4,000,000","3,000,000","3,000,000","3,000,000","4,000,000","3,000,000","4,000,000","4,000,000","4,000,000","6,000,000","7,000,000","4,000,000","5,000,000","5,000,000","4,000,000","13,000,000","6,000,000","23,000,000","6,000,000","7,000,000","5,000,000","5,000,000","4,000,000","4,000,000",,"4,000,000","6,000,000","3,000,000","3,000,000","3,000,000","3,000,000","2,000,000","3,000,000",,,"3,000,000","4,000,000",,,,,,,,,,,,,,,,,,,,,,,,,,,,,,,,,,,,,,,,,,,,,,,,,,,,,,,,,,,,,,,,,,,,,,,,,,,,,,,,,,,,,,,,,,,,,,
InterestExpense,"412,000,000","104,000,000","107,000,000","104,000,000","97,000,000","79,000,000","78,000,000","88,000,000","85,000,000","73,000,000","79,000,000","88,000,000","88,000,000","85,000,000","85,000,000","82,000,000","78,000,000","76,000,000","75,000,000","84,000,000","89,000,000","87,000,000","87,000,000","90,000,000","104,000,000","91,000,000","101,000,000","102,000,000","106,000,000","103,000,000","113,000,000","108,000,000","102,000,000","105,000,000","105,000,000","100,000,000","102,000,000","85,000,000","87,000,000","86,000,000","83,000,000","101,000,000","89,000,000","86,000,000","81,000,000","74,000,000","75,000,000","90,000,000","77,000,000","74,000,000","83,000,000","85,000,000","79,000,000","64,000,000",,,,,,,,,,,,,,,,,,,,,,,,,,,,,,,,,,,,,,,,,,,,,,,,,,,,,,,,,,,,,,,,,,,,,,,,,,,,,,,,,,,,,,,,,,,,,,
NetInterestIncome,"-379,000,000","-106,000,000","-108,000,000","-105,000,000","-61,000,000","-81,000,000","-81,000,000","-91,000,000","-87,000,000","-77,000,000","-74,000,000","-91,000,000","-94,000,000","-90,000,000","-52,000,000","-85,000,000","-85,000,000","-81,000,000","-79,000,000","-89,000,000","-118,000,000","-91,000,000","-92,000,000","-93,000,000","-152,000,000","-103,000,000","-161,000,000","-109,000,000","-117,000,000","-114,000,000","-139,000,000","-121,000,000","-104,000,000","-113,000,000","-97,000,000","-108,000,000","-109,000,000","-93,000,000","-95,000,000","-96,000,000","-79,000,000","-101,000,000","-93,000,000","-89,000,000","-78,000,000","-71,000,000","-72,000,000","-87,000,000","-75,000,000","-71,000,000","-66,000,000","-85,000,000","-76,000,000","-60,000,000",,,,,,,,,,,,,,,,,,,,,,,,,,,,,,,,,,,,,,,,,,,,,,,,,,,,,,,,,,,,,,,,,,,,,,,,,,,,,,,,,,,,,,,,,,,,,,
EBIT,"1,026,000,000","238,000,000","302,000,000","291,000,000","195,000,000","112,000,000","205,000,000","78,000,000","-804,000,000","-295,000,000","91,000,000","209,000,000","170,000,000","47,000,000","287,000,000","595,000,000","261,000,000","189,000,000","362,000,000","246,000,000","279,000,000","326,000,000","416,000,000","400,000,000","405,000,000","358,000,000","-409,000,000","533,000,000","434,000,000","462,000,000","239,000,000","407,000,000","394,000,000","75,000,000","363,000,000","349,000,000","358,000,000","135,000,000","119,000,000","272,000,000","249,000,000","157,000,000","96,000,000","391,000,000","201,000,000","260,000,000","-70,000,000","132,000,000","159,000,000","103,000,000","222,000,000","225,000,000","-192,000,000","-301,000,000","-377,000,000","229,000,000","308,000,000","333,000,000","214,000,000","343,000,000","262,000,000","95,000,000","-181,000,000","284,000,000","199,000,000","279,000,000","198,000,000","315,000,000","301,000,000","262,000,000","200,700,000","246,700,000","236,400,000","140,300,000","-29,200,000","122,500,000","110,700,000","31,000,000","-290,400,000","118,200,000","133,600,000","20,700,000","-22,000,000","115,600,000","104,600,000","80,700,000","106,200,000","67,900,000","180,200,000","188,200,000","150,400,000","8,800,000","138,300,000","215,000,000","225,200,000","250,400,000","292,900,000","303,800,000","284,000,000","311,100,000","319,400,000","305,200,000","315,300,000","286,800,000","300,600,000","293,300,000","264,200,000","276,700,000","322,100,000","272,400,000","239,300,000","261,400,000","314,100,000","243,800,000","118,600,000","264,600,000","264,700,000","217,300,000","66,800,000","230,200,000","257,400,000","174,100,000","108,900,000","193,400,000","122,300,000","-17,000,000","82,000,000","-13,200,000","60,900,000","128,900,000","276,900,000","164,600,000","2,811,000,000","2,642,900,000","-7,208,900,000","2,656,000,000","2,792,500,000","2,652,200,000","-6,385,100,000","2,479,500,000","2,558,400,000","2,300,900,000","-7,071,500,000","2,596,100,000","2,646,200,000","2,368,000,000","-6,628,000,000","2,363,400,000"
EBITDA,"1,956,000,000"
ReconciledCostOfRevenue,"14,907,000,000","3,966,000,000","3,969,000,000","3,894,000,000","3,078,000,000","2,751,000,000","2,794,000,000","2,775,000,000","2,216,000,000","2,552,000,000","2,903,000,000","2,965,000,000","2,855,000,000","2,879,000,000","3,008,000,000","3,028,000,000","2,949,000,000","2,976,000,000","3,093,000,000","3,069,000,000","2,792,000,000","2,765,000,000","2,722,000,000","2,736,000,000","2,813,000,000","2,701,000,000","3,071,000,000","3,000,000,000","3,027,000,000","3,066,000,000","3,340,000,000","3,516,000,000","3,532,000,000","3,518,000,000","3,690,000,000","3,946,000,000","3,846,000,000","3,940,000,000","4,100,000,000","4,315,000,000","4,141,000,000","4,607,000,000","4,815,000,000","4,973,000,000","4,572,000,000","4,461,000,000","4,190,000,000","4,120,000,000","3,686,000,000","3,456,000,000","3,581,000,000","3,523,000,000","3,353,000,000","3,219,000,000","3,666,000,000","4,316,000,000","4,196,000,000","3,961,000,000","4,161,000,000","4,051,000,000","3,967,000,000","3,741,000,000","4,528,000,000","4,329,000,000","4,250,000,000","3,899,000,000","4,000,000,000","4,008,000,000","3,945,000,000","3,819,000,000","3,878,300,000","3,766,600,000","3,582,800,000","3,465,700,000","3,336,400,000","3,186,600,000","3,051,000,000","2,924,400,000","2,910,500,000","2,854,900,000","2,787,400,000","2,761,100,000","2,927,500,000","2,994,300,000","2,749,500,000","2,625,200,000","3,087,600,000","2,709,800,000","2,581,400,000","2,628,200,000","2,632,100,000","2,624,400,000","2,315,300,000","2,197,900,000","2,343,200,000","2,348,400,000","2,286,700,000","2,206,800,000","2,388,900,000","2,431,300,000","2,411,500,000","2,344,900,000","2,360,600,000","2,390,300,000","2,445,400,000","2,369,600,000","2,383,500,000","2,450,000,000","2,443,000,000","2,382,200,000","2,343,500,000","2,259,400,000","2,161,500,000","2,096,700,000","2,114,400,000","2,067,600,000","2,125,800,000","2,012,300,000","2,159,100,000","2,279,100,000","2,206,800,000","1,994,700,000","2,018,700,000","2,038,500,000","2,062,700,000","1,866,600,000","2,043,300,000","2,206,300,000","2,150,200,000","1,973,300,000","1,942,600,000","1,955,100,000",,,,,,,,,,,,,,,,
ReconciledDepreciation,"930,000,000","244,000,000","238,000,000","240,000,000","208,000,000","197,000,000","194,000,000","193,000,000","276,000,000","196,000,000","211,000,000","195,000,000","196,000,000","193,000,000","189,000,000","197,000,000","193,000,000","199,000,000","195,000,000","199,000,000","202,000,000","185,000,000","191,000,000","181,000,000","181,000,000","174,000,000","176,000,000","173,000,000","177,000,000","172,000,000","179,000,000","182,000,000","188,000,000","183,000,000","183,000,000","182,000,000","180,000,000","177,000,000","174,000,000","176,000,000","167,000,000","170,000,000","168,000,000","173,000,000","192,000,000","182,000,000","165,000,000","166,000,000","162,000,000","159,000,000","151,000,000","173,000,000","160,000,000","152,000,000","166,000,000","157,000,000","166,000,000","171,000,000","167,000,000","159,000,000","173,000,000","160,000,000","181,000,000","151,000,000","199,000,000","163,000,000","228,000,000","171,000,000","150,000,000","157,000,000","255,300,000","150,400,000","149,600,000","159,500,000","234,600,000","157,000,000","153,800,000","147,900,000","151,500,000","149,100,000","155,400,000","146,800,000","159,600,000","154,100,000","162,600,000","160,400,000","154,600,000","155,500,000","159,800,000","160,400,000","188,100,000","140,200,000","119,900,000","133,500,000","136,000,000","121,400,000","106,000,000","124,400,000","118,400,000","113,500,000","121,300,000","116,100,000","105,600,000","129,200,000","114,400,000","111,600,000","113,700,000","108,400,000","107,600,000","105,200,000","109,700,000","103,000,000","98,900,000","98,700,000","99,800,000","97,400,000","98,800,000","96,900,000","111,800,000","113,700,000","111,200,000","109,100,000","113,700,000","112,700,000","107,400,000","107,700,000","102,600,000","111,100,000","102,100,000","99,200,000","112,500,000","90,300,000",,,,,,,,,,,,,,,,
NetIncomeFromContinuingOperationNetMinorityInterest,"848,000,000","96,000,000","553,000,000","132,000,000","67,000,000","12,000,000","63,000,000","-2,000,000","-696,000,000","-619,000,000","-392,000,000","88,000,000","54,000,000","-61,000,000","110,000,000","351,000,000","157,000,000","75,000,000","-96,000,000","129,000,000","147,000,000","166,000,000","561,000,000","317,000,000","202,000,000","184,000,000","-380,000,000","271,000,000","192,000,000","224,000,000","2,129,000,000","161,000,000","213,000,000","-51,000,000","235,000,000","173,000,000","188,000,000","33,000,000","7,000,000","117,000,000","92,000,000","-4,000,000","25,000,000","168,000,000","47,000,000","103,000,000","-177,000,000","-20,000,000","28,000,000","-47,000,000","107,000,000","72,000,000","-221,000,000","-333,000,000","-330,000,000","31,000,000","75,000,000","147,000,000","61,000,000","159,000,000","29,000,000","-110,000,000","-358,000,000","-48,000,000","2,000,000","74,000,000","-40,000,000","142,000,000","69,000,000","68,000,000","127,100,000","36,500,000","25,100,000","-76,900,000","-469,700,000","-105,900,000","-73,600,000","-163,300,000","-1,105,200,000","33,700,000","28,900,000","-63,200,000","-174,000,000","9,300,000","7,800,000","-46,700,000","-76,400,000","-6,600,000","59,700,000","63,600,000","40,800,000","109,100,000","65,700,000","25,500,000","121,500,000","185,000,000","199,000,000","211,500,000","2,000,000","194,100,000","192,200,000","170,400,000","-408,200,000","170,200,000","187,900,000","151,800,000","146,400,000","157,500,000","173,800,000","133,300,000","136,500,000","151,300,000","163,200,000","93,400,000","113,200,000","136,200,000","152,200,000","87,100,000","88,000,000","103,300,000","109,700,000","66,300,000","99,300,000","52,300,000","22,500,000","-90,100,000","11,600,000","-56,400,000","-10,000,000","16,500,000","-2,700,000","70,500,000",,,,,,,,,,,,,,,,
TotalUnusualItemsExcludingGoodwill,"-50,000,000","-9,000,000","-22,000,000","-1,000,000","-18,000,000","-61,000,000","-22,000,000","-17,000,000","-254,000,000","-189,000,000","-59,000,000","-25,000,000","8,000,000","-91,000,000","5,000,000","-2,000,000","2,000,000","-32,000,000","-30,000,000","-44,000,000","-13,000,000","-27,000,000","-4,000,000","-107,000,000","-47,000,000","-8,000,000","-613,000,000","-63,000,000","-58,000,000","-33,000,000","-65,000,000","-53,000,000","-17,000,000","-196,000,000","-17,000,000","-16,000,000","-3,000,000","-132,000,000","-112,000,000","-15,000,000","-41,000,000","-92,000,000","59,000,000","-18,000,000","-51,000,000","-16,000,000","-16,000,000","-65,000,000","-9,000,000","-107,000,000","-218,000,000","-4,000,000","-35,000,000","-34,000,000","-201,000,000","-38,000,000","-65,000,000","-23,000,000","-88,000,000","-6,000,000","-73,000,000","5,000,000","-3,000,000","-154,000,000","-48,000,000","-38,000,000","-90,000,000","26,000,000","-13,000,000","-21,000,000","90,800,000","-79,100,000","-51,700,000","-80,000,000","-291,400,000","-148,800,000","-70,500,000","-99,500,000","-3,300,000","13,700,000","-7,400,000","-27,200,000","-147,900,000","-18,700,000","-3,000,000","-62,600,000","-135,000,000","-2,700,000","-12,400,000","-9,000,000","-15,200,000","154,400,000","2,800,000","-138,100,000","-7,300,000","44,600,000","13,100,000","59,300,000","-253,700,000","2,800,000","-200,000","-4,500,000","-917,000,000","11,300,000","19,600,000","-15,900,000","200,000","-1,100,000","-9,700,000","-27,800,000","200,000","8,300,000","-27,400,000","-43,400,000","101,500,000","-4,200,000","25,900,000","-14,100,000","137,400,000","-5,200,000","9,000,000","16,300,000","131,800,000","1,300,000","33,400,000","33,900,000","69,600,000","46,200,000","26,400,000","14,400,000","-123,500,000","43,600,000",,,,,,,,,,,,,,,,
TotalUnusualItems,"-50,000,000","-9,000,000","-22,000,000","-1,000,000","-18,000,000","-61,000,000","-22,000,000","-17,000,000","-254,000,000","-189,000,000","-59,000,000","-25,000,000","8,000,000","-91,000,000","5,000,000","-2,000,000","2,000,000","-32,000,000","-30,000,000","-44,000,000","-13,000,000","-27,000,000","-4,000,000","-107,000,000","-47,000,000","-8,000,000","-613,000,000","-63,000,000","-58,000,000","-33,000,000","-65,000,000","-53,000,000","-17,000,000","-196,000,000","-17,000,000","-16,000,000","-3,000,000","-132,000,000","-112,000,000","-15,000,000","-41,000,000","-92,000,000","59,000,000","-18,000,000","-51,000,000","-16,000,000","-16,000,000","-65,000,000","-9,000,000","-107,000,000","-218,000,000","-4,000,000","-35,000,000","-34,000,000","-201,000,000","-38,000,000","-65,000,000","-23,000,000","-88,000,000","-6,000,000","-73,000,000","5,000,000","-3,000,000","-154,000,000","-48,000,000","-38,000,000","-90,000,000","26,000,000","-13,000,000","-21,000,000","90,800,000","-79,100,000","-51,700,000","-80,000,000","-291,400,000","-148,800,000","-70,500,000","-99,500,000","-3,300,000","13,700,000","-7,400,000","-27,200,000","-147,900,000","-18,700,000","-3,000,000","-62,600,000","-135,000,000","-2,700,000","-12,400,000","-9,000,000","-15,200,000","154,400,000","2,800,000","-138,100,000","-7,300,000","44,600,000","13,100,000","59,300,000","-253,700,000","2,800,000","-200,000","-4,500,000","-917,000,000","11,300,000","19,600,000","-15,900,000","200,000","-1,100,000","-9,700,000","-27,800,000","200,000","8,300,000","-27,400,000","-43,400,000","101,500,000","-4,200,000","25,900,000","-14,100,000","137,400,000","-5,200,000","9,000,000","16,300,000","131,800,000","1,300,000","33,400,000","33,900,000","69,600,000","46,200,000","26,400,000","14,400,000","-123,500,000","43,600,000",,,,,,,,,,,,,,,,
NormalizedEBITDA,"2,006,000,000","491,000,000","562,000,000","532,000,000","421,000,000","370,000,000","421,000,000","288,000,000","-274,000,000","90,000,000","361,000,000","429,000,000","358,000,000","331,000,000","471,000,000","794,000,000","452,000,000","420,000,000","587,000,000","489,000,000","494,000,000","538,000,000","611,000,000","688,000,000","633,000,000","540,000,000","380,000,000","769,000,000","669,000,000","667,000,000","483,000,000","642,000,000","599,000,000","454,000,000","563,000,000","547,000,000","541,000,000","444,000,000","405,000,000","463,000,000","457,000,000","419,000,000","205,000,000","582,000,000","444,000,000","458,000,000","111,000,000","363,000,000","330,000,000","369,000,000","591,000,000","402,000,000","3,000,000","-115,000,000","-10,000,000","424,000,000","539,000,000","527,000,000","469,000,000","508,000,000","508,000,000","250,000,000","3,000,000","589,000,000","446,000,000","480,000,000","516,000,000","460,000,000","464,000,000","440,000,000","365,200,000","476,200,000","437,700,000","379,800,000","496,800,000","428,300,000","335,000,000","278,400,000","-135,600,000","253,600,000","296,400,000","194,700,000","285,500,000","288,400,000","270,200,000","303,700,000","395,800,000","226,100,000","352,400,000","357,600,000","353,700,000","-5,400,000","255,400,000","486,600,000","368,500,000","327,200,000","385,800,000","368,900,000","656,100,000","421,800,000","440,900,000","425,800,000","1,337,900,000","404,700,000","395,400,000","420,800,000","377,700,000","490,600,000","439,400,000","405,400,000","348,800,000","356,100,000","440,400,000","385,900,000","116,900,000","366,500,000","337,600,000","328,300,000","41,200,000","349,100,000","359,600,000","266,900,000","90,800,000","304,800,000","196,500,000","56,800,000","115,000,000","51,700,000","136,600,000","213,700,000","512,900,000","211,300,000","2,811,000,000","2,642,900,000","-7,208,900,000","2,656,000,000","2,792,500,000","2,652,200,000","-6,385,100,000","2,479,500,000","2,558,400,000","2,300,900,000","-7,071,500,000","2,596,100,000","2,646,200,000","2,368,000,000","-6,628,000,000","2,363,400,000"
TaxRateForCalcs,"0.4","0.284","0.27","0.283","0.276","0.27","0.27","0.27","0.209","0.27","0.27","0.256","0.317","0.27","0.27","0.31","0.104","0.292","0.4","0.185","0.189","0.293","0.4","0.4","0.309","0.292","0.269","0.292","0.366","0.343","0.35","0.334","0.205","0.35","0.008","0.217","0.246","0.38","0.35","0.285","0.38","0.35","0.35","0.308","0.35","0.333","0.35","0.35","0.35","0.35","0.029","0.271","0.066","0.047","0.023","0.35","0.35","0.308","0.26","0.374","0.35","0.35","0.363","0.4","0.4","0.4","0.4","0.333","0.4","0.4","0.331","0.4","0.4","0.4","0.4","0.005","0.4","0.4","0.4","0.4","0.4","0.4","0.26","0.177","0.4","0.265","0.307","0.4","0.314","0.367","0.343","0.4","0.308","0.265","0.285","0.241","0.249","0.347","0.4","0.291","0.301","0.34","0.361","0.33","0.313","0.35","0.34","0.32","0.35","0.35","0.329","0.341","0.34","0.4","0.366","0.364","0.364","0.4","0.4","0.377","0.4","0.4","0.388","0.4","0.4","0.4","0.4","0.4","0.4","0.4","0.4","0.4",,,,,,,,,,,,,,,,
TaxEffectOfUnusualItems,"-20,000,000","-2,552,238.806","-5,940,000","-283,422.46","-4,959,183.673","-16,470,000","-5,940,000","-4,590,000","-53,142,857.143","-51,030,000","-15,930,000","-6,404,958.678","2,536,585.366","-24,570,000","1,350,000","-619,883.041","207,650.273","-9,345,132.743","-12,000,000","-8,148,148.148","-2,463,157.895","-7,907,949.791","-1,600,000","-42,800,000","-14,521,594.684","-2,337,078.652","-164,668,627.451","-18,417,633.411","-21,219,512.195","-11,306,406.685","-22,750,000","-17,725,752.508","-3,493,150.685","-68,600,000","-131,782.946","-3,469,879.518","-738,281.25","-50,160,000","-39,200,000","-4,274,193.548","-15,560,240.964","-32,200,000","20,650,000","-5,547,540.984","-17,850,000","-5,333,333.333","-5,600,000","-22,750,000","-3,150,000","-37,450,000","-6,273,381.295","-1,085,714.286","-2,324,723.247","-1,583,561.644","-4,607,449.857","-13,300,000","-22,750,000","-7,084,000","-22,870,056.497","-2,244,094.488","-25,550,000","1,750,000","-1,089,795.918","-61,600,000","-19,200,000","-15,200,000","-36,000,000","8,666,666.667","-5,200,000","-8,400,000","30,027,593.47","-31,640,000","-20,680,000","-32,000,000","-116,560,000","-699,248.12","-28,200,000","-39,800,000","-1,320,000","5,480,000","-2,960,000","-10,880,000","-38,437,643.556","-3,309,734.513","-1,200,000","-16,561,889.764","-41,406,533.575","-1,080,000","-3,891,034.483","-3,304,477.612","-5,213,526.57","61,760,000","863,578.947","-36,614,409.222","-2,079,576.221","10,770,561.706","3,258,927.897","20,590,277.778","-101,480,000","813,596.491","-60,218.182","-1,530,209.14","-330,935,493.972","3,728,110.236","6,134,405.85","-5,563,297.645","67,989.179","-351,619.87","-3,395,362.752","-9,732,033.155","65,715.691","2,830,531.359","-9,310,679.612","-17,360,000","37,131,372.549","-1,529,411.765","9,427,037.192","-5,640,000","54,960,000","-1,962,145.871","3,600,000","6,520,000","51,111,097.411","520,000","13,360,000","13,560,000","27,840,000","18,480,000","10,560,000","5,760,000","-49,400,000","17,440,000",,,,,,,,,,,,,,,,