name,ttm,03/31/2022,12/31/2021,09/30/2021,06/30/2021,03/31/2021,12/31/2020,09/30/2020,06/30/2020,03/31/2020,12/31/2019,09/30/2019,06/30/2019,03/31/2019,12/31/2018,09/30/2018,06/30/2018,03/31/2018,12/31/2017,09/30/2017,06/30/2017,03/31/2017,12/31/2016,09/30/2016,06/30/2016,03/31/2016,12/31/2015,09/30/2015,06/30/2015,03/31/2015,12/31/2014,09/30/2014,06/30/2014,03/31/2014,12/31/2013,09/30/2013,06/30/2013,03/31/2013,12/31/2012,09/30/2012,06/30/2012,03/31/2012,12/31/2011,09/30/2011,06/30/2011,03/31/2011,12/31/2010,09/30/2010,06/30/2010,03/31/2010,12/31/2009,09/30/2009,06/30/2009,03/31/2009,12/31/2008,09/30/2008,06/30/2008,03/31/2008,12/31/2007,09/30/2007,06/30/2007,03/31/2007,12/31/2006,09/30/2006,06/30/2006,03/31/2006,12/31/2005,09/30/2005,06/30/2005,03/31/2005,12/31/2004,09/30/2004,06/30/2004,03/31/2004,12/31/2003,09/30/2003,06/30/2003,03/31/2003,12/31/2002,09/30/2002,06/30/2002,03/31/2002,12/31/2001,09/30/2001,06/30/2001,03/31/2001,12/31/2000,09/30/2000,06/30/2000,03/31/2000,12/31/1999,09/30/1999,06/30/1999,03/31/1999,12/31/1998,09/30/1998,06/30/1998,03/31/1998,12/31/1997,09/30/1997,06/30/1997,03/31/1997,12/31/1996,09/30/1996,06/30/1996,03/31/1996,12/31/1995,09/30/1995,06/30/1995,03/31/1995,12/31/1994,09/30/1994,06/30/1994,03/31/1994,12/31/1993,09/30/1993,06/30/1993,03/31/1993,12/31/1992,09/30/1992,06/30/1992,03/31/1992,12/31/1991,09/30/1991,06/30/1991,03/31/1991,12/31/1990,09/30/1990,06/30/1990,03/31/1990,12/31/1989,09/30/1989,06/30/1989,03/31/1989,12/31/1988,09/30/1988,06/30/1988,03/31/1988
TotalRevenue,"2,991,307,000","547,586,000","313,839,000","1,062,129,000","964,172,000","669,913,000","945,572,000","1,065,189,000","915,771,000","635,927,000","948,155,000","1,088,110,000","789,540,000","619,801,000","892,325,000","1,055,591,000","807,119,000","563,379,000","801,274,000","957,126,000","762,913,000","468,400,000","666,681,000","803,905,000","604,579,000","439,452,000","630,162,000","751,376,000","569,242,000","420,249,000","589,789,000","719,764,000","585,870,000","379,847,000","596,460,000","741,575,000","550,162,000","378,704,000","504,780,000","728,482,000","539,615,000","310,160,000","539,548,000","728,578,000","484,674,000","256,731,000","417,228,000","670,850,000","454,204,000","220,683,000","434,748,000","720,284,000","461,075,000","347,372,000","627,324,000","897,788,000","694,332,000","454,800,000","633,065,000","846,313,000","770,876,000","487,660,000","719,927,000","941,672,000","812,037,000","495,968,000","679,552,000","864,162,000","676,704,000","420,934,000","540,615,000","699,825,000","558,754,000","337,018,000","492,726,000","580,200,000","469,405,000","302,160,000","452,859,000","583,728,000","459,010,000","269,145,000","426,965,000","516,732,000","376,682,000","227,615,000","346,427,000","441,756,000","343,712,000","216,430,000","366,000,000","418,700,000","329,300,000","214,800,000","338,000,000","412,000,000","292,800,000","183,300,000","309,800,000","329,000,000","242,600,000","146,800,000","223,900,000","302,600,000","248,500,000","153,700,000","256,300,000","306,600,000","226,700,000","105,300,000","172,900,000","240,200,000","173,600,000","106,700,000","166,400,000","183,600,000","142,900,000","77,500,000","133,600,000","186,700,000","130,000,000","68,000,000","149,800,000","173,900,000","148,600,000","91,800,000","158,700,000","172,800,000","138,700,000","87,800,000","164,100,000","154,700,000","117,700,000","67,600,000","116,700,000","143,600,000","105,400,000","71,400,000"
	OperatingRevenue,"2,991,307,000","547,586,000","313,839,000","1,062,129,000","964,172,000","669,913,000","945,572,000","1,065,189,000","915,771,000","635,927,000","948,155,000","1,088,110,000","789,540,000","619,801,000","892,325,000","1,055,591,000","807,119,000","563,379,000","801,274,000","957,126,000","762,913,000","468,400,000","666,681,000","803,905,000","604,579,000","439,452,000","630,162,000","751,376,000","569,242,000","420,249,000","589,789,000","719,764,000","585,870,000","379,847,000","596,460,000","741,575,000","550,162,000","378,704,000","504,780,000","728,482,000","539,615,000","310,160,000","539,548,000","728,578,000","484,674,000","256,731,000","417,228,000","670,850,000","454,204,000","220,683,000","434,748,000","720,284,000","461,075,000","347,372,000","627,324,000","897,788,000","694,332,000","454,800,000","633,065,000","846,313,000","770,876,000","487,660,000","719,927,000","941,672,000","812,037,000","495,968,000","679,552,000","864,162,000","676,704,000","420,934,000","540,615,000","699,825,000","558,754,000","337,018,000","492,726,000","580,200,000","469,405,000","302,160,000","452,859,000","583,728,000","459,010,000","269,145,000","426,965,000","516,732,000","376,682,000","227,615,000","346,427,000","441,756,000","343,712,000","216,430,000","366,000,000","418,700,000","329,300,000","214,800,000","338,000,000","412,000,000","292,800,000","183,300,000","309,800,000","329,000,000","242,600,000","146,800,000","223,900,000","302,600,000","248,500,000","153,700,000","256,300,000","306,600,000","226,700,000","105,300,000","172,900,000","240,200,000","173,600,000","106,700,000","166,400,000","183,600,000","142,900,000","77,500,000","133,600,000","186,700,000","130,000,000","68,000,000","149,800,000","173,900,000","148,600,000","91,800,000","158,700,000","172,800,000","138,700,000","87,800,000","164,100,000","154,700,000","117,700,000","67,600,000","116,700,000","143,600,000","105,400,000","71,400,000"
CostOfRevenue,"2,689,688,000","497,811,000","308,482,000","942,194,000","847,226,000","606,595,000","838,923,000","939,192,000","827,428,000","612,128,000","805,983,000","996,678,000","841,944,000","579,323,000","784,276,000","911,100,000","726,750,000","507,096,000","700,567,000","842,596,000","688,343,000","443,274,000","585,431,000","696,231,000","531,378,000","400,207,000","533,579,000","650,478,000","503,474,000","380,140,000","509,998,000","653,072,000","503,455,000","358,439,000","546,847,000","687,179,000","498,965,000","348,646,000","447,972,000","627,383,000","487,699,000","285,224,000","460,422,000","634,685,000","439,718,000","226,743,000","371,011,000","594,695,000","404,506,000","214,969,000","344,805,000","615,112,000","377,830,000","279,359,000","510,626,000","753,486,000","585,306,000","356,106,000","534,628,000","709,676,000","643,242,000","439,624,000","663,484,000","835,740,000","718,927,000","455,733,000","573,528,000","754,461,000","599,997,000","393,994,000","484,370,000","604,477,000","499,010,000","326,334,000","434,535,000","498,141,000","416,222,000","269,143,000","396,267,000","506,507,000","395,151,000","242,233,000","373,802,000","454,946,000","330,271,000","192,697,000","281,934,000","363,048,000","282,833,000","179,367,000","304,000,000","349,400,000","272,300,000","181,500,000","291,300,000","348,000,000","240,700,000","154,900,000","274,300,000","280,600,000","201,800,000","121,600,000","188,100,000","252,200,000","209,900,000","130,200,000","218,900,000","257,500,000","189,400,000","84,500,000","144,100,000","195,500,000","147,300,000","91,200,000","142,300,000","157,800,000","125,900,000","67,600,000","110,700,000","162,200,000","110,300,000","58,400,000","124,700,000","145,500,000","122,400,000","76,800,000","132,400,000","145,700,000","113,000,000",,,,,,,,,
GrossProfit,"301,619,000","49,775,000","5,357,000","119,935,000","116,946,000","63,318,000","106,649,000","125,997,000","88,343,000","23,799,000","142,172,000","91,432,000","-52,404,000","40,478,000","108,049,000","144,491,000","80,369,000","56,283,000","100,707,000","114,530,000","74,570,000","25,126,000","81,250,000","107,674,000","73,201,000","39,245,000","96,583,000","100,898,000","65,768,000","40,109,000","79,791,000","66,692,000","82,415,000","21,408,000","49,613,000","54,396,000","51,197,000","30,058,000","56,808,000","101,099,000","51,916,000","24,936,000","79,126,000","93,893,000","44,956,000","29,988,000","46,217,000","76,155,000","49,698,000","5,714,000","89,943,000","105,172,000","83,245,000","68,013,000","116,698,000","144,302,000","109,026,000","98,694,000","98,437,000","136,637,000","127,634,000","48,036,000","56,443,000","105,932,000","93,110,000","40,235,000","106,024,000","109,701,000","76,707,000","26,940,000","56,245,000","95,348,000","59,744,000","10,684,000","58,191,000","82,059,000","53,183,000","33,017,000","56,592,000","77,221,000","63,859,000","26,912,000","53,163,000","61,786,000","46,411,000","34,918,000","64,493,000","78,708,000","60,879,000","37,063,000","62,000,000","69,300,000","57,000,000","33,300,000","46,700,000","64,000,000","52,100,000","28,400,000","35,500,000","48,400,000","40,800,000","25,200,000","35,800,000","50,400,000","38,600,000","23,500,000","37,400,000","49,100,000","37,300,000","20,800,000","28,800,000","44,700,000","26,300,000","15,500,000","24,100,000","25,800,000","17,000,000","9,900,000","22,900,000","24,500,000","19,700,000","9,600,000","25,100,000","28,400,000","26,200,000","15,000,000","26,300,000","27,100,000","25,700,000",,,,,,,,,
OperatingExpense,"269,483,000","66,715,000","25,291,000","81,362,000","80,022,000","151,563,000","100,752,000","82,505,000","91,682,000","78,381,000","83,404,000","73,424,000","69,998,000","81,155,000","79,439,000","70,769,000","61,316,000","61,252,000","60,085,000","49,501,000","51,388,000","61,837,000","60,267,000","54,194,000","48,705,000","56,133,000","55,965,000","50,077,000","49,094,000","52,203,000","56,090,000","47,386,000","51,098,000","49,247,000","49,248,000","46,586,000","46,454,000","57,659,000","59,825,000","41,280,000","37,852,000","43,188,000","41,025,000","39,112,000","38,793,000","40,668,000","24,036,000","47,160,000","47,557,000","50,840,000","37,975,000","60,465,000","58,477,000","56,153,000","58,249,000","69,925,000","63,605,000","60,250,000","53,027,000","60,672,000","60,784,000","53,624,000","60,850,000","57,330,000","44,886,000","44,018,000","49,123,000","47,708,000","47,717,000","38,844,000","39,081,000","41,369,000","34,805,000","23,214,000","36,401,000","42,533,000","36,395,000","36,550,000","40,299,000","40,182,000","35,531,000","30,455,000","36,069,000","31,926,000","26,843,000","24,444,000","43,356,000","40,534,000","38,131,000","33,547,000","35,700,000","36,400,000","35,600,000","29,600,000","32,100,000","32,800,000","29,600,000","27,400,000","28,500,000","29,000,000","28,300,000","26,000,000","32,000,000","26,800,000","26,200,000","24,400,000","28,600,000","28,800,000","24,500,000","20,200,000","24,500,000","24,600,000","20,100,000","18,900,000","20,300,000","17,900,000","17,300,000","17,600,000","22,800,000","17,900,000","15,900,000","16,200,000","19,100,000","18,100,000","17,700,000","17,000,000","17,500,000","17,000,000","16,800,000",,,,,,,,,
	SellingGeneralAndAdministration,"240,423,000","58,501,000","15,683,000","77,603,000","74,069,000","75,728,000","100,752,000","82,505,000","91,682,000","78,381,000","83,404,000","73,424,000","69,998,000","81,155,000","79,439,000","70,769,000","61,316,000","61,252,000","60,085,000","49,501,000","51,388,000","61,837,000","60,267,000","54,194,000","48,705,000","56,133,000","55,965,000","50,077,000","49,094,000","52,203,000","56,090,000","47,386,000","51,098,000","49,247,000","49,248,000","46,586,000","46,454,000","57,659,000","68,735,000","38,862,000","40,806,000","43,188,000","41,025,000","39,112,000","38,793,000","43,372,000","37,784,000","47,160,000","51,357,000","55,292,000","55,144,000","60,465,000","55,669,000","53,632,000","59,188,000","71,933,000","65,760,000","60,651,000","63,069,000","63,666,000","65,130,000","54,337,000","48,530,000","58,560,000","48,935,000","48,256,000","53,767,000","50,149,000","40,606,000","38,870,000","40,570,000","44,007,000","35,914,000","36,544,000","36,401,000","42,533,000","36,395,000","36,550,000","40,299,000","40,182,000","35,531,000","30,455,000","36,069,000","31,926,000","26,843,000","24,444,000","25,955,000","29,304,000","26,925,000","22,859,000","24,900,000","25,600,000","24,800,000","19,600,000","22,700,000","23,000,000","19,900,000","18,200,000","19,000,000","19,500,000","18,500,000","16,600,000","22,100,000","17,200,000","16,800,000","15,500,000","19,300,000","20,300,000","16,900,000","13,100,000","17,700,000","18,300,000","14,000,000","12,800,000","14,100,000","11,500,000","10,700,000","10,800,000","15,500,000","11,400,000","9,900,000","10,000,000","12,600,000","11,600,000","11,200,000","11,200,000","11,800,000","11,300,000","11,100,000",,,,,,,,,
		GeneralAndAdministrativeExpense,"176,119,000","41,245,000","6,135,000","59,650,000","56,438,000","55,790,000","76,885,000","62,373,000","72,470,000","57,105,000","62,777,000","55,888,000","51,539,000","60,068,000","58,416,000","52,760,000","42,124,000","44,751,000",,"37,357,000","37,274,000","44,015,000",,"40,170,000","34,926,000","41,609,000",,"39,626,000","36,045,000","38,381,000",,"35,224,000","37,967,000","36,910,000",,"34,586,000","36,678,000","44,190,000",,"36,549,000",,,,,,,,,,,"55,144,000","60,465,000","55,669,000","53,632,000",,,,,,,,,,,,,,,,,,,,,,,,,,,,,,,,,,,,,,,,,,,,,,,,,,,,,,,,,,,,,,,,,,,,,,,,,,,,,,,,,,,,
			SalariesAndWages,"102,029,000","25,800,000","12,680,000","27,022,000","29,475,000","30,716,000","41,410,000","27,211,000","27,788,000","29,986,000","30,934,000","28,044,000","26,560,000","31,874,000","30,533,000","27,615,000","22,570,000","28,259,000",,"22,865,000","22,153,000","28,795,000",,"23,465,000","18,648,000","26,465,000",,"24,641,000","18,532,000","22,349,000",,"18,432,000","17,826,000","22,175,000",,"18,128,000","21,849,000","25,684,000",,"23,024,000",,,,,,,,,,,,,,,,,,,,,,,,,,,,,,,,,,,,,,,,,,,,,,,,,,,,,,,,,,,,,,,,,,,,,,,,,,,,,,,,,,,,,,,,,,,,,,,,,,
			OtherGandA,"74,090,000","15,445,000","-6,545,000","32,628,000","26,963,000","25,074,000","35,475,000","35,162,000","44,682,000","27,119,000","31,843,000","27,844,000","24,979,000","28,194,000","27,883,000","25,145,000","19,554,000","16,492,000",,"14,492,000","15,121,000","15,220,000",,"16,705,000","16,278,000","15,144,000",,"14,985,000","17,513,000","16,032,000",,"16,792,000","20,141,000","14,735,000",,"16,458,000","14,829,000","18,506,000",,"13,525,000",,,,,,,,,,,,,,,,,,,,,,,,,,,,,,,,,,,,,,,,,,,,,,,,,,,,,,,,,,,,,,,,,,,,,,,,,,,,,,,,,,,,,,,,,,,,,,,,,,
		SellingAndMarketingExpense,"64,304,000","17,256,000","9,548,000","17,953,000","17,631,000","19,938,000","23,867,000","20,132,000","19,212,000","21,276,000","20,627,000","17,536,000","18,459,000","21,087,000","21,023,000","18,009,000","19,192,000","16,501,000",,"12,144,000","14,114,000","17,822,000",,"14,024,000","13,779,000","14,524,000",,"10,451,000","13,049,000","13,822,000",,"12,162,000","13,131,000","12,337,000",,"12,000,000","9,776,000","13,469,000",,"2,313,000",,,,,,,,,,,,,,,,,,,,,,,,,,,,,,,,,,,,,,,,,,,,,,,,,,,,,,,,,,,,,,,,,,,,,,,,,,,,,,,,,,,,,,,,,,,,,,,,,,
	DepreciationAmortizationDepletionIncomeStatement,,,,,,,,,,,,,,,,,,,,,,,,,,,,"1,679,000",,,,,,,,,"2,609,000","6,960,000",,,,,,,,,,,,,,,,,,,,,,,,,,,,,,,,,,,,,,,,,,,,,,,,"12,662,000","17,401,000","11,230,000","11,206,000","10,688,000","10,800,000","10,800,000","10,800,000","10,000,000","9,400,000","9,800,000","9,700,000","9,200,000","9,500,000","9,500,000","9,800,000","9,400,000","9,900,000","9,600,000","9,400,000","8,900,000","9,300,000","8,500,000","7,600,000","7,100,000","6,800,000","6,300,000","6,100,000","6,100,000","6,200,000","6,400,000","6,600,000","6,800,000","7,300,000","6,500,000","6,000,000","6,200,000","6,500,000","6,500,000","6,500,000","5,800,000","5,700,000","5,700,000","5,700,000",,,,,,,,,
		DepreciationAndAmortizationInIncomeStatement,,,,,,,,,,,,,,,,,,,,,,,,,,,,"1,679,000",,,,,,,,,"2,609,000","6,960,000",,,,,,,,,,,,,,,,,,,,,,,,,,,,,,,,,,,,,,,,,,,,,,,,"12,662,000","17,401,000","11,230,000","11,206,000","10,688,000","10,800,000","10,800,000","10,800,000","10,000,000","9,400,000","9,800,000","9,700,000","9,200,000","9,500,000","9,500,000","9,800,000","9,400,000","9,900,000","9,600,000","9,400,000","8,900,000","9,300,000","8,500,000","7,600,000","7,100,000","6,800,000","6,300,000","6,100,000","6,100,000","6,200,000","6,400,000","6,600,000","6,800,000","7,300,000","6,500,000","6,000,000","6,200,000","6,500,000","6,500,000","6,500,000","5,800,000","5,700,000","5,700,000","5,700,000",,,,,,,,,
			Amortization,,,,,,,,,,,,,,,,,,,,,,,,,,,,"1,679,000",,,,,,,,,"2,609,000","6,960,000",,,,,,,,,,,,,,,,,,,,,,,,,,,,,,,,,,,,,,,,,,,,,,,,,,,,,,,,,,,,,,,,,,,,,,,,,,,,,,,,,,,,,,,,,,,,,,,,,,,,
				AmortizationOfIntangiblesIncomeStatement,,,,,,,,,,,,,,,,,,,,,,,,,,,,"1,679,000",,,,,,,,,"2,609,000","6,960,000",,,,,,,,,,,,,,,,,,,,,,,,,,,,,,,,,,,,,,,,,,,,,,,,,,,,,,,,,,,,,,,,,,,,,,,,,,,,,,,,,,,,,,,,,,,,,,,,,,,,
	OtherOperatingExpenses,"29,060,000","8,214,000","9,608,000","3,759,000","5,953,000","75,835,000",,,,,,,,,,,,,,"1,426,000","1,647,000","9,177,000",,"1,550,000","1,656,000","6,557,000",,,"1,702,000","4,254,000",,,"2,390,000","5,490,000",,"2,476,000",,,,"2,418,000","-2,954,000",,,,,"-2,704,000",,,"-3,800,000","-4,452,000",,"1,549,000","2,808,000","2,521,000","-939,000","-2,008,000","-2,155,000","-401,000","-10,042,000","-2,994,000","-4,346,000","-713,000","12,320,000","-1,230,000","-4,049,000","-4,238,000",,"-2,441,000","7,111,000","-26,000","-1,489,000","-2,638,000","-1,109,000","-13,330,000",,,,,,,,,,,,"-12,662,000",,,,,,,,,,,,,,,,,,,,,,,,,,,,,,,,,,,,,,,,,,,,,,,,,,,,
OperatingIncome,"32,136,000","-16,940,000","-19,934,000","38,573,000","36,924,000","-88,245,000","5,897,000","43,492,000","-3,339,000","-54,582,000","58,768,000","18,008,000","-122,402,000","-40,677,000","28,610,000","73,722,000","19,053,000","-4,969,000","40,622,000","65,029,000","23,182,000","-36,711,000","20,983,000","53,480,000","24,496,000","-16,888,000","40,618,000","50,821,000","16,674,000","-12,094,000","23,701,000","19,306,000","31,317,000","-27,839,000","365,000","7,810,000","4,743,000","-27,601,000","-3,017,000","59,819,000","14,064,000","-18,252,000","38,101,000","54,781,000","6,163,000","-10,680,000","22,181,000","28,995,000","2,141,000","-45,126,000","51,968,000","44,707,000","24,768,000","11,860,000","58,449,000","74,377,000","45,421,000","38,444,000","45,410,000","75,965,000","66,850,000","-5,588,000","-4,407,000","48,602,000","48,224,000","-3,783,000","56,901,000","61,993,000","28,990,000","-11,904,000","17,164,000","53,979,000","24,939,000","-12,530,000","21,790,000","39,526,000","16,788,000","-3,533,000","16,293,000","37,039,000","28,328,000","-3,543,000","17,094,000","29,860,000","19,568,000","10,474,000","21,137,000","38,174,000","22,748,000","3,516,000","26,300,000","32,900,000","21,400,000","3,700,000","14,600,000","31,200,000","22,500,000","1,000,000","7,000,000","19,400,000","12,500,000","-800,000","3,800,000","23,600,000","12,400,000","-900,000","8,800,000","20,300,000","12,800,000","600,000","4,300,000","20,100,000","6,200,000","-3,400,000","3,800,000","7,900,000","-300,000","-7,700,000","100,000","6,600,000","3,800,000","-6,600,000","6,000,000","10,300,000","8,500,000","-2,000,000","8,800,000","10,100,000","8,900,000","87,800,000","-321,100,000","154,700,000","117,700,000","67,600,000","-298,600,000","143,600,000","105,400,000","71,400,000"
NetNonOperatingInterestIncomeExpense,"-16,917,000","-2,952,000","-3,822,000","-4,838,000","-5,319,000","-5,125,000","-6,015,000","-5,604,000","-5,782,000","-3,703,000","-4,187,000","-3,126,000","-2,430,000","-1,198,000","-2,626,000","-2,919,000","-2,030,000","-914,000","-1,317,000","-1,519,000","-1,530,000","-1,692,000","-2,295,000","-2,244,000","-2,389,000","-2,213,000","-2,717,000","-2,894,000","-3,457,000","-3,054,000","-3,204,000","-2,037,000","-3,926,000","-3,120,000","-2,630,000","-3,134,000","-3,320,000","-3,517,000","-1,547,000","-2,076,000","-2,216,000","-2,138,000","-2,126,000","-2,942,000","-304,000","-2,112,000","-1,613,000","1,563,000","-1,915,000","-2,795,000","-4,035,000","-3,501,000","-1,744,000","-1,427,000",,,,,,,,,,,,,,,,,,,,,,,,,,,,,,,,,,,,,,,,,,,,,,,,,,,,,,,,,,,,,,,,,,,,,,,,,,,,,,,,,,,,
	InterestIncomeNonOperating,"1,568,000","623,000","441,000","293,000","188,000","256,000","283,000","755,000","767,000","1,291,000","1,176,000","1,713,000","1,728,000","2,816,000","1,855,000","1,533,000","1,173,000","1,521,000","1,386,000","1,141,000","1,164,000","1,051,000","801,000","790,000","798,000","836,000","574,000","591,000","528,000","442,000","529,000","451,000","413,000","479,000","675,000","602,000","380,000","129,000","486,000","485,000","611,000","1,044,000","583,000","476,000","575,000","1,244,000","833,000","2,110,000","1,098,000","939,000","1,135,000","744,000","1,109,000","2,061,000",,,,,,,,,,,,,,,,,,,,,,,,,,,,,,,,,,,,,,,,,,,,,,,,,,,,,,,,,,,,,,,,,,,,,,,,,,,,,,,,,,,,
	InterestExpenseNonOperating,"18,485,000","3,575,000","4,263,000","5,131,000","5,507,000","5,381,000","6,298,000","6,359,000","6,549,000","4,994,000","5,363,000","4,839,000","4,158,000","4,014,000","4,481,000","4,452,000","3,203,000","2,435,000","2,703,000","2,660,000","2,694,000","2,743,000","3,096,000","3,034,000","3,187,000","3,049,000","3,291,000","3,485,000","3,985,000","3,496,000","3,733,000","2,488,000","4,339,000","3,599,000","3,305,000","3,736,000","3,700,000","3,646,000","2,033,000","2,561,000","2,827,000","3,182,000","2,709,000","3,418,000","879,000","3,356,000","2,446,000","547,000","3,013,000","3,734,000","5,170,000","4,245,000","2,853,000","3,488,000",,,,,,,,,,,,,,,,,,,,,,,,,,,,,,,,,,,,,,,,,,,,,,,,,,,,,,,,,,,,,,,,,,,,,,,,,,,,,,,,,,,,
OtherIncomeExpense,"38,195,000","-1,356,000","-10,655,000","7,592,000","39,761,000","5,592,000","10,743,000","-124,996,000","6,366,000","-28,963,000","8,921,000","10,505,000","-889,000","1,629,000","-12,540,000","-3,014,000","-20,308,000","-7,910,000","7,841,000","5,794,000","2,708,000","2,056,000","11,198,000","3,554,000","5,266,000","3,414,000","14,269,000","1,932,000","1,297,000","2,032,000","11,748,000","2,917,000","5,100,000","1,634,000","-46,324,000","3,805,000","3,509,000","2,265,000","28,607,000","5,116,000","-5,502,000","8,171,000","192,000","5,646,000","2,401,000","313,000","-118,649,000","4,717,000","1,547,000","2,578,000","5,166,000","5,534,000","2,214,000","3,341,000","1,971,000","1,300,000","2,867,000","8,157,000","1,939,000","6,640,000","3,884,000","831,000","-11,780,000","1,992,000","8,191,000","3,555,000","6,874,000","2,702,000","-7,779,000","-107,000","9,060,000","2,700,000","3,868,000","13,539,000","1,111,000","3,067,000","2,293,000","18,638,000","1,089,000","2,057,000","20,000","570,000","2,737,000","7,350,000","1,652,000","3,447,000","-579,000","1,486,000","2,947,000","749,000","-2,900,000","1,000,000","5,300,000","2,200,000","4,800,000","4,200,000","3,300,000","3,200,000","4,300,000","4,200,000","2,400,000","2,600,000","1,400,000","1,800,000","3,100,000","2,400,000","1,500,000","2,000,000","1,200,000","1,800,000","1,500,000","2,000,000","1,600,000","500,000","1,200,000","1,200,000","900,000","600,000","1,200,000","900,000","900,000","1,100,000","1,200,000","2,300,000","1,300,000","1,400,000","1,600,000","1,800,000","1,300,000",,,,,,,,,
	EarningsFromEquityInterest,"2,891,000","-306,000","-7,113,000","2,539,000","6,231,000","1,808,000","4,368,000","2,353,000","2,016,000","46,000","1,295,000","6,275,000","2,594,000","1,290,000","1,408,000","1,769,000","3,534,000","224,000","2,200,000","2,732,000","1,259,000","916,000","2,594,000","2,424,000","717,000","1,442,000","1,448,000","1,155,000","670,000","-63,000","-1,409,000","1,109,000","410,000","791,000","1,031,000","-2,000","698,000","-423,000","1,608,000","1,481,000","-484,000","-617,000",,"1,881,000","-181,000","-257,000","933,000","529,000","-387,000","-319,000","3,336,000","4,021,000","783,000","-444,000","378,000","-1,257,000","528,000","-707,000","846,000","4,037,000","-29,000","351,000","636,000","770,000","828,000","-77,000",,"85,000","-17,000","-60,000",,"3,000","2,766,000",,,,,,,,,,,,,,,,,,,,,,,,,,,,,,,,,,,,,,,,,,,,,,,,,,,,,,,,,,,,,,,,,
	SecuritiesAmortization,,,,,,,,,,,,,,"5,930,000","1,151,000","1,516,000","1,735,000","8,402,000",,"1,426,000","1,647,000","9,177,000",,"1,550,000","1,656,000","6,557,000",,"1,679,000","1,702,000","4,254,000",,,"2,390,000","5,490,000",,"2,476,000","2,609,000","6,960,000",,"2,418,000",,,,,,,,,,,,,,,,,,,,,,,,,,,,,,,,,,,,,,,,,,,,,,,,,,,,,,,,,,,,,,,,,,,,,,,,,,,,,,,,,,,,,,,,,,,,,,,,,,
	SpecialIncomeCharges,"31,868,000","332,000","-5,568,000","5,159,000","31,636,000","2,554,000","2,080,000","-129,316,000","1,190,000","-23,790,000","4,712,000","4,357,000","-4,242,000","-1,423,000","-13,409,000","-6,316,000","-24,782,000","-7,866,000","3,763,000","1,753,000","807,000","270,000","7,919,000","398,000","1,366,000","600,000","12,199,000","804,000","475,000","811,000","11,724,000","3,004,000","2,993,000","894,000","-47,685,000","2,785,000","3,306,000","1,585,000","20,816,000","3,635,000","-5,018,000","8,788,000","1,635,000","3,765,000","2,582,000","570,000","-119,582,000","4,188,000","1,934,000","2,897,000","1,830,000","1,513,000","1,431,000","3,785,000","1,593,000","2,557,000","2,339,000","8,864,000","1,093,000","2,603,000","3,913,000","480,000","-12,416,000","1,222,000","7,363,000","3,632,000","6,882,000","2,617,000","-7,762,000","-47,000","11,936,000","2,697,000","1,102,000","13,539,000","1,111,000","3,067,000","2,293,000","18,638,000","1,089,000","2,057,000","20,000","570,000","2,737,000","7,350,000","1,652,000","3,447,000","-579,000","1,486,000","2,947,000","749,000","-2,900,000","1,000,000","5,300,000","2,200,000","4,800,000","4,200,000","3,300,000","3,200,000","4,300,000","4,200,000","2,400,000","2,600,000","1,400,000","1,800,000","3,100,000","2,400,000","1,500,000","2,000,000","1,200,000","1,800,000","1,500,000","2,000,000","1,600,000","500,000","1,200,000","1,200,000","900,000","600,000","1,200,000","900,000","900,000","1,100,000","1,200,000","2,300,000","1,300,000","1,400,000","1,600,000","1,800,000","1,300,000",,,,,,,,,
		RestructuringAndMergernAcquisition,,,,,,,"-20,000","73,000","0","0","55,000","2,744,000","9,177,000","3,323,000","16,015,000","9,334,000","26,287,000","8,409,000","-1,394,000",,,,,,,,"-6,007,000",,,,"-2,643,000",,,,"3,257,000","474,000","0","-498,000","-1,200,000",,,,,,,,,,,,,,,,,,,,,,,,,,,,,,,,,,,,,,,,,,,,,,,,,,,,,,,,,,,,,,,,,,,,,,,,,,,,,,,,,,,,,,,,,,,,,,,,,,,
		ImpairmentOfCapitalAssets,,,,"0","0","0","0","132,300,000","0","24,413,000",,,,,,,,,,,,,,,,,,,,,,,,,,,,,,,,,,,,,,,,,,,,,,,,,,,,,,,,,,,,,,,,,,,,,,,,,,,,,,,,,,,,,,,,,,,,,,,,,,,,,,,,,,,,,,,,,,,,,,,,,,,,,,,,
		OtherSpecialCharges,,,,,,,,,,,,,,,,,,,"-1,878,000","-1,309,000","-642,000","-870,000","-685,000","-732,000","-3,183,000","-1,372,000","-622,000","27,000","-152,000","-1,284,000","-4,076,000",,"-1,697,000","51,000","51,832,000","-1,022,000","495,000","-1,601,000","-3,516,000","-2,013,000",,,,,,,,,,,,,,,,,,,,,,,,,,,,,,,,,,,,,,,,,,,,,,,,,,,,,,,,,,,,,,,,,,,,,,,,,,,,,,,,,,,,,,,,,,,,,,,,,,
		GainOnSaleOfPPE,"31,868,000","332,000","-5,568,000","5,159,000","31,636,000","2,554,000","2,060,000","3,057,000","1,190,000","623,000","4,767,000","7,101,000","4,935,000","1,900,000","2,606,000","3,018,000","1,505,000","543,000","1,352,000","1,753,000","807,000","270,000","5,994,000","398,000","1,366,000","600,000","6,196,000","804,000","475,000","811,000","9,081,000","3,004,000","2,993,000","894,000","4,477,000","3,259,000","3,306,000","1,087,000","20,954,000","1,622,000",,,,,,,,,,,,,,,,,,,,,,,,,,,,,,,,,,,,,,,,,,,,,,,,,,,,,,,,,,,,,,,,,,,,,,,,,,,,,,,,,,,,,,,,,,,,,,,,,,
	OtherNonOperatingIncomeExpenses,"3,436,000","-1,382,000","2,026,000","-106,000","1,894,000","1,230,000","4,295,000","1,967,000","3,160,000","-5,219,000","2,914,000","-127,000","759,000","1,762,000","-539,000","1,533,000","940,000","-268,000","1,878,000","1,309,000","642,000","870,000","685,000","732,000","3,183,000","1,372,000","622,000","-27,000","152,000","1,284,000","1,433,000","-1,196,000","1,697,000","-51,000","330,000","1,022,000","-495,000","1,103,000","2,316,000",,,,,,,,,,,,,,,,,,,,,,,,,,,,,,,,,,,,,,,,,,,,,,,,,,,,,,,,,,,,,,,,,,,,,,,,,,,,,,,,,,,,,,,,,,,,,,,,,,,
PretaxIncome,"53,414,000","-21,248,000","-34,411,000","41,327,000","71,366,000","-87,778,000","10,625,000","-87,085,000","-2,755,000","-87,248,000","63,502,000","25,387,000","-125,721,000","-40,246,000","13,444,000","67,789,000","-3,285,000","-13,793,000","47,146,000","69,304,000","24,360,000","-36,347,000","29,886,000","54,790,000","27,373,000","-15,687,000","52,170,000","49,859,000","14,514,000","-13,116,000","32,245,000","20,186,000","32,491,000","-29,325,000","-48,589,000","8,481,000","4,932,000","-28,853,000","24,043,000","62,859,000","6,346,000","-12,219,000","36,167,000","57,485,000","8,260,000","-12,479,000","-98,081,000","35,275,000","1,773,000","-45,343,000","39,343,000","49,838,000","30,854,000","18,816,000","65,212,000","73,805,000","46,668,000","47,745,000","42,067,000","85,241,000","70,799,000","-287,000","3,126,000","55,100,000","55,919,000","-1,128,000","62,353,000","63,213,000","28,654,000","-11,909,000","26,850,000","36,677,000","27,156,000","-12,663,000","22,690,000","41,799,000","18,554,000","14,482,000","18,957,000","38,691,000","27,719,000","-2,628,000","19,548,000","38,610,000","20,811,000","2,528,000","20,745,000","40,487,000","25,908,000","5,730,000","23,400,000","33,900,000","24,600,000","4,100,000","16,300,000","33,100,000","23,400,000","2,200,000","8,900,000","21,700,000","13,200,000","300,000","3,800,000","24,300,000","14,700,000","600,000","9,100,000","21,200,000","13,000,000","1,900,000","5,400,000","21,100,000","7,200,000","-3,300,000","4,400,000","8,600,000",,"-7,700,000","400,000","6,700,000","4,400,000","-6,000,000","6,700,000","12,300,000","9,400,000","-1,500,000","9,800,000","11,200,000","9,300,000",,,,,,,,,
TaxProvision,"15,189,000","-5,331,000","-3,305,000","8,904,000","15,619,000","-22,455,000","4,938,000","11,272,000","-1,782,000","-14,710,000","17,075,000","3,474,000","-31,760,000","-9,165,000","3,057,000","8,692,000","2,796,000","-4,131,000","11,821,000","21,249,000","8,088,000","-12,496,000","9,720,000","16,703,000","8,916,000","-5,177,000","17,031,000","17,679,000","4,975,000","-4,506,000","11,420,000","6,081,000","10,284,000","-8,064,000","-16,028,000","4,026,000","1,766,000","-9,027,000","5,669,000","17,113,000","1,859,000","-3,532,000","11,375,000","15,109,000","2,087,000","-5,223,000","-32,695,000","-8,026,000","4,406,000","-7,613,000","12,334,000","13,300,000","8,187,000","4,829,000","21,011,000","21,473,000","13,081,000","12,127,000","17,790,000","25,437,000","22,154,000","89,000","-390,000","22,796,000","17,045,000","-773,000","18,094,000","18,791,000","8,220,000","-3,692,000","6,718,000","16,904,000","9,239,000","-4,384,000","8,214,000","15,131,000","6,718,000","5,241,000","6,847,000","13,695,000","10,394,000","-985,000","7,428,000","14,672,000","7,908,000","961,000","7,987,000","15,587,000","9,975,000","3,506,000","9,000,000","13,100,000","9,500,000","1,600,000","6,200,000","12,600,000","8,900,000","800,000","3,300,000","8,000,000","4,900,000","100,000","1,100,000","9,200,000","5,600,000","200,000","3,400,000","8,000,000","4,700,000","700,000","2,000,000","7,500,000","2,600,000","-1,200,000","1,400,000","2,800,000",,"-2,500,000","-300,000","2,300,000","1,600,000","-2,100,000","2,400,000","4,300,000","3,200,000","-500,000","3,100,000","4,100,000","3,400,000",,,,,,,,,
NetIncomeCommonStockholders,"63,352,000","-12,939,000","-13,213,000","35,043,000","54,461,000","-66,195,000","8,010,000","-91,162,000","3,405,000","-65,370,000","51,731,000","20,488,000","-97,836,000","-34,574,000","6,546,000","55,672,000","-8,385,000","-11,423,000","32,773,000","45,982,000","14,133,000","-23,790,000","17,075,000","37,105,000","14,130,000","-11,188,000","28,673,000","30,759,000","9,613,000","-8,560,000","16,976,000","15,282,000","13,641,000","-20,553,000","-28,156,000","10,997,000","2,718,000","-21,982,000","17,986,000","37,121,000","1,949,000","-11,773,000","18,754,000","36,468,000","4,946,000","-9,007,000","-50,019,000","38,681,000","-6,691,000","-40,954,000","16,033,000","30,598,000","17,949,000","8,920,000","31,925,000","51,738,000","25,618,000","13,123,000","17,168,000","53,300,000","43,846,000","-2,249,000","2,917,000","45,725,000","33,289,000","-1,422,000","35,812,000","40,651,000","14,954,000","-8,267,000","19,525,000","32,785,000","13,806,000","-9,109,000","13,858,000","25,834,000","10,794,000","10,018,000","11,295,000","23,069,000","16,558,000","-1,643,000","12,120,000","23,938,000","12,903,000","1,567,000","12,758,000","24,900,000","15,933,000","2,224,000","14,400,000","20,800,000","15,100,000","2,500,000","10,100,000","20,500,000","14,500,000","1,400,000","5,600,000","13,700,000","8,300,000","200,000","2,700,000","15,100,000","9,100,000","400,000","5,700,000","13,200,000","8,300,000","1,200,000","3,400,000","13,600,000","4,600,000","-2,100,000","3,000,000","5,800,000",,"-4,200,000","700,000","4,400,000","2,800,000","-3,900,000","4,300,000","8,000,000","6,200,000","-1,000,000","6,700,000","7,100,000","5,900,000",,,,,,,,,
	NetIncome,"63,352,000","-12,939,000","-13,213,000","35,043,000","54,461,000","-66,195,000","8,010,000","-91,162,000","3,405,000","-65,370,000","51,731,000","20,488,000","-97,836,000","-34,574,000","6,546,000","55,672,000","-8,385,000","-11,423,000","32,773,000","45,982,000","14,133,000","-23,790,000","17,075,000","37,105,000","14,130,000","-11,188,000","28,673,000","30,759,000","9,613,000","-8,560,000","16,976,000","15,282,000","13,641,000","-20,553,000","-28,156,000","10,997,000","2,718,000","-21,982,000","17,986,000","37,121,000","1,949,000","-11,773,000","18,754,000","36,468,000","4,946,000","-9,007,000","-50,019,000","38,681,000","-6,691,000","-40,954,000","16,033,000","30,598,000","17,949,000","13,987,000","31,925,000","51,738,000","25,618,000","13,123,000","17,168,000","53,300,000","43,846,000","-2,249,000","2,917,000","45,725,000","33,289,000","-1,422,000","35,812,000","40,651,000","14,954,000","-8,267,000","19,525,000","32,785,000","13,806,000","-9,109,000","13,858,000","25,834,000","10,794,000","10,018,000","11,295,000","23,069,000","16,558,000","-1,643,000","12,120,000","23,938,000","12,903,000","1,567,000","12,758,000","24,900,000","15,933,000","2,224,000","14,400,000","20,800,000","15,100,000","2,500,000","10,100,000","20,500,000","14,500,000","1,400,000","5,600,000","13,700,000","8,300,000","200,000","2,700,000","15,100,000","9,100,000","400,000","5,700,000","13,200,000","8,300,000","1,200,000","3,400,000","13,600,000","4,600,000","-2,100,000","3,000,000","5,800,000",,"-4,200,000","700,000","4,400,000","2,800,000","-3,900,000","4,300,000","8,000,000","6,200,000","-1,000,000","6,700,000","7,100,000","5,900,000",,,,,,,,,
		NetIncomeIncludingNoncontrollingInterests,"57,916,000","-9,821,000","-20,433,000","32,423,000","55,747,000","-65,323,000","5,687,000","-98,357,000","-973,000","-72,538,000","46,427,000","21,913,000","-93,961,000","-31,081,000","10,387,000","59,097,000","-6,081,000","-9,662,000","35,325,000","48,055,000","16,272,000","-23,851,000","20,166,000","38,087,000","18,457,000","-10,510,000","35,139,000","32,180,000","9,539,000","-8,610,000","20,825,000","14,105,000","22,207,000","-21,261,000","-32,561,000","4,455,000","3,166,000","-19,826,000","18,374,000","45,746,000","4,487,000","-8,687,000","24,792,000","42,376,000","6,173,000","-7,256,000","-65,386,000","43,301,000","-2,633,000","-37,730,000","27,009,000","36,538,000","22,667,000","19,054,000","44,201,000","52,332,000","33,587,000","35,618,000","24,277,000","59,804,000","48,645,000","198,000","3,516,000","32,304,000","38,874,000","-355,000","44,259,000","44,422,000","20,434,000","-8,217,000","20,132,000","36,677,000","17,917,000","-8,279,000","14,476,000","26,668,000","11,836,000","9,241,000","12,110,000","24,996,000","17,325,000","-1,643,000","12,120,000","23,938,000","12,903,000","1,567,000","12,758,000","24,900,000","15,933,000","2,224,000","14,400,000","20,800,000","15,100,000","2,500,000","10,100,000","20,500,000","14,500,000","1,400,000","5,600,000","13,700,000","8,300,000","200,000","2,700,000","15,100,000","9,100,000","500,000","5,700,000","13,200,000","8,300,000","1,200,000","3,400,000","13,600,000","4,600,000","-2,100,000","3,000,000","5,800,000",,"-4,200,000","700,000","4,400,000","2,800,000","-3,900,000","4,300,000","8,000,000","6,200,000","-1,000,000","6,700,000","7,100,000","5,900,000","-900,000","6,500,000","5,300,000","4,400,000","-2,000,000","5,800,000","4,900,000","4,600,000","-300,000"
			NetIncomeContinuousOperations,"38,225,000","-15,917,000","-31,106,000","32,423,000","55,747,000","-65,323,000","5,687,000","-98,357,000","-973,000","-72,538,000","46,427,000","21,913,000","-93,961,000","-31,081,000","10,387,000","59,097,000","-6,081,000","-9,662,000","35,325,000","48,055,000","16,272,000","-23,851,000","20,166,000","38,087,000","18,457,000","-10,510,000","35,139,000","32,180,000","9,539,000","-8,610,000","20,825,000","14,105,000","22,207,000","-21,261,000","-32,561,000","4,455,000","3,166,000","-19,826,000","18,374,000","45,746,000","4,487,000","-8,687,000","24,792,000","42,376,000","6,173,000","-7,256,000","-65,386,000","43,301,000","-2,633,000","-37,730,000","27,009,000","36,538,000","22,667,000","19,054,000","75,259,000","51,738,000","25,618,000","13,123,000","17,168,000","53,300,000","43,846,000","-2,249,000","2,917,000","45,725,000","33,289,000","-1,422,000","35,812,000","40,651,000","14,954,000","-8,267,000","19,525,000","32,785,000","13,806,000","-9,109,000","13,858,000","25,834,000","10,794,000","10,018,000","11,295,000","23,069,000","16,558,000","-1,643,000","12,120,000","23,938,000","12,903,000","1,567,000","12,758,000","24,900,000","15,933,000","2,224,000","14,400,000","20,800,000","15,100,000","2,500,000","10,100,000","20,500,000","14,500,000","1,400,000","5,600,000","13,700,000","8,300,000","200,000","2,700,000","15,100,000","9,100,000","400,000","5,700,000","13,200,000","8,300,000","1,200,000","3,400,000","13,600,000","4,600,000","-2,100,000","3,000,000","5,800,000",,"-5,200,000","700,000","4,400,000","2,800,000","-3,900,000","4,300,000","8,000,000","6,200,000","-1,000,000","6,700,000","7,100,000","5,900,000","-900,000","6,500,000","5,300,000","4,400,000","-2,000,000","5,800,000","4,900,000","4,600,000","-300,000"
			NetIncomeDiscontinuousOperations,"19,691,000","6,096,000","-20,027,000",,,,,,,,,,,,,,,,,,,,,,,,,,,,,,,,,,,,,,,,,,,,,,,,,,,,,,,,,,,,,,,,,,,,,,,,,,,,,,,,,,,,,,,,,,,,,,,,,,,,,,,,,,,,,,,,,,,,,,,,,,,,,,,,,,,,,,,
			NetIncomeExtraordinary,,,,,,,,,,,,,,,,,,,,,,,,,,,,,,,,,,,,,,,,,,,,,,,,,,,,,,,,,,,,,,,,,,,,,,,,,,,,,,,,,,,,,,,,,,,,,,,,,,,,,,,,,,,,,,,,,,,"0",,,"1,000,000",,,,,,,,,,,,,,,,,,,,
		MinorityInterests,"5,436,000","-3,118,000","7,220,000","2,620,000","-1,286,000","-872,000","2,323,000","7,195,000","4,378,000","7,168,000","5,304,000","-1,425,000","-3,875,000","-3,493,000","-3,841,000","-3,425,000","-2,304,000","-1,761,000","-2,552,000","-2,073,000","-2,139,000","61,000","-3,091,000","-982,000","-4,327,000","-678,000","-6,466,000","-1,421,000","74,000","50,000","-3,849,000","1,177,000","-8,566,000","708,000","4,405,000","6,542,000","-448,000","-2,156,000","-388,000","-8,625,000","-2,538,000","-3,086,000","-6,038,000","-5,908,000","-1,227,000","-1,751,000","15,367,000","-4,620,000","-4,058,000","-3,224,000","-10,976,000","-5,940,000","-4,718,000","-5,067,000","-12,276,000","-594,000","-7,969,000","-22,495,000","-7,109,000","-6,504,000","-4,799,000","-2,447,000","-599,000","13,421,000","-5,585,000","-1,067,000","-8,447,000","-3,771,000","-5,480,000","-50,000","-607,000","-3,892,000","-4,111,000","-830,000","-618,000","-834,000","-1,042,000","777,000","-815,000","-1,927,000","-767,000",,,,,,,,,,,,,,,,,,,,,,,,,"-100,000",,,,,,,,,,,,,,,,,,,,,,,,,,,,,,,,
	OtherunderPreferredStockDividend,,,,,,,,,,,,,,,,,,,,,,,,,,,,,,,,,,,,,,,,,,,,,,,,,,,,,,"5,067,000",,,,,,,,,,,,,,,,,,,,,,,,,,,,,,,,,,,,,,,,,,,,,,,,,,,,,,,,,,,,,,,,,,,,,,,,,,,,,,,,,,,,
DilutedNIAvailtoComStockholders,"63,352,000","-12,939,000","-13,213,000","35,043,000","54,461,000","-66,195,000","8,010,000","-91,162,000","3,405,000","-65,370,000","51,731,000","20,488,000","-97,836,000","-34,574,000","6,546,000","55,672,000","-8,385,000","-11,423,000","32,773,000","45,982,000","14,133,000","-23,790,000","17,075,000","37,105,000","14,130,000","-11,188,000","28,673,000","30,759,000","9,613,000","-8,560,000","16,976,000","15,282,000","13,641,000","-20,553,000","-28,156,000","10,997,000","2,718,000","-21,982,000","17,986,000","37,121,000","1,949,000","-11,773,000","18,754,000","36,468,000","4,946,000","-9,007,000","-50,019,000","38,681,000","-6,691,000","-40,954,000","16,033,000","30,598,000","17,949,000","8,920,000","31,925,000","51,738,000","25,618,000","13,123,000","17,168,000","53,300,000","43,846,000","-2,249,000","2,917,000","45,725,000","33,289,000","-1,422,000","35,812,000","40,651,000","14,954,000","-8,267,000","19,525,000","32,785,000","13,806,000","-9,109,000","13,858,000","25,834,000","10,794,000","10,018,000","11,295,000","23,069,000","16,558,000","-1,643,000","12,120,000","23,938,000","12,903,000","1,567,000","12,758,000","24,900,000","15,933,000","2,224,000","14,400,000","20,800,000","15,100,000","2,500,000","10,100,000","20,500,000","14,500,000","1,400,000","5,600,000","13,700,000","8,300,000","200,000","2,700,000","15,100,000","9,100,000","400,000","5,700,000","13,200,000","8,300,000","1,200,000","3,400,000","13,600,000","4,600,000","-2,100,000","3,000,000","5,800,000",,"-4,200,000","700,000","4,400,000","2,800,000","-3,900,000","4,300,000","8,000,000","6,200,000","-1,000,000","6,700,000","7,100,000","5,900,000",,,,,,,,,
BasicEPS,,"-0.29","-0.29","0.76","1.19","-1.45","0.18","-2","0.07","-1.44",,"0.44","-2.09","-0.74","0.14","1.2","-0.2","-0.29","0.82","1.15","0.35","-0.6",,"0.94","0.36","-0.28","0.73","0.78","0.24","-0.22","0.43","0.39","0.35","-0.53","-0.74","0.28","0.07","-0.57","0.46","0.96","0.05","-0.31",,"0.94","0.13","-0.24",,"1","-0.18","-1.09",,"0.79","0.46","0.23",,"1.38","0.68","0.34",,"1.3","1.07","-0.05",,"1.12","0.81","-0.03",,"1","0.37","-0.2",,"0.81","0.34","-0.23",,"0.64","0.27","0.25",,"0.57","0.41","-0.04",,"0.6","0.32","0.04",,"0.633","0.407","0.053",,"0.53","0.39","0.06",,"0.51","0.37","0.03",,"0.34","0.21","0.01",,"0.38","0.23","0.01",,"0.33","0.21","0.03",,"0.34","0.11","-0.05",,"0.15",,"-0.1",,"0.11","0.07","-0.1",,"0.2","0.15","-0.02",,"0.18","0.15","-0.02",,"0.15","0.13","-0.06",,"0.15","0.14","-0.01"
DilutedEPS,,"-0.29","-0.29","0.73","1.14","-1.45","0.17","-2","0.07","-1.44",,"0.43","-2.09","-0.74","0.14","1.17","-0.2","-0.29","0.81","1.14","0.35","-0.6",,"0.92","0.35","-0.28","0.72","0.77","0.24","-0.22","0.43","0.38","0.34","-0.53","-0.74","0.28","0.07","-0.57","0.46","0.94","0.05","-0.31",,"0.93","0.13","-0.24",,"0.99","-0.18","-1.09",,"0.79","0.46","0.23",,"1.36","0.68","0.34",,"1.28","1.05","-0.05",,"1.1","0.8","-0.03",,"0.98","0.36","-0.2",,"0.8","0.34","-0.23",,"0.63","0.26","0.25",,"0.57","0.41","-0.04",,"0.59","0.32","0.04",,"0.62","0.393","0.053",,"0.51","0.37","0.06",,"0.5","0.36","0.03",,"0.34","0.21","0.01",,"0.37","0.23","0.01",,"0.33","0.21","0.03",,"0.34","0.11","-0.05",,"0.15",,"-0.1",,"0.11","0.07","-0.1",,"0.2","0.15","-0.02",,"0.18","0.15","-0.02",,"0.15","0.13","-0.06",,"0.15","0.14","-0.01"
BasicAverageShares,,"45,730,000","45,832,000","45,821,000","45,798,000","45,697,000","45,660,000","45,654,000","45,620,000","45,520,000",,"46,788,000","46,824,000","46,699,000","46,888,000","46,308,000","41,044,000","39,908,000","39,857,000","39,844,000","39,827,000","39,649,000",,"39,599,000","39,584,000","39,433,000","39,393,000","39,378,000","39,358,000","39,215,000","39,163,000","39,150,000","39,115,000","38,951,000","38,894,000","38,876,000","38,829,000","38,610,000","38,534,000","38,518,000","38,471,000","38,265,000",,"38,172,000","38,140,000","37,963,000",,"37,865,000","37,850,000","37,688,000",,"37,595,000","37,584,000","37,476,000",,"37,430,000","37,426,000","38,139,000",,"41,106,000","41,096,000","40,992,000",,"40,923,000","40,896,000","40,739,000",,"40,656,000","40,638,000","40,485,000",,"40,433,000","40,417,000","40,266,000",,"40,217,000","40,212,000","40,048,000",,"40,188,000","40,006,000","39,920,000",,"39,828,000","39,833,000","39,707,000",,"39,522,000","39,493,500","39,337,500",,"39,245,283","38,717,949","41,666,667",,"40,196,078","39,189,189","46,666,667",,"40,294,118","39,523,810","41,083,958",,"39,736,842","39,565,217","40,000,000",,"40,000,000","39,523,810","40,000,000",,"40,000,000","41,818,182","42,000,000",,"38,666,667","42,000,000","42,000,000",,"40,000,000","40,000,000","39,000,000",,"40,000,000","41,333,333","50,000,000",,"39,444,444","39,333,333","38,754,123",,,,,,,,
DilutedAverageShares,,"45,730,000","47,838,000","47,906,000","47,798,000","45,697,000","46,275,000","45,654,000","46,281,000","45,520,000",,"47,170,000","46,824,000","46,699,000","47,333,000","47,810,000","41,044,000","39,908,000","40,387,000","40,387,000","40,393,000","39,649,000",,"40,313,000","40,302,000","39,433,000","39,894,000","39,897,000","39,881,000","39,215,000","39,809,000","39,813,000","39,807,000","38,951,000","38,894,000","39,759,000","39,769,000","38,610,000","39,207,000","39,141,000","39,151,000","38,265,000",,"38,598,000","38,479,000","37,963,000",,"38,071,000","37,850,000","37,688,000",,"37,709,000","37,699,000","37,600,000",,"37,975,000","37,929,000","38,513,000",,"41,640,000","41,631,000","40,992,000",,"41,546,000","41,466,000","40,739,000",,"41,340,000","41,212,000","40,485,000",,"41,083,000","41,018,000","40,266,000",,"40,908,000","40,802,000","40,510,000",,"40,788,000","40,818,000","39,920,000",,"40,784,000","40,766,000","40,476,000",,"40,369,500","40,377,000","40,092,000",,"40,784,314","40,810,811","41,666,667",,"41,000,000","40,277,778","46,666,667",,"40,294,118","39,523,810","41,083,958",,"40,810,811","39,565,217","40,000,000",,"40,000,000","39,523,810","40,000,000",,"40,000,000","41,818,182","42,000,000",,"38,666,667","42,000,000","42,000,000",,"40,000,000","40,000,000","39,000,000",,"40,000,000","41,333,333","50,000,000",,"39,444,444","39,333,333","38,754,123",,,,,,,,
TotalOperatingIncomeAsReported,"64,004,000","-16,608,000","-25,502,000","43,732,000","68,560,000","-85,691,000","7,977,000","-85,801,000","-2,149,000","-78,372,000","63,480,000","22,365,000","-126,644,000","-42,100,000","15,201,000","67,406,000","-5,729,000","-12,835,000","44,385,000","66,782,000","23,989,000","-36,441,000","28,902,000","53,878,000","25,862,000","-16,288,000","52,817,000","51,625,000","17,149,000","-11,283,000","35,425,000","22,310,000","34,310,000","-26,945,000","-47,320,000","10,595,000","8,049,000","-26,016,000","21,665,000","61,441,000","14,064,000","-16,335,000","40,137,000","60,379,000","9,433,000","-10,680,000","-98,515,000","32,160,000","2,141,000","-45,126,000","49,393,000","43,158,000","30,384,000","16,902,000","58,449,000","74,377,000","45,421,000","38,444,000","37,658,000","75,965,000","66,850,000","-5,588,000","-4,407,000","48,602,000","48,224,000","-3,783,000","56,901,000","61,993,000","28,990,000","-11,904,000","17,164,000","53,979,000","24,939,000","-12,530,000","21,790,000","39,526,000","16,788,000","-3,533,000","16,293,000","37,039,000","28,328,000","-3,543,000","17,094,000","29,860,000","19,568,000","-2,188,000","21,137,000","38,174,000","22,748,000","3,516,000","26,300,000","32,900,000","21,400,000","3,700,000","14,600,000","31,200,000","22,500,000","1,000,000","7,000,000","19,400,000","12,500,000","-800,000","3,800,000","23,600,000","12,400,000","-900,000","8,800,000","20,300,000","12,800,000","600,000","4,300,000","20,100,000","6,200,000","-3,400,000","3,800,000","7,900,000","-300,000","-7,700,000","100,000","6,600,000","3,800,000","-6,600,000","6,000,000","10,300,000","8,500,000","-2,000,000","8,800,000","10,100,000","8,900,000",,,,,,,,,
TotalExpenses,"2,959,171,000","564,526,000","333,773,000","1,023,556,000","927,248,000","758,158,000","939,675,000","1,021,697,000","919,110,000","690,509,000","889,387,000","1,070,102,000","911,942,000","660,478,000","863,715,000","981,869,000","788,066,000","568,348,000","760,652,000","892,097,000","739,731,000","505,111,000","645,698,000","750,425,000","580,083,000","456,340,000","589,544,000","700,555,000","552,568,000","432,343,000","566,088,000","700,458,000","554,553,000","407,686,000","596,095,000","733,765,000","545,419,000","406,305,000","507,797,000","668,663,000","525,551,000","328,412,000","501,447,000","673,797,000","478,511,000","267,411,000","395,047,000","641,855,000","452,063,000","265,809,000","382,780,000","675,577,000","436,307,000","335,512,000","568,875,000","823,411,000","648,911,000","416,356,000","587,655,000","770,348,000","704,026,000","493,248,000","724,334,000","893,070,000","763,813,000","499,751,000","622,651,000","802,169,000","647,714,000","432,838,000","523,451,000","645,846,000","533,815,000","349,548,000","470,936,000","540,674,000","452,617,000","305,693,000","436,566,000","546,689,000","430,682,000","272,688,000","409,871,000","486,872,000","357,114,000","217,141,000","325,290,000","403,582,000","320,964,000","212,914,000","339,700,000","385,800,000","307,900,000","211,100,000","323,400,000","380,800,000","270,300,000","182,300,000","302,800,000","309,600,000","230,100,000","147,600,000","220,100,000","279,000,000","236,100,000","154,600,000","247,500,000","286,300,000","213,900,000","104,700,000","168,600,000","220,100,000","167,400,000","110,100,000","162,600,000","175,700,000","143,200,000","85,200,000","133,500,000","180,100,000","126,200,000","74,600,000","143,800,000","163,600,000","140,100,000","93,800,000","149,900,000","162,700,000","129,800,000",,,,,,,,,
NetIncomeFromContinuingAndDiscontinuedOperation,"63,352,000","-12,939,000","-13,213,000","35,043,000","54,461,000","-66,195,000","8,010,000","-91,162,000","3,405,000","-65,370,000","51,731,000","20,488,000","-97,836,000","-34,574,000","6,546,000","55,672,000","-8,385,000","-11,423,000","32,773,000","45,982,000","14,133,000","-23,790,000","17,075,000","37,105,000","14,130,000","-11,188,000","28,673,000","30,759,000","9,613,000","-8,560,000","16,976,000","15,282,000","13,641,000","-20,553,000","-28,156,000","10,997,000","2,718,000","-21,982,000","17,986,000","37,121,000","1,949,000","-11,773,000","18,754,000","36,468,000","4,946,000","-9,007,000","-50,019,000","38,681,000","-6,691,000","-40,954,000","16,033,000","30,598,000","17,949,000","13,987,000","31,925,000","51,738,000","25,618,000","13,123,000","17,168,000","53,300,000","43,846,000","-2,249,000","2,917,000","45,725,000","33,289,000","-1,422,000","35,812,000","40,651,000","14,954,000","-8,267,000","19,525,000","32,785,000","13,806,000","-9,109,000","13,858,000","25,834,000","10,794,000","10,018,000","11,295,000","23,069,000","16,558,000","-1,643,000","12,120,000","23,938,000","12,903,000","1,567,000","12,758,000","24,900,000","15,933,000","2,224,000","14,400,000","20,800,000","15,100,000","2,500,000","10,100,000","20,500,000","14,500,000","1,400,000","5,600,000","13,700,000","8,300,000","200,000","2,700,000","15,100,000","9,100,000","400,000","5,700,000","13,200,000","8,300,000","1,200,000","3,400,000","13,600,000","4,600,000","-2,100,000","3,000,000","5,800,000",,"-5,200,000","700,000","4,400,000","2,800,000","-3,900,000","4,300,000","8,000,000","6,200,000","-1,000,000","6,700,000","7,100,000","5,900,000",,,,,,,,,
NormalizedIncome,"20,855,100.798","-19,283,668","-18,852,777.833","30,993,185","29,753,284","-68,095,176","6,491,600","3,238,680","2,536,300","-45,600,510","48,286,005.764","16,727,909","-94,667,226","-33,475,444","16,905,958.569","61,179,552","9,705,860","-5,908,934","29,953,503.648","44,767,171","13,593,924","-23,967,120","11,731,543.064","36,828,390","13,209,316","-11,590,000","20,456,387.752","30,240,420","9,300,925","-9,092,016","9,404,212.126","13,182,204","11,596,781","-21,201,150","3,799,201.486","9,186,750","595,548","-23,070,895","2,078,118.954","34,475,607.773","5,497,024.898","-18,020,758.082","17,633,229.132","33,692,569.192","3,016,376.998","-9,377,500","29,700,707.711","35,958,800","-7,948,100","-43,364,599.431","14,776,703.581","29,488,766.202","16,897,710.799","11,173,394.824","30,845,257.115","49,924,939.584","23,934,619.675","6,510,413.3","16,457,550","51,473,768.351","41,157,432.577","-2,561,000","10,366,600","44,991,800","28,170,359.431","-3,601,200","30,927,063.622","38,811,941.99","20,489,307.741","-8,234,570.829","10,575,444.991","31,166,800","13,078,921.859","-17,960,723.999","13,149,192.772","23,877,236.537","9,331,245.446","-1,874,953.874","10,599,331.382","21,740,092.192","16,545,499.549","-1,999,358.447","10,423,026.397","19,381,038.073","11,878,745.711","-569,649.13","13,114,080.116","23,986,091.832","14,120,642.774","1,774,600","16,184,615.385","20,186,430.678","11,846,747.967","1,158,536.585","7,125,766.871","17,898,791.541","12,455,128.205","-636,363.636","2,894,382.022","11,048,387.097","6,790,909.091","-1,533,333.333","1,705,263.158","13,981,481.481","7,180,952.381","-1,200,000","4,760,439.56","11,954,716.981","7,533,846.154","63,157.895","2,455,555.556","12,310,900.474","3,577,777.778","-2,418,181.818","2,181,818.182","4,990,697.674",,"-5,605,194.805","-20,000","3,808,955.224","2,227,272.727","-4,615,000","3,529,850.746","6,504,065.041","5,342,553.191","-1,933,333.333","5,606,122.449","5,958,928.571","5,075,268.817",,,,,,,,,
InterestIncome,"1,568,000","623,000","441,000","293,000","188,000","256,000","283,000","755,000","767,000","1,291,000","1,176,000","1,713,000","1,728,000","2,816,000","1,855,000","1,533,000","1,173,000","1,521,000","1,386,000","1,141,000","1,164,000","1,051,000","801,000","790,000","798,000","836,000","574,000","591,000","528,000","442,000","529,000","451,000","413,000","479,000","675,000","602,000","380,000","129,000","486,000","485,000","611,000","1,044,000","583,000","476,000","575,000","1,244,000","833,000","2,110,000","1,098,000","939,000","1,135,000","744,000","1,109,000","2,061,000","3,358,000","5,439,000","3,593,000","6,055,000","6,129,000","7,514,000","6,439,000",,"7,380,000","7,055,000","4,944,000","4,733,000","4,753,000",,"1,968,000","2,159,000","3,894,000",,"1,317,000","1,398,000","1,789,000","1,145,000",,,"4,034,000","2,122,000","1,902,000","1,990,000","2,094,000","3,949,000","1,932,000","2,831,000","3,208,000","2,775,000",,"3,177,000",,"1,900,000",,,,,,,,,,,,,,,,,,,,,,,,,,,,,,,,,,,,,,,,,,,,,,
InterestExpense,"18,485,000","3,575,000","4,263,000","5,131,000","5,507,000","5,381,000","6,298,000","6,359,000","6,549,000","4,994,000","5,363,000","4,839,000","4,158,000","4,014,000","4,481,000","4,452,000","3,203,000","2,435,000","2,703,000","2,660,000","2,694,000","2,743,000","3,096,000","3,034,000","3,187,000","3,049,000","3,291,000","3,485,000","3,985,000","3,496,000","3,733,000","2,488,000","4,339,000","3,599,000","3,305,000","3,736,000","3,700,000","3,646,000","2,033,000","2,561,000","2,827,000","3,182,000","2,709,000","3,418,000","879,000","3,356,000","2,446,000","547,000","3,013,000","3,734,000","5,170,000","4,245,000","2,853,000","3,488,000","3,130,000","5,303,000","3,058,000","4,510,000","1,369,000","1,884,000","2,028,000",,"387,000","1,319,000","1,391,000","1,395,000","1,531,000",,"1,636,000","2,031,000","1,779,000",,"1,859,000","1,740,000","2,000,000","1,939,000",,,"2,459,000","2,527,000","2,531,000","1,645,000","2,377,000","2,549,000","2,341,000","1,562,000","3,021,000","1,948,000",,"1,712,000",,"1,900,000",,"1,800,000","3,200,000","2,200,000",,,,,"1,800,000","1,400,000","1,500,000","1,200,000","800,000","900,000","900,000","1,000,000","1,000,000","500,000","500,000","1,100,000","500,000","500,000","500,000","600,000","600,000","600,000","700,000","800,000","300,000",,"500,000","300,000","400,000","900,000","600,000","600,000","800,000",,,,,,,,,
NetInterestIncome,"-16,917,000","-2,952,000","-3,822,000","-4,838,000","-5,319,000","-5,125,000","-6,015,000","-5,604,000","-5,782,000","-3,703,000","-4,187,000","-3,126,000","-2,430,000","-1,198,000","-2,626,000","-2,919,000","-2,030,000","-914,000","-1,317,000","-1,519,000","-1,530,000","-1,692,000","-2,295,000","-2,244,000","-2,389,000","-2,213,000","-2,717,000","-2,894,000","-3,457,000","-3,054,000","-3,204,000","-2,037,000","-3,926,000","-3,120,000","-2,630,000","-3,134,000","-3,320,000","-3,517,000","-1,547,000","-2,076,000","-2,216,000","-2,138,000","-2,126,000","-2,942,000","-304,000","-2,112,000","-1,613,000","1,563,000","-1,915,000","-2,795,000","-4,035,000","-3,501,000","-1,744,000","-1,427,000",,,,,,,,,,,,,,,,,,,,,,,,,,,,,,,,,,,,,,,,,,,,,,,,,,,,,,,,,,,,,,,,,,,,,,,,,,,,,,,,,,,,
EBIT,"71,899,000","-17,673,000","-30,148,000","46,458,000","76,873,000","-82,397,000","16,923,000","-80,726,000","3,794,000","-82,254,000","68,865,000","30,226,000","-121,563,000","-36,232,000","17,925,000","72,241,000","-82,000","-11,358,000","49,849,000","71,964,000","27,054,000","-33,604,000","32,982,000","57,824,000","30,560,000","-12,638,000","55,461,000","53,344,000","18,499,000","-9,620,000","35,978,000","22,674,000","36,830,000","-25,726,000","-45,284,000","12,217,000","8,632,000","-25,207,000","26,076,000","65,420,000","9,173,000","-9,037,000","38,876,000","60,903,000","9,139,000","-9,123,000","-95,635,000","35,822,000","4,786,000","-41,609,000","44,513,000","54,083,000","33,707,000","22,304,000","91,189,000","74,377,000","45,421,000","38,444,000","45,410,000","75,965,000","66,850,000","-5,588,000","-4,407,000","48,602,000","48,224,000","-3,783,000","56,901,000","61,993,000","28,990,000","-11,904,000","17,164,000","53,979,000","24,939,000","-12,530,000","21,790,000","39,526,000","16,788,000","-3,533,000","16,293,000","37,039,000","28,328,000","-3,543,000","17,094,000","29,860,000","19,568,000","10,474,000","21,137,000","38,174,000","22,748,000","3,516,000","26,300,000","32,900,000","21,400,000","3,700,000","14,600,000","31,200,000","22,500,000","1,000,000","7,000,000","19,400,000","12,500,000","-800,000","3,800,000","23,600,000","12,400,000","-900,000","8,800,000","20,300,000","12,800,000","600,000","4,300,000","20,100,000","6,200,000","-3,400,000","3,800,000","7,900,000","-300,000","-7,700,000","100,000","6,600,000","3,800,000","-6,600,000","6,000,000","10,300,000","8,500,000","-2,000,000","8,800,000","10,100,000","8,900,000","87,800,000","-321,100,000","154,700,000","117,700,000","67,600,000","-298,600,000","143,600,000","105,400,000","71,400,000"
EBITDA,"173,105,000"
ReconciledCostOfRevenue,"2,689,688,000","497,811,000","308,482,000","942,194,000","847,226,000","606,595,000","838,923,000","939,192,000","827,428,000","612,128,000","805,983,000","996,678,000","841,944,000","579,323,000","784,276,000","911,100,000","726,750,000","507,096,000","700,567,000","842,596,000","688,343,000","443,274,000","585,431,000","696,231,000","531,378,000","400,207,000","533,579,000","650,478,000","503,474,000","380,140,000","509,998,000","653,072,000","503,455,000","358,439,000","546,847,000","687,179,000","498,965,000","348,646,000","447,972,000","627,383,000","487,699,000","285,224,000","460,422,000","634,685,000","439,718,000","226,743,000","371,011,000","594,695,000","404,506,000","214,969,000","344,805,000","615,112,000","377,830,000","279,359,000","510,626,000","753,486,000","585,306,000","356,106,000","534,628,000","709,676,000","643,242,000","439,624,000","663,484,000","835,740,000","718,927,000","455,733,000","573,528,000","754,461,000","599,997,000","393,994,000","484,370,000","604,477,000","499,010,000","326,334,000","434,535,000","498,141,000","416,222,000","269,143,000","396,267,000","506,507,000","395,151,000","242,233,000","373,802,000","454,946,000","330,271,000","192,697,000","281,934,000","363,048,000","282,833,000","179,367,000","304,000,000","349,400,000","272,300,000","181,500,000","291,300,000","348,000,000","240,700,000","154,900,000","274,300,000","280,600,000","201,800,000","121,600,000","188,100,000","252,200,000","209,900,000","130,200,000","218,900,000","257,500,000","189,400,000","84,500,000","144,100,000","195,200,000","147,200,000","91,200,000","142,300,000","158,100,000","126,200,000","67,600,000","110,700,000","162,100,000","110,400,000","58,400,000","124,700,000","145,500,000","122,500,000","76,800,000","132,400,000","145,700,000","113,000,000",,,,,,,,,
ReconciledDepreciation,"101,206,000","16,737,000","28,042,000","28,155,000","28,272,000","24,581,000","28,245,000","27,444,000","28,822,000","28,447,000","30,718,000","30,953,000","32,901,000","28,846,000","33,728,000","34,269,000","28,036,000","15,511,000","17,823,000","17,374,000","16,499,000","14,649,000","17,738,000","17,135,000","15,766,000","13,736,000","15,792,000","17,186,000","15,704,000","15,627,000","18,284,000","18,090,000","16,046,000","15,832,000","18,111,000","20,800,000","18,018,000","15,970,000","12,450,000","14,078,000","14,612,000","14,961,000","14,855,000","15,227,000","15,173,000","15,291,000","20,266,000","18,330,000","17,177,000","18,662,000","21,147,000","19,378,000","19,047,000","20,623,000","23,275,000","21,608,000","21,256,000","21,172,000","21,536,000","21,796,000","21,000,000","17,825,000","18,027,000","16,977,000","17,365,000","16,811,000","18,426,000","19,323,000","17,471,000","16,538,000","18,090,000","17,752,000","16,062,000","16,566,000","15,777,000","19,891,000","17,067,000","18,909,000","19,697,000","15,683,000","14,681,000","14,405,000","15,629,000","13,738,000","12,961,000","12,662,000","17,401,000","11,230,000","11,206,000","10,688,000","10,800,000","10,800,000","10,800,000","10,000,000","9,400,000","9,800,000","9,700,000","9,200,000","9,500,000","9,500,000","9,800,000","9,400,000","9,900,000","9,600,000","9,400,000","8,900,000","9,300,000","8,500,000","7,600,000","7,100,000","6,800,000","6,600,000","6,200,000","6,100,000","6,200,000","6,100,000","6,300,000","6,800,000","7,300,000","6,600,000","5,900,000","6,200,000","6,500,000","6,500,000","6,400,000","5,800,000","5,700,000","5,700,000","5,700,000",,,,,,,,,
NetIncomeFromContinuingOperationNetMinorityInterest,"43,661,000","-19,035,000","-23,886,000","35,043,000","54,461,000","-66,195,000","8,010,000","-91,162,000","3,405,000","-65,370,000","51,731,000","20,488,000","-97,836,000","-34,574,000","6,546,000","55,672,000","-8,385,000","-11,423,000","32,773,000","45,982,000","14,133,000","-23,790,000","17,075,000","37,105,000","14,130,000","-11,188,000","28,673,000","30,759,000","9,613,000","-8,560,000","16,976,000","15,282,000","13,641,000","-20,553,000","-28,156,000","10,997,000","2,718,000","-21,982,000","17,986,000","37,121,000","1,949,000","-11,773,000","18,754,000","36,468,000","4,946,000","-9,007,000","-50,019,000","38,681,000","-6,691,000","-40,954,000","16,033,000","30,598,000","17,949,000","13,987,000","31,925,000","51,738,000","25,618,000","13,123,000","17,168,000","53,300,000","43,846,000","-2,249,000","2,917,000","45,725,000","33,289,000","-1,422,000","35,812,000","40,651,000","14,954,000","-8,267,000","19,525,000","32,785,000","13,806,000","-9,109,000","13,858,000","25,834,000","10,794,000","10,018,000","11,295,000","23,069,000","16,558,000","-1,643,000","12,120,000","23,938,000","12,903,000","1,567,000","12,758,000","24,900,000","15,933,000","2,224,000","14,400,000","20,800,000","15,100,000","2,500,000","10,100,000","20,500,000","14,500,000","1,400,000","5,600,000","13,700,000","8,300,000","200,000","2,700,000","15,100,000","9,100,000","400,000","5,700,000","13,200,000","8,300,000","1,200,000","3,400,000","13,600,000","4,600,000","-2,100,000","3,000,000","5,800,000",,"-5,200,000","700,000","4,400,000","2,800,000","-3,900,000","4,300,000","8,000,000","6,200,000","-1,000,000","6,700,000","7,100,000","5,900,000",,,,,,,,,
TotalUnusualItemsExcludingGoodwill,"31,868,000","332,000","-5,568,000","5,159,000","31,636,000","2,554,000","2,080,000","-129,316,000","1,190,000","-23,790,000","4,712,000","4,357,000","-4,242,000","-1,423,000","-13,409,000","-6,316,000","-24,782,000","-7,866,000","3,763,000","1,753,000","807,000","270,000","7,919,000","398,000","1,366,000","600,000","12,199,000","804,000","475,000","811,000","11,724,000","3,004,000","2,993,000","894,000","-47,685,000","2,785,000","3,306,000","1,585,000","20,816,000","3,635,000","-5,018,000","8,788,000","1,635,000","3,765,000","2,582,000","570,000","-119,582,000","4,188,000","1,934,000","2,897,000","1,830,000","1,513,000","1,431,000","3,785,000","1,593,000","2,557,000","2,339,000","8,864,000","1,093,000","2,603,000","3,913,000","480,000","-12,416,000","1,222,000","7,363,000","3,632,000","6,882,000","2,617,000","-7,762,000","-47,000","11,936,000","2,697,000","1,102,000","13,539,000","1,111,000","3,067,000","2,293,000","18,638,000","1,089,000","2,057,000","20,000","570,000","2,737,000","7,350,000","1,652,000","3,447,000","-579,000","1,486,000","2,947,000","749,000","-2,900,000","1,000,000","5,300,000","2,200,000","4,800,000","4,200,000","3,300,000","3,200,000","4,300,000","4,200,000","2,400,000","2,600,000","1,400,000","1,800,000","3,100,000","2,400,000","1,500,000","2,000,000","1,200,000","1,800,000","1,500,000","2,000,000","1,600,000","500,000","1,200,000","1,200,000",,"600,000","1,200,000","900,000","900,000","1,100,000","1,200,000","2,300,000","1,300,000","1,400,000","1,600,000","1,800,000","1,300,000",,,,,,,,,
TotalUnusualItems,"31,868,000","332,000","-5,568,000","5,159,000","31,636,000","2,554,000","2,080,000","-129,316,000","1,190,000","-23,790,000","4,712,000","4,357,000","-4,242,000","-1,423,000","-13,409,000","-6,316,000","-24,782,000","-7,866,000","3,763,000","1,753,000","807,000","270,000","7,919,000","398,000","1,366,000","600,000","12,199,000","804,000","475,000","811,000","11,724,000","3,004,000","2,993,000","894,000","-47,685,000","2,785,000","3,306,000","1,585,000","20,816,000","3,635,000","-5,018,000","8,788,000","1,635,000","3,765,000","2,582,000","570,000","-119,582,000","4,188,000","1,934,000","2,897,000","1,830,000","1,513,000","1,431,000","3,785,000","1,593,000","2,557,000","2,339,000","8,864,000","1,093,000","2,603,000","3,913,000","480,000","-12,416,000","1,222,000","7,363,000","3,632,000","6,882,000","2,617,000","-7,762,000","-47,000","11,936,000","2,697,000","1,102,000","13,539,000","1,111,000","3,067,000","2,293,000","18,638,000","1,089,000","2,057,000","20,000","570,000","2,737,000","7,350,000","1,652,000","3,447,000","-579,000","1,486,000","2,947,000","749,000","-2,900,000","1,000,000","5,300,000","2,200,000","4,800,000","4,200,000","3,300,000","3,200,000","4,300,000","4,200,000","2,400,000","2,600,000","1,400,000","1,800,000","3,100,000","2,400,000","1,500,000","2,000,000","1,200,000","1,800,000","1,500,000","2,000,000","1,600,000","500,000","1,200,000","1,200,000",,"600,000","1,200,000","900,000","900,000","1,100,000","1,200,000","2,300,000","1,300,000","1,400,000","1,600,000","1,800,000","1,300,000",,,,,,,,,
NormalizedEBITDA,"141,237,000","-1,268,000","3,462,000","69,454,000","73,509,000","-60,370,000","43,088,000","76,034,000","31,426,000","-30,017,000","94,871,000","56,822,000","-84,420,000","-5,963,000","65,062,000","112,826,000","52,736,000","12,019,000","63,909,000","87,585,000","42,746,000","-19,225,000","42,801,000","74,561,000","44,960,000","498,000","59,054,000","69,726,000","33,728,000","5,196,000","42,538,000","37,760,000","49,883,000","-10,788,000","20,512,000","30,232,000","23,344,000","-10,822,000","17,710,000","75,863,000","28,803,000","-2,864,000","52,096,000","72,365,000","21,730,000","5,598,000","44,213,000","49,964,000","20,029,000","-25,844,000","63,830,000","71,948,000","51,323,000","39,142,000","112,871,000","93,428,000","64,338,000","50,752,000","65,853,000","95,158,000","83,937,000","11,757,000","26,036,000","64,357,000","58,226,000","9,396,000","68,445,000","78,699,000","54,223,000","4,681,000","23,318,000","69,034,000","39,899,000","-9,503,000","36,456,000","56,350,000","31,562,000","-3,262,000","34,901,000","50,665,000","42,989,000","10,292,000","29,986,000","36,248,000","30,877,000","19,689,000","39,117,000","47,918,000","31,007,000","13,455,000","40,000,000","42,700,000","26,900,000","11,500,000","19,200,000","36,800,000","28,900,000","7,000,000","12,200,000","24,700,000","19,900,000","6,000,000","12,300,000","31,400,000","18,700,000","5,600,000","16,600,000","26,800,000","19,200,000","5,900,000","9,600,000","24,700,000","10,800,000","2,200,000","8,800,000","13,100,000","6,300,000","-1,500,000","6,200,000","12,300,000","8,900,000","-1,500,000","11,300,000","14,500,000","13,700,000","2,400,000","12,900,000","14,000,000","13,300,000","87,800,000","-321,100,000","154,700,000","117,700,000","67,600,000","-298,600,000","143,600,000","105,400,000","71,400,000"
TaxRateForCalcs,"0.284","0.251","0.096","0.215","0.219","0.256","0.27","0.27","0.27","0.169","0.269","0.137","0.253","0.228","0.227","0.128","0.27","0.299","0.251","0.307","0.332","0.344","0.325","0.305","0.326","0.33","0.326","0.355","0.343","0.344","0.354","0.301","0.317","0.275","0.33","0.35","0.358","0.313","0.236","0.272","0.293","0.289","0.315","0.263","0.253","0.35","0.333","0.35","0.35","0.168","0.313","0.267","0.265","0.257","0.322","0.291","0.28","0.254","0.35","0.298","0.313","0.35","0.4","0.4","0.305","0.4","0.29","0.297","0.287","0.31","0.25","0.4","0.34","0.346","0.362","0.362","0.362","0.362","0.361","0.354","0.375","0.375","0.38","0.38","0.38","0.38","0.385","0.385","0.385","0.4","0.385","0.386","0.386","0.39","0.38","0.381","0.38","0.364","0.371","0.369","0.371","0.333","0.289","0.379","0.381","0.333","0.374","0.377","0.362","0.368","0.37","0.355","0.361","0.364","0.318","0.326",,"0.325","0.4","0.343","0.364","0.35","0.358","0.35","0.34","0.333","0.316","0.366","0.366",,,,,,,,,
TaxEffectOfUnusualItems,"9,062,100.798","83,332","-534,777.833","1,109,185","6,928,284","653,824","561,600","-34,915,320","321,300","-4,020,510","1,267,005.764","596,909","-1,073,226","-324,444","-3,049,041.431","-808,448","-6,691,140","-2,351,934","943,503.648","538,171","267,924","92,880","2,575,543.064","121,390","445,316","198,000","3,982,387.752","285,420","162,925","278,984","4,152,212.126","904,204","948,781","245,850","-15,729,798.514","974,750","1,183,548","496,105","4,908,118.954","989,607.773","-1,469,975.102","2,540,241.918","514,229.132","989,569.192","652,376.998","199,500","-39,862,292.289","1,465,800","676,900","486,400.569","573,703.581","403,766.202","379,710.799","971,394.824","513,257.115","743,939.584","655,619.675","2,251,413.3","382,550","776,768.351","1,224,432.577","168,000","-4,966,400","488,800","2,244,359.431","1,452,800","1,997,063.622","777,941.99","-2,226,692.259","-14,570.829","2,986,444.991","1,078,800","374,921.859","4,687,276.001","402,192.772","1,110,236.537","830,245.446","6,745,046.126","393,331.382","728,092.192","7,499.549","213,641.553","1,040,026.397","2,793,038.073","627,745.711","1,310,350.87","-222,919.884","572,091.832","1,134,642.774","299,600","-1,115,384.615","386,430.678","2,046,747.967","858,536.585","1,825,766.871","1,598,791.541","1,255,128.205","1,163,636.364","1,594,382.022","1,548,387.097","890,909.091","866,666.667","405,263.158","681,481.481","1,180,952.381","800,000","560,439.56","754,716.981","433,846.154","663,157.895","555,555.556","710,900.474","577,777.778","181,818.182","381,818.182","390,697.674",,"194,805.195","480,000","308,955.224","327,272.727","385,000","429,850.746","804,065.041","442,553.191","466,666.667","506,122.449","658,928.571","475,268.817",,,,,,,,,