name,ttm,03/31/2022,12/31/2021,09/30/2021,06/30/2021,03/31/2021,12/31/2020,09/30/2020,06/30/2020,03/31/2020,12/31/2019,09/30/2019,06/30/2019,03/31/2019,12/31/2018,09/30/2018,06/30/2018,03/31/2018,12/31/2017,09/30/2017,06/30/2017,03/31/2017,12/31/2016,09/30/2016,06/30/2016,03/31/2016,12/31/2015,09/30/2015,06/30/2015,03/31/2015,12/31/2014,09/30/2014,06/30/2014,03/31/2014,12/31/2013,09/30/2013,06/30/2013,03/31/2013,12/31/2012,09/30/2012,06/30/2012,03/31/2012,12/31/2011,09/30/2011,06/30/2011,03/31/2011,12/31/2010,09/30/2010,06/30/2010,03/31/2010,12/31/2009,09/30/2009,06/30/2009,03/31/2009,12/31/2008,09/30/2008,06/30/2008,03/31/2008,12/31/2007,09/30/2007,06/30/2007,03/31/2007,12/31/2006,09/30/2006,06/30/2006,03/31/2006,12/31/2005,09/30/2005,06/30/2005,03/31/2005,12/31/2004,09/30/2004,06/30/2004,03/31/2004,12/31/2003,09/30/2003,06/30/2003,03/31/2003,12/31/2002,09/30/2002,06/30/2002,03/31/2002,12/31/2001,09/30/2001,06/30/2001,03/31/2001,12/31/2000,09/30/2000,06/30/2000,03/31/2000,12/31/1999,09/30/1999,06/30/1999,03/31/1999,12/31/1998,09/30/1998,06/30/1998,03/31/1998,12/31/1997,09/30/1997,06/30/1997,03/31/1997,12/31/1996,09/30/1996,06/30/1996,03/31/1996,12/31/1995,09/30/1995,06/30/1995,03/31/1995,12/31/1994,09/30/1994,06/30/1994,03/31/1994,12/31/1993,09/30/1993,06/30/1993,03/31/1993,12/31/1992,09/30/1992,06/30/1992,03/31/1992,12/31/1991,09/30/1991,06/30/1991,03/31/1991,12/31/1990,09/30/1990,06/30/1990
TotalRevenue,"993,196,000","265,002,000","259,769,000","239,897,000","228,528,000","225,029,000","240,371,000","209,486,000","195,577,000","238,492,000","258,970,000","252,566,000","238,451,000","249,295,000","247,356,000","241,581,000","229,347,000","233,552,000","234,043,000","225,377,000","210,951,000","228,066,000","227,841,000","220,253,000","209,956,000","242,342,000","233,384,000","219,693,000","213,413,000","226,478,000","231,827,000","227,580,000","224,488,000","241,091,000","242,120,000","235,755,000","219,543,000","249,942,000","247,395,000","218,178,000","176,475,000","186,670,000","191,160,000","179,445,000","170,569,000","170,033,000","176,789,000","166,833,000","163,039,000","169,104,000","165,169,000","157,070,000","154,087,000","152,397,000","155,447,000","145,919,000","144,116,000","138,739,000","134,587,000","121,179,000","121,936,000","116,919,000","113,527,000","108,487,000","110,674,000","110,395,000","105,677,000","100,488,000","103,173,000","99,975,000","98,098,000","90,923,000","94,602,000","97,721,000","90,737,000","87,488,000","88,283,000","80,881,000","87,115,000","87,025,000","81,935,000","79,053,000","84,411,000","80,704,000","75,801,000","77,698,000","75,899,000","70,570,000","69,693,000","69,824,000","70,800,000","68,200,000","69,100,000","74,400,000","68,000,000","67,800,000","72,000,000","51,100,000","75,800,000","76,600,000","82,300,000","83,300,000","76,600,000","74,400,000","75,500,000","70,400,000","69,900,000","69,100,000","68,800,000","68,200,000","65,600,000","65,300,000","63,300,000","64,100,000","63,200,000","62,600,000","58,500,000","57,500,000","57,100,000","53,100,000","48,600,000","48,000,000","45,000,000","43,200,000","40,100,000","39,400,000","39,300,000","39,300,000","39,300,000"
	OperatingRevenue,"993,196,000","265,002,000","259,769,000","239,897,000","228,528,000","225,029,000","240,371,000","209,486,000","195,577,000","238,492,000","258,970,000","252,566,000","238,451,000","249,295,000","247,356,000","241,581,000","229,347,000","233,552,000","234,043,000","225,377,000","210,951,000","228,066,000","227,841,000","220,253,000","209,956,000","242,342,000","233,384,000","219,693,000","213,413,000","226,478,000","231,827,000","227,580,000","224,488,000","241,091,000","242,120,000","235,755,000","219,543,000","249,942,000","247,395,000","218,178,000","176,475,000","186,670,000","191,160,000","179,445,000","170,569,000","170,033,000","176,789,000","166,833,000","163,039,000","169,104,000","165,169,000","157,070,000","154,087,000","152,397,000","155,447,000","145,919,000","144,116,000","138,739,000","134,587,000","121,179,000","121,936,000","116,919,000","113,527,000","108,487,000","110,674,000","110,395,000","105,677,000","100,488,000","103,173,000","99,975,000","98,098,000","90,923,000","94,602,000","97,721,000","90,737,000","87,488,000","88,283,000","80,881,000","87,115,000","87,025,000","81,935,000","79,053,000","84,411,000","80,704,000","75,801,000","77,698,000","75,899,000","70,570,000","69,693,000","69,824,000","70,800,000","68,200,000","69,100,000","74,400,000","68,000,000","67,800,000","72,000,000","51,100,000","75,800,000","76,600,000","82,300,000","83,300,000","76,600,000","74,400,000","75,500,000","70,400,000","69,900,000","69,100,000","68,800,000","68,200,000","65,600,000","65,300,000","63,300,000","64,100,000","63,200,000","62,600,000","58,500,000","57,500,000","57,100,000","53,100,000","48,600,000","48,000,000","45,000,000","43,200,000","40,100,000","39,400,000","39,300,000","39,300,000","39,300,000"
CostOfRevenue,"487,694,000","128,691,000","121,204,000","117,356,000","120,443,000","143,222,000","120,114,000","103,742,000","105,547,000","124,935,000","130,920,000","125,566,000","122,545,000","138,085,000","136,181,000","129,674,000","146,103,000","129,166,000","122,748,000","120,815,000","119,286,000","145,955,000","126,762,000","116,005,000","118,900,000","153,119,000","124,529,000","114,396,000","110,874,000","118,113,000","120,166,000","119,466,000","118,210,000","125,650,000","120,491,000","115,871,000","108,131,000","126,801,000","134,280,000","116,416,000","86,362,000","92,059,000","95,229,000","89,496,000","81,821,000","82,532,000","83,299,000","79,078,000","76,576,000","80,980,000","79,722,000","76,103,000","71,144,000","70,249,000","77,151,000","71,230,000","71,079,000","68,954,000","68,029,000","61,290,000","60,442,000","58,572,000","57,108,000","53,326,000","53,301,000","51,818,000","50,008,000","48,723,000","48,649,000","46,529,000","46,317,000","45,374,000","47,502,000","49,680,000","47,624,000","46,108,000","48,697,000","44,663,000","46,174,000","48,135,000","43,288,000","41,566,000","43,176,000","40,903,000","39,498,000","34,590,000","30,869,000","31,242,000","30,249,000","32,800,000","32,200,000","27,800,000","28,900,000","36,600,000","29,600,000","28,500,000","29,200,000","4,200,000","46,600,000","36,400,000","39,900,000","42,000,000","34,400,000","30,800,000","30,700,000","30,300,000","26,500,000","26,400,000","27,300,000","29,000,000","25,900,000","25,000,000","23,900,000","25,100,000","23,500,000","22,900,000","22,700,000","23,400,000","23,300,000","21,900,000","20,100,000","20,700,000","19,300,000","19,800,000","18,700,000",,,,
GrossProfit,"505,502,000","136,311,000","138,565,000","122,541,000","108,085,000","81,807,000","120,257,000","105,744,000","90,030,000","113,557,000","128,050,000","127,000,000","115,906,000","111,210,000","111,175,000","111,907,000","83,244,000","104,386,000","111,295,000","104,562,000","91,665,000","82,111,000","101,079,000","104,248,000","91,056,000","89,223,000","108,855,000","105,297,000","102,539,000","108,365,000","111,661,000","108,114,000","106,278,000","115,441,000","121,629,000","119,884,000","111,412,000","123,141,000","113,115,000","101,762,000","90,113,000","94,611,000","95,931,000","89,949,000","88,748,000","87,501,000","93,490,000","87,755,000","86,463,000","88,124,000","85,447,000","80,967,000","82,943,000","82,148,000","78,296,000","74,689,000","73,037,000","69,785,000","66,558,000","59,889,000","61,494,000","58,347,000","56,419,000","55,161,000","57,373,000","58,577,000","55,669,000","51,765,000","54,524,000","53,446,000","51,781,000","45,549,000","47,100,000","48,041,000","43,113,000","41,380,000","39,586,000","36,218,000","40,941,000","38,890,000","38,647,000","37,487,000","41,235,000","39,801,000","36,303,000","43,108,000","45,030,000","39,328,000","39,444,000","37,024,000","38,600,000","40,400,000","40,200,000","37,800,000","38,400,000","39,300,000","42,800,000","46,900,000","29,200,000","40,200,000","42,400,000","41,300,000","42,200,000","43,600,000","44,800,000","40,100,000","43,400,000","42,700,000","41,500,000","39,200,000","39,700,000","40,300,000","39,400,000","39,000,000","39,700,000","39,700,000","35,800,000","34,100,000","33,800,000","31,200,000","28,500,000","27,300,000","25,700,000","23,400,000","21,400,000",,,,
OperatingExpense,"433,778,000","116,535,000","102,914,000","98,031,000","116,298,000","103,181,000","80,947,000","78,460,000","77,287,000","87,548,000","85,267,000","77,261,000","80,487,000","87,354,000","82,855,000","85,831,000","77,951,000","90,111,000","110,282,000","80,304,000","75,054,000","82,408,000","79,418,000","79,454,000","98,937,000","87,426,000","89,882,000","86,118,000","98,933,000","91,386,000","93,401,000","95,707,000","107,944,000","101,084,000","103,769,000","96,454,000","118,020,000","101,186,000","97,368,000","91,861,000","77,034,000","73,651,000","70,608,000","71,383,000","64,840,000","56,712,000","64,931,000","60,744,000","62,274,000","70,686,000","59,612,000","53,944,000","56,616,000","64,015,000","53,805,000","51,080,000","53,703,000","49,488,000","46,961,000","45,273,000","45,715,000","32,879,000","39,414,000","40,860,000","42,330,000","8,389,000","40,713,000","36,386,000","36,029,000","37,676,000","36,481,000","31,638,000","32,138,000","33,352,000","29,017,000","32,474,000","31,400,000","30,079,000","29,119,000","29,064,000","28,955,000","16,331,000","38,429,000","26,847,000","9,532,000","14,228,000","34,063,000","30,979,000","31,117,000","27,991,000","29,700,000","33,100,000","31,700,000","28,500,000","31,100,000","31,300,000","35,500,000","38,900,000","21,800,000","34,100,000","32,800,000","30,400,000","31,800,000","30,700,000","30,700,000","26,900,000","29,500,000","29,000,000","28,000,000","26,200,000","26,700,000","26,500,000","26,700,000","25,000,000","26,000,000","26,700,000","24,700,000","22,400,000","22,600,000","20,900,000","19,700,000","18,200,000","18,000,000","16,400,000","15,400,000",,,,
	SellingGeneralAndAdministration,"339,563,000","91,841,000","80,726,000","75,778,000","91,218,000","59,508,000","73,446,000","71,697,000","69,537,000","78,574,000","78,267,000","69,839,000","73,000,000","78,607,000","73,877,000","77,248,000","68,545,000","79,024,000","97,855,000","72,783,000","66,861,000","73,087,000","70,956,000","71,118,000","87,500,000","76,277,000","78,940,000","74,565,000","87,612,000","74,161,000","82,758,000","84,769,000","92,562,000","87,248,000","89,560,000","81,508,000","106,811,000","87,615,000","86,780,000","81,034,000","67,625,000","65,040,000","61,376,000","62,613,000","56,231,000","49,820,000","56,935,000","52,790,000","54,354,000","64,024,000","53,151,000","47,469,000","49,839,000","57,057,000","47,965,000","45,863,000","47,859,000","43,698,000","41,432,000","38,546,000","39,439,000","31,815,000","33,610,000","34,741,000","36,908,000","29,510,000","31,250,000","30,103,000","30,488,000","32,673,000","29,897,000","27,385,000","28,084,000","29,250,000","24,945,000","27,852,000","26,403,000","25,249,000","24,486,000","23,954,000","24,016,000","21,767,000","23,283,000","21,859,000","22,006,000","22,121,000","22,825,000","20,832,000","20,956,000","20,958,000","20,500,000","20,500,000","20,700,000","21,200,000","20,100,000","20,500,000","24,900,000","16,900,000","23,800,000","23,700,000","22,500,000","23,700,000","23,100,000","22,300,000","23,200,000","21,600,000","20,400,000","20,300,000","19,500,000","19,200,000","19,000,000","18,700,000","18,800,000","7,000,000","23,200,000","23,700,000","22,000,000","20,700,000","20,200,000","18,700,000","17,500,000","16,800,000","16,100,000","14,500,000","13,600,000",,,,
	ResearchAndDevelopment,"46,801,000","13,210,000","10,037,000","10,853,000","12,701,000","10,843,000","7,501,000","6,763,000","7,750,000","8,974,000","7,000,000","7,422,000","7,487,000","8,747,000","8,978,000","8,583,000","9,406,000","11,087,000","12,427,000","7,521,000","8,193,000","9,321,000","8,462,000","8,336,000","11,437,000","11,149,000","10,942,000","11,553,000","11,321,000","17,225,000","10,643,000","10,938,000","15,382,000","13,836,000","14,209,000","14,946,000","11,209,000","13,571,000","10,588,000","10,827,000","9,409,000","8,611,000","9,232,000","10,350,000","8,609,000","8,786,000","7,996,000","7,954,000","7,920,000","6,662,000","6,461,000","6,475,000","6,777,000","6,958,000","5,840,000","5,217,000","5,844,000","5,790,000","5,529,000","6,727,000","6,276,000","6,539,000","5,804,000","6,119,000","5,422,000","5,229,000","9,463,000","6,283,000","5,541,000","5,103,000","6,584,000","4,253,000","4,054,000","4,102,000","4,072,000","4,622,000","4,997,000","4,830,000","4,633,000","5,110,000","4,939,000","-5,436,000","15,146,000","4,988,000","4,765,000","5,499,000","5,204,000","4,202,000","4,134,000","3,727,000","3,800,000","3,800,000","3,600,000","4,100,000","3,900,000","3,300,000","3,800,000","3,800,000","4,300,000","4,700,000","5,000,000","4,700,000","4,600,000","4,700,000","5,000,000","4,800,000","4,900,000","4,500,000","4,300,000","4,100,000","4,100,000","4,200,000","4,300,000",,,,,,,,,,,,,,,,
	DepreciationAmortizationDepletionIncomeStatement,"47,414,000","11,484,000","12,151,000","11,400,000","12,379,000","8,626,000",,,,,,,,,,,,,,,,,,,,,,,,,,,,,,,,,,,,,,,,,,,,,,,,,,,,,,,,,,,,,,,,,,,,,,,,,,,,,,,,"6,493,000","6,034,000","5,945,000","6,027,000","3,306,000","5,400,000","8,800,000","7,400,000","3,200,000","7,100,000","7,500,000","6,800,000","18,200,000","-6,300,000","5,700,000","5,300,000","2,000,000","4,100,000","3,700,000","2,500,000","500,000","4,200,000","4,200,000","4,200,000","2,900,000","3,600,000","3,600,000","3,600,000","2,200,000","2,800,000","3,000,000","2,700,000","1,700,000","2,400,000","2,200,000","2,200,000","1,400,000","1,900,000","1,900,000","1,800,000",,,,
		DepreciationAndAmortizationInIncomeStatement,"47,414,000","11,484,000","12,151,000","11,400,000","12,379,000","8,626,000",,,,,,,,,,,,,,,,,,,,,,,,,,,,,,,,,,,,,,,,,,,,,,,,,,,,,,,,,,,,,,,,,,,,,,,,,,,,,,,,"6,493,000","6,034,000","5,945,000","6,027,000","3,306,000","5,400,000","8,800,000","7,400,000","3,200,000","7,100,000","7,500,000","6,800,000","18,200,000","-6,300,000","5,700,000","5,300,000","2,000,000","4,100,000","3,700,000","2,500,000","500,000","4,200,000","4,200,000","4,200,000","2,900,000","3,600,000","3,600,000","3,600,000","2,200,000","2,800,000","3,000,000","2,700,000","1,700,000","2,400,000","2,200,000","2,200,000","1,400,000","1,900,000","1,900,000","1,800,000",,,,
			Amortization,"47,414,000","11,484,000","12,151,000","11,400,000","12,379,000","8,626,000",,,,,,,,,,,,,,,,,,,,,,,,,,,,,,,,,,,,,,,,,,,,,,,,,,,,,,,,,,,,,,,,,,,,,,,,,,,,,,,,,,,,,,,,,,,,,,,,,,,,,,,,,,,,,,,,,,,,,,,,,,,
				AmortizationOfIntangiblesIncomeStatement,"47,414,000","11,484,000","12,151,000","11,400,000","12,379,000","8,626,000",,,,,,,,,,,,,,,,,,,,,,,,,,,,,,,,,,,,,,,,,,,,,,,,,,,,,,,,,,,,,,,,,,,,,,,,,,,,,,,,,,,,,,,,,,,,,,,,,,,,,,,,,,,,,,,,,,,,,,,,,,,
	OtherOperatingExpenses,,,,,,,,,,,,,,,,,,,,,,,,,,,,,,,,,,,,,,,,,,"0",,"-1,580,000",,,,,,,"1,000",,,,,,,,,,,,,,,,,,,,,,,,,,,,,,,,,,"-17,239,000",,,,,,,,,,,,,,,,,,,,,,,,,,,,,,,,,,,,,,,,,,,,
OperatingIncome,"71,724,000","19,776,000","35,651,000","24,510,000","-8,213,000","-21,374,000","39,310,000","27,284,000","12,743,000","26,009,000","42,783,000","49,739,000","35,419,000","23,856,000","28,320,000","26,076,000","5,293,000","14,275,000","1,013,000","24,258,000","16,611,000","-297,000","21,661,000","24,794,000","-7,881,000","1,797,000","18,973,000","19,179,000","3,606,000","16,979,000","18,260,000","12,407,000","-1,666,000","14,357,000","17,860,000","23,430,000","-6,608,000","21,955,000","15,747,000","9,901,000","13,079,000","20,960,000","25,323,000","18,566,000","23,908,000","30,789,000","28,559,000","27,011,000","24,189,000","17,438,000","25,835,000","27,023,000","26,327,000","18,133,000","24,491,000","23,609,000","19,334,000","20,297,000","19,597,000","14,616,000","15,779,000","25,468,000","17,005,000","14,301,000","15,043,000","50,188,000","14,956,000","15,379,000","18,495,000","15,770,000","15,300,000","13,911,000","14,962,000","14,689,000","14,096,000","8,906,000","8,186,000","6,139,000","11,822,000","9,826,000","9,692,000","21,156,000","2,806,000","12,954,000","26,771,000","28,880,000","10,967,000","8,349,000","8,327,000","9,033,000","8,900,000","7,300,000","8,500,000","9,300,000","7,300,000","8,000,000","7,300,000","8,000,000","7,400,000","6,100,000","9,600,000","10,900,000","10,400,000","12,900,000","14,100,000","13,200,000","13,900,000","13,700,000","13,500,000","13,000,000","13,000,000","13,800,000","12,700,000","14,000,000","13,700,000","13,000,000","11,100,000","11,700,000","11,200,000","10,300,000","8,800,000","9,100,000","7,700,000","7,000,000","6,000,000","39,400,000","39,300,000","39,300,000","39,300,000"
NetNonOperatingInterestIncomeExpense,"-17,121,000","-3,872,000","-4,263,000","-4,588,000","-4,398,000","-6,222,000","-3,051,000","-3,826,000","-3,735,000","-4,047,000","-3,078,000","-4,651,000","-4,423,000","-2,037,000","-2,858,000","-3,039,000","-1,978,000","-963,000","-806,000","-1,397,000","-1,359,000","-1,681,000","-2,275,000","-1,962,000","-2,177,000","-2,718,000","-2,141,000","-2,606,000","-2,009,000","-1,879,000","-2,308,000","-2,645,000","-2,543,000","-2,891,000","-2,852,000","-2,542,000",,,,,,,,"732,000","0","176,000","-20,000","470,000","-51,000","70,000","-192,000","-152,000","-57,000",,,,,,,,,,,,,,,,,,,,,,,,,,,,,,,,,,,,,,,,,,,,,,,,,,,,,,,,,,,,,,,,,,,,,,,,,,,,
	InterestIncomeNonOperating,,,,,,,,,,,,,,,,,,,,,,,,,,,,,,,,,,,,,,,,,,,,"749,000","106,000","83,000","91,000","493,000","102,000","90,000","56,000","103,000","157,000",,,,,,,,,,,,,,,,,,,,,,,,,,,,,,,,,,,,,,,,,,,,,,,,,,,,,,,,,,,,,,,,,,,,,,,,,,,,
	InterestExpenseNonOperating,"17,121,000","3,872,000","4,263,000","4,588,000",,"6,222,000","3,051,000","3,826,000","3,735,000","4,047,000","3,078,000","4,651,000","4,423,000","2,037,000","2,858,000","3,039,000","1,978,000","963,000","806,000","1,397,000","1,359,000","1,681,000","2,275,000","1,962,000","2,177,000","2,718,000","2,141,000","2,606,000","2,009,000","1,879,000","2,308,000","2,645,000","2,543,000","2,891,000","2,852,000","2,542,000",,,,,,,,"17,000","106,000","-93,000","111,000","23,000","153,000","20,000","248,000","255,000","214,000",,,,,,,,,,,,,,,,,,,,,,,,,,,,,,,,,,,,,,,,,,,,,,,,,,,,,,,,,,,,,,,,,,,,,,,,,,,,
	TotalOtherFinanceCost,"16,199,000",,,,"4,398,000",,,,,"4,047,000","3,078,000","4,651,000","4,423,000","2,037,000","2,858,000","3,039,000","1,978,000","963,000","806,000","1,397,000","1,359,000","1,681,000","2,275,000","1,962,000","2,177,000","2,718,000","2,141,000","2,606,000","2,009,000","1,879,000","2,308,000","2,645,000","2,543,000","2,891,000","2,852,000","2,542,000",,,,,,,,,,,,,,,,,,,,,,,,,,,,,,,,,,,,,,,,,,,,,,,,,,,,,,,,,,,,,,,,,,,,,,,,,,,,,,,,,,,,,,,,,,,,,
OtherIncomeExpense,"9,026,000","-577,000",,,"9,603,000","199,000","1,115,000","31,498,000","-1,028,000","-2,000","-1,876,000",,"-48,721,000",,,,,"0",,,"8,000,000","-65,304,000","-449,000",,,"-7,347,000","-80,150,000",,,,,,,,,"-2,542,000","-2,641,000","-7,269,000","-2,542,000","-1,311,000","336,000","370,000","140,000","445,000","-215,000","-2,195,000","-565,000","1,678,000","237,000","-13,620,000","-266,000","-801,000","-335,000","-103,000","-1,451,000","-1,290,000","375,000","69,000","225,000","731,000","957,000","6,530,000","816,000","-8,721,000","912,000","731,000","27,092,000","481,000","864,000","165,000","262,000","-69,000","-232,000","291,000","335,000","261,000","103,000","772,000","549,000","525,000","563,000","-10,131,000","463,000","755,000","969,000","526,000","959,000","-22,001,000","767,000","-8,536,000","600,000","700,000","1,300,000","1,300,000","1,200,000","1,300,000","1,300,000","-700,000","-24,200,000","1,000,000","1,000,000","1,500,000","900,000","900,000","700,000","1,100,000","500,000","1,100,000","600,000","200,000","600,000","600,000","800,000","1,900,000","100,000","400,000","400,000","100,000","-100,000","200,000","100,000","200,000",,"300,000","200,000",,,,
	SpecialIncomeCharges,"9,026,000","-577,000","0","0","9,603,000","199,000","1,115,000","31,498,000","-1,028,000","-2,000","-1,876,000","0","-48,721,000","0","0","0",,"0","0","0","8,000,000","-57,209,000","-449,000",,,"-7,347,000","-80,150,000",,,,,,,,,,,"-4,247,000","0","-1,311,000","336,000","370,000","140,000","445,000","-215,000","-2,195,000","-565,000","1,678,000","237,000","-13,620,000","-266,000","-801,000","-335,000","-103,000","-1,451,000","-1,290,000","375,000","69,000","225,000","731,000","957,000","6,530,000","816,000","-8,721,000","912,000","731,000","27,092,000","481,000","864,000","165,000","262,000","-69,000","-232,000","291,000","335,000","261,000","103,000","772,000","549,000","525,000","563,000","-10,131,000","463,000","755,000","969,000","526,000","959,000","-22,001,000","767,000","-8,536,000","600,000","700,000","1,300,000","1,300,000","1,200,000","1,300,000","1,300,000","-700,000","-24,200,000","1,000,000","1,000,000","1,500,000","900,000","900,000","700,000","1,100,000","500,000","1,100,000","600,000","200,000","600,000","600,000","800,000","1,900,000","100,000","400,000","400,000","100,000","-100,000","200,000","100,000","200,000",,"300,000","200,000",,,,
		RestructuringAndMergernAcquisition,,,,,,,,,,,,,,,,,,,,,,"0","0",,,"0","-4,898,000",,,,,,,,,,,"0","0",,,,,,,,,,,,,,,,,,,,,,,,,"73,000",,,,,,,,,,,,,,,,,,,,,,,,,,,,,,,,,,,,,,,,,,,,,,,,,,,,,,,,,,,,,,,,,
		ImpairmentOfCapitalAssets,"577,000",,,,,,"0","0","1,028,000","2,000","1,876,000","0","48,721,000",,,,,,,,,,,,,,"85,048,000",,,,,,,,,,,,,,,,,,,,,,,,,,,,,,,,,,,,,,,,,,,,,,,,,,,,,,,,,,,,,,,,,,,,,,,,,,,,,,,,,,,,,,,,,,,,,,,,,,,,,,
		WriteOff,"577,000","577,000",,,,,,,,"2,000","1,876,000","0","48,721,000",,,,,"0",,,,"57,209,000","449,000",,,,,,,,,,,,,,,,,,,,,,,,,,,,,,,,,,,,,,,,,,,,,,,,,,,,,,,,,,,,,,,,,,,,,,,,,,,,,,,,,,,,,,,,,,,,,,,,,,,,,,,,,,
		OtherSpecialCharges,,,,,,,,,,,,,,,,,,,,,,,,,,,,,,,,,,,,,,,,,,,,,,,,,,,,,,,,,,,,,,,,"8,648,000",,,,,,,,,,,,,,,,,,,,,,,,,,,,,,,,,,,,,,,,,,,,,,,,,,,,,,,,,,,,,,,,,
		GainOnSaleOfBusiness,"9,603,000","0","0","0","9,603,000","199,000","1,115,000","31,498,000",,,,,,"0","0","0",,"0","0","0","8,000,000",,,,,,,,,,,,,,,,,,,,,,,,,,,,,,,,,,,,,,,,,,,,,,,,,,,,,,,,,,,,,,,,,,,,,,,,,,,,,,,,,,,,,,,,,,,,,,,,,,,,,,,,,,,,
	OtherNonOperatingIncomeExpenses,,,,,,,,,,,,,,,,,,,,,,,,,,,,,,,,,,,,"-2,542,000","-2,641,000","-3,022,000","-2,542,000",,,,,,,,,,,,,,,,,,,,,,,,,,,,,,,,,,,,,,,,,,,,,,,,,,,,,,,,,,,,,,,,,,,,,,,,,,,,,,,,,,,,,,,,,,
PretaxIncome,"63,629,000","15,327,000","31,388,000","19,922,000","-3,008,000","-27,397,000","37,374,000","54,956,000","7,980,000","21,960,000","37,829,000","45,088,000","-17,725,000","21,819,000","25,462,000","23,037,000","3,315,000","13,312,000","207,000","22,861,000","23,252,000","-59,187,000","18,937,000","22,832,000","-10,058,000","-8,268,000","-63,318,000","16,573,000","1,597,000","9,659,000","15,952,000","9,762,000","-4,209,000","9,755,000","15,008,000","20,888,000","-9,249,000","14,686,000","13,205,000","8,590,000","13,415,000","21,330,000","25,463,000","19,011,000","23,693,000","28,572,000","27,974,000","29,159,000","24,375,000","3,888,000","25,377,000","26,070,000","25,935,000","18,365,000","23,489,000","22,809,000","20,339,000","21,370,000","20,892,000","16,608,000","18,432,000","28,416,000","19,404,000","7,111,000","17,556,000","25,842,000","44,488,000","16,421,000","20,131,000","16,094,000","15,607,000","13,708,000","14,432,000","14,886,000","14,554,000","8,586,000","7,786,000","7,049,000","11,913,000","9,826,000","9,819,000","10,701,000","3,376,000","13,817,000","10,611,000","9,816,000","12,066,000","-13,374,000","9,255,000","725,000","9,600,000","8,200,000","8,800,000","9,400,000","7,400,000","8,200,000","7,700,000","6,300,000","-18,000,000","6,200,000","10,000,000","12,100,000","10,800,000","13,300,000","14,500,000","14,000,000","13,700,000","14,200,000","13,400,000","12,900,000","12,800,000","13,700,000","13,100,000","13,500,000","13,400,000","12,900,000","11,000,000","11,300,000","10,700,000","9,800,000","8,200,000","8,600,000","7,100,000","6,600,000","5,400,000",,,,
TaxProvision,"20,254,000","5,586,000","8,156,000","5,066,000","1,446,000","-16,356,000","5,492,000","6,855,000","-2,547,000","4,336,000","7,934,000","7,602,000","-9,246,000","984,000","7,185,000","4,311,000","6,134,000","1,432,000","6,754,000","2,759,000","3,115,000","-8,047,000","3,544,000","3,007,000","288,000","467,000","-3,878,000","3,710,000","1,864,000","12,589,000","-36,000","2,275,000","-560,000","-429,000","-1,282,000","4,340,000","-1,375,000","2,125,000","3,301,000","2,043,000","3,628,000","3,524,000","7,211,000","5,131,000","6,746,000","7,584,000","8,240,000","7,821,000","6,457,000","-73,000","7,091,000","8,020,000","7,862,000","4,426,000","7,273,000","8,002,000","5,998,000","7,589,000","6,538,000","5,441,000","5,755,000","8,632,000","2,503,000","5,845,000","6,248,000","8,684,000","16,399,000","5,476,000","7,247,000","6,156,000","4,600,000","4,834,000","4,612,000","5,358,000","5,240,000","3,091,000","2,803,000","2,572,000","1,566,000","3,046,000","3,044,000","2,998,000","944,000","3,869,000","2,971,000","2,649,000","3,103,000","1,745,000","2,591,000","-29,000","3,100,000","2,600,000","2,800,000","3,300,000","2,600,000","2,900,000","2,700,000","4,500,000","-6,300,000","2,200,000","3,500,000","4,200,000","3,800,000","4,700,000","5,100,000","4,900,000","4,800,000","5,000,000","4,700,000","4,400,000","4,300,000","5,200,000","5,000,000","5,100,000","5,100,000","4,900,000","4,200,000","4,300,000","4,100,000","3,800,000","3,000,000","3,000,000","2,500,000","2,300,000","1,900,000",,,,
NetIncomeCommonStockholders,"43,375,000","9,741,000","23,232,000","14,856,000","-4,454,000","-11,041,000","31,882,000","48,101,000","10,527,000","17,624,000","29,895,000","37,486,000","-8,479,000","20,835,000","18,277,000","18,726,000","-2,819,000","11,880,000","-6,547,000","20,102,000","20,137,000","-51,140,000","15,393,000","19,825,000","-10,346,000","-8,735,000","-59,440,000","12,863,000","-267,000","-2,930,000","15,988,000","7,487,000","-3,649,000","10,184,000","16,290,000","16,548,000","-7,874,000","12,561,000","9,904,000","6,547,000","9,787,000","17,806,000","18,252,000","13,880,000","16,947,000","20,988,000","19,734,000","21,338,000","17,918,000","3,961,000","18,286,000","18,050,000","18,073,000","13,939,000","16,216,000","14,807,000","14,341,000","13,781,000","14,354,000","11,167,000","12,677,000","19,785,000","16,902,000","1,266,000","11,308,000","17,158,000","28,089,000","10,945,000","12,884,000","9,938,000","11,007,000","8,874,000","9,820,000","9,528,000","9,314,000","5,495,000","4,983,000","4,477,000","10,347,000","6,780,000","6,775,000","7,703,000","2,432,000","9,948,000","9,944,000","7,167,000","8,963,000","-15,119,000","6,664,000","798,000","6,500,000","5,700,000","6,000,000","6,100,000","4,800,000","5,300,000","4,900,000","-23,600,000","-11,700,000","4,000,000","6,500,000","7,900,000","7,000,000","8,600,000","9,400,000","9,100,000","8,900,000","9,200,000","8,700,000","8,500,000","8,500,000","8,500,000","8,100,000","8,400,000","8,300,000","8,000,000","6,800,000","7,000,000","6,600,000","6,000,000","5,200,000","5,600,000","4,600,000","4,300,000","3,500,000",,,,
	NetIncome,"43,375,000","9,741,000","23,232,000","14,856,000","-4,454,000","-11,041,000","31,882,000","48,101,000","10,527,000","17,624,000","29,895,000","37,486,000","-8,479,000","20,835,000","18,277,000","18,726,000","-2,819,000","11,880,000","-6,547,000","20,102,000","20,137,000","-51,140,000","15,393,000","19,825,000","-10,346,000","-8,735,000","-59,440,000","12,863,000","-267,000","-2,930,000","15,988,000","7,487,000","-3,649,000","10,184,000","16,290,000","16,548,000","-7,874,000","12,561,000","9,904,000","6,547,000","9,787,000","17,806,000","18,252,000","13,880,000","16,947,000","20,988,000","19,734,000","21,338,000","17,918,000","3,961,000","18,286,000","18,050,000","18,073,000","13,939,000","16,216,000","14,807,000","14,341,000","13,781,000","14,354,000","11,167,000","12,677,000","19,785,000","16,902,000","1,266,000","11,308,000","17,158,000","28,089,000","10,945,000","12,884,000","9,938,000","11,007,000","8,874,000","9,820,000","9,528,000","9,314,000","5,495,000","4,983,000","4,477,000","10,347,000","6,780,000","6,775,000","7,703,000","2,432,000","9,948,000","9,944,000","7,167,000","8,963,000","-15,119,000","6,664,000","798,000","6,500,000","5,700,000","6,000,000","6,100,000","4,800,000","5,300,000","4,900,000","-23,600,000","-11,700,000","4,000,000","6,500,000","7,900,000","7,000,000","8,600,000","9,400,000","9,100,000","8,900,000","9,200,000","8,700,000","8,500,000","8,500,000","8,500,000","8,100,000","8,400,000","8,300,000","8,000,000","6,800,000","7,000,000","6,600,000","6,000,000","5,200,000","5,600,000","4,600,000","4,300,000","3,500,000",,,,
		NetIncomeIncludingNoncontrollingInterests,"43,375,000","9,741,000","23,232,000","14,856,000","-4,454,000","-11,041,000","31,882,000","48,101,000","10,527,000","17,624,000","29,895,000","37,486,000","-8,479,000","20,835,000","18,277,000","18,726,000","-2,819,000","11,880,000","-6,547,000","20,102,000","20,137,000","-51,140,000","15,393,000","19,825,000","-10,346,000","-8,735,000","-59,440,000","12,863,000","-267,000","-2,930,000","15,988,000","7,487,000","-3,649,000","10,184,000","16,290,000","16,548,000","-7,874,000","12,561,000","9,904,000","6,547,000","9,787,000","17,806,000","18,252,000","13,880,000","16,947,000","20,988,000","19,734,000","21,338,000","17,918,000","3,961,000","18,286,000","18,050,000","18,073,000","13,939,000","16,216,000","14,807,000","14,341,000","13,781,000","14,354,000","11,167,000","12,677,000","19,785,000","16,902,000","1,266,000","11,308,000","17,158,000","28,089,000","10,945,000","12,884,000","9,938,000","11,007,000","8,874,000","9,820,000","9,528,000","9,314,000","5,495,000","4,983,000","4,477,000","10,347,000","6,780,000","6,775,000","7,703,000","2,432,000","9,948,000","9,944,000","7,167,000","8,963,000","-15,119,000","6,664,000","798,000","6,500,000","5,700,000","6,000,000","6,100,000","4,800,000","5,300,000","4,900,000","-23,600,000","-11,700,000","4,000,000","6,500,000","7,900,000","7,000,000","8,600,000","9,400,000","9,100,000","8,900,000","9,200,000","8,700,000","8,500,000","8,500,000","8,500,000","8,100,000","8,400,000","8,300,000","8,000,000","6,800,000","7,000,000","6,600,000","6,000,000","5,200,000","5,600,000","4,600,000","4,300,000","3,500,000","3,500,000","3,500,000","3,400,000","3,400,000"
			NetIncomeContinuousOperations,"43,375,000","9,741,000","23,232,000","14,856,000","-4,454,000","-11,041,000","31,882,000","48,101,000","10,527,000","17,624,000","29,895,000","37,486,000","-8,479,000","20,835,000","18,277,000","18,726,000","-2,819,000","11,880,000","-6,547,000","20,102,000","20,137,000","-51,140,000","15,393,000","19,825,000","-10,346,000","-8,735,000","-59,440,000","12,863,000","-267,000","-2,930,000","15,988,000","7,487,000","-3,649,000","10,184,000","16,290,000","16,548,000","-7,874,000","12,561,000","9,904,000","6,547,000","9,787,000","17,806,000","18,252,000","13,880,000","16,947,000","20,988,000","19,734,000","21,338,000","17,918,000","3,961,000","18,286,000","18,050,000","18,073,000","13,939,000","16,216,000","14,807,000","14,341,000","13,781,000","14,354,000","11,167,000","12,677,000","19,785,000","16,902,000","1,266,000","11,308,000","17,158,000","28,089,000","10,945,000","12,884,000","9,938,000","11,007,000","8,874,000","9,820,000","9,528,000","9,314,000","5,495,000","4,983,000","4,477,000","10,347,000","6,780,000","6,775,000","7,703,000","2,432,000","9,948,000","7,640,000","7,167,000","8,963,000","-15,119,000","6,664,000","754,000","6,500,000","5,600,000","6,000,000","6,100,000","4,800,000","5,300,000","5,000,000","1,800,000","-11,700,000","4,000,000","6,500,000","7,900,000","7,000,000","8,600,000","9,400,000","9,100,000","8,900,000","9,200,000","8,700,000","8,500,000","8,500,000","8,500,000","8,100,000","8,400,000","8,300,000","8,000,000","6,800,000","7,000,000","6,600,000","6,000,000","5,200,000","5,600,000","4,600,000","4,300,000","3,500,000","3,500,000","3,500,000","3,400,000","3,400,000"
			NetIncomeDiscontinuousOperations,,,,,,,,,,,,,,,,,,,,,,,,,,,,,,,,,,,,,,,,,,,,,,,,,,,,,,,,,,,,,,,,,,,,,,,,,,,,,,,,,,,,,,,,,,"44,000",,"100,000",,"0",,,"-100,000",,,,,,,,,,,,,,,,,,,,,,,,,,,,,,,,
			NetIncomeExtraordinary,,,,,,,,,,,,,,,,,,,,,,,,,,,,,,,,,,,,,,,,,,,,,,,,,,,,,,,,,,,,,,,,,,,,,,,,,,,,,,,,,,"0",,,"2,304,000",,,,,,,,,,,,,,,,,,,,,,,,,,,,,,,,,,,,,,,,,,,,
DilutedNIAvailtoComStockholders,"43,375,000","9,741,000","23,232,000","14,856,000","-4,454,000","-11,041,000","31,882,000","48,101,000","10,527,000","17,624,000","29,895,000","37,486,000","-8,479,000","20,835,000","18,277,000","18,726,000","-2,819,000","11,880,000","-6,547,000","20,102,000","20,137,000","-51,140,000","15,393,000","19,825,000","-10,346,000","-8,735,000","-59,440,000","12,863,000","-267,000","-2,930,000","15,988,000","7,487,000","-3,649,000","10,184,000","16,290,000","16,548,000","-7,874,000","12,561,000","9,904,000","6,547,000","9,787,000","17,806,000","18,252,000","13,880,000","16,947,000","20,988,000","19,734,000","21,338,000","17,918,000","3,961,000","18,286,000","18,050,000","18,073,000","13,939,000","16,216,000","14,807,000","14,341,000","13,781,000","14,354,000","11,167,000","12,677,000","19,785,000","16,902,000","1,266,000","11,308,000","17,158,000","28,089,000","10,945,000","12,884,000","9,938,000","11,007,000","8,874,000","9,820,000","9,528,000","9,314,000","5,495,000","4,983,000","4,477,000","10,347,000","6,780,000","6,775,000","7,703,000","2,432,000","9,948,000","9,944,000","7,167,000","8,963,000","-15,119,000","6,664,000","798,000","6,500,000","5,700,000","6,000,000","6,100,000","4,800,000","5,300,000","4,900,000","-23,600,000","-11,700,000","4,000,000","6,500,000","7,900,000","7,000,000","8,600,000","9,400,000","9,100,000","8,900,000","9,200,000","8,700,000","8,500,000","8,500,000","8,500,000","8,100,000","8,400,000","8,300,000","8,000,000","6,800,000","7,000,000","6,600,000","6,000,000","5,200,000","5,600,000","4,600,000","4,300,000","3,500,000",,,,
BasicEPS,,"0.191","0.45","0.29","-0.09","-0.217","0.628","0.95","0.21",,"0.59","0.738","-0.17",,"0.36","0.36","-0.05","0.225","-0.12","0.38","0.38","-0.98","0.3","0.39","-0.2","-0.173","-1.171","0.25","-0.005","-0.057","0.311","0.146","-0.071","0.196","0.315","0.321","-0.154","0.245","0.192","0.125","0.192",,"0.365","0.275","0.33",,"0.395","0.432","0.356",,"0.362","0.351","0.352",,"0.32","0.295","0.28",,"0.28","0.22","0.24",,"0.32","0.025","0.21",,"0.53","0.21","0.245",,"0.215","0.175","0.195",,"0.19","0.115","0.105",,"0.215","0.14","0.135",,"0.045","0.19","0.19",,"0.178","-0.301","0.132",,"0.127","0.11","0.11",,"0.09","0.1","0.095",,"-0.22","0.075","0.12",,"0.13","0.16","0.175",,"0.16","0.165","0.16",,"0.15","0.15","0.14",,"0.145","0.14","0.12",,"0.115","0.105","0.095",,"0.08","0.075","0.065",,"0.065","0.065","0.065"
DilutedEPS,,"0.19","0.45","0.29","-0.09","-0.22","0.62","0.94","0.21",,"0.58","0.72","-0.17",,"0.35","0.35","-0.05","0.22","-0.12","0.38","0.38","-0.984","0.3","0.38","-0.2","-0.173","-1.171","0.25","-0.01","-0.06","0.31","0.14","-0.071","0.19","0.31","0.32","-0.154","0.24","0.19","0.125","0.19",,"0.36","0.27","0.325",,"0.385","0.425","0.35",,"0.355","0.345","0.345",,"0.31","0.285","0.27",,"0.27","0.21","0.23",,"0.31","0.025","0.2",,"0.51","0.2","0.235",,"0.21","0.17","0.19",,"0.19","0.115","0.105",,"0.21","0.135","0.13",,"0.045","0.185","0.185",,"0.173","-0.301","0.13",,"0.125","0.11","0.11",,"0.09","0.1","0.095",,"-0.22","0.075","0.12",,"0.13","0.155","0.17",,"0.16","0.165","0.16",,"0.15","0.15","0.14",,"0.145","0.14","0.12",,"0.115","0.105","0.095",,"0.08","0.075","0.065",,"0.065","0.065","0.065"
BasicAverageShares,,"51,117,000","51,094,000","51,039,000","50,939,000","50,848,000","50,789,000","50,696,000","50,418,000",,"50,630,000","50,791,000","51,010,000",,"51,401,000","51,605,000","52,119,000","52,867,000","53,090,000","52,619,000","52,443,000","51,990,000","51,708,000","51,378,000","51,021,000","50,863,000","50,741,000","50,680,000","51,360,000","51,565,000","51,432,000","51,391,000","51,741,000","51,985,000","51,730,000","51,492,000","51,231,000","51,304,000","51,707,000","51,420,000","50,966,000",,"50,154,000","50,836,000","51,462,000",,"49,946,000","49,372,000","50,280,000",,"50,578,000","51,370,000","51,316,000",,"50,750,000","50,076,000","51,214,000",,"51,000,000","51,218,000","53,068,000",,"53,054,000","54,174,000","53,800,000",,"53,084,000","52,790,000","52,560,000",,"51,256,000","50,516,000","50,310,000",,"49,036,000","48,240,000","48,126,000",,"48,590,000","49,284,000","50,636,000",,"52,890,000","52,574,000","51,958,000",,"50,518,000","50,266,000","50,496,000",,"51,392,000","51,818,182","54,545,455",,"53,333,333","53,000,000","51,578,947",,"53,181,818","53,333,333","54,166,667",,"53,846,154","53,750,000","53,714,286",,"55,625,000","55,757,576","54,375,000",,"56,666,667","56,666,667","57,857,143",,"57,241,379","57,142,857","56,666,667",,"57,391,304","57,142,857","54,736,842",,"57,500,000","57,333,333","53,846,154",,"55,600,000","55,600,000","55,600,000"
DilutedAverageShares,,"51,354,000","51,344,000","51,458,000","50,939,000","50,848,000","51,363,000","51,093,000","51,247,000",,"51,638,000","52,046,000","51,010,000",,"52,822,000","53,138,000","52,119,000","54,151,000","53,090,000","52,981,000","52,811,000","51,990,000","52,103,000","51,701,000","51,021,000","50,863,000","50,741,000","51,187,000","51,360,000","51,565,000","51,962,000","51,925,000","51,741,000","52,609,000","52,511,000","52,361,000","51,231,000","52,199,000","52,606,000","52,314,000","51,864,000",,"50,876,000","51,686,000","52,432,000",,"51,034,000","50,456,000","51,406,000",,"51,814,000","52,642,000","52,402,000",,"52,112,000","51,834,000","53,034,000",,"52,874,000","52,922,000","54,806,000",,"54,734,000","55,938,000","55,858,000",,"55,292,000","54,708,000","54,418,000",,"52,628,000","51,568,000","51,158,000",,"49,560,000","48,654,000","48,446,000",,"49,146,000","50,326,000","52,220,000",,"55,050,000","54,478,000","53,894,000",,"51,982,000","50,266,000","51,462,000",,"52,194,000","51,818,182","54,545,455",,"53,333,333","53,000,000","51,578,947",,"53,181,818","53,333,333","54,166,667",,"53,846,154","55,483,871","55,294,118",,"55,625,000","55,757,576","54,375,000",,"56,666,667","56,666,667","57,857,143",,"57,241,379","57,142,857","56,666,667",,"57,391,304","57,142,857","54,736,842",,"57,500,000","57,333,333","53,846,154",,"55,600,000","55,600,000","55,600,000"
TotalOperatingIncomeAsReported,"80,750,000","19,199,000","35,651,000","24,510,000","1,390,000","-21,175,000","40,425,000","58,782,000","11,715,000","26,007,000","40,907,000","49,739,000","-13,302,000","23,856,000","28,320,000","26,076,000","5,293,000","14,275,000","1,013,000","24,258,000","16,611,000","-57,506,000","21,212,000","24,794,000","-7,881,000","-5,550,000","-61,177,000","19,179,000","3,606,000","11,538,000","18,260,000","12,407,000","-1,666,000","12,646,000","17,860,000","23,430,000","-6,608,000","17,708,000","15,747,000","9,901,000","13,079,000","20,960,000","25,323,000","18,566,000","23,908,000","28,895,000","28,559,000","28,905,000","24,189,000","4,097,000","25,835,000","27,023,000","26,327,000","18,133,000","24,491,000","23,609,000","19,334,000","20,297,000","19,597,000","14,616,000","15,779,000","25,693,000","17,005,000","5,156,000","15,043,000","50,188,000","14,956,000","15,379,000","18,495,000","15,770,000","15,300,000","13,911,000","14,962,000","14,689,000","14,096,000","8,906,000","8,186,000","6,139,000","11,822,000","9,826,000","9,692,000","11,156,000","2,806,000","12,954,000","26,771,000","-14,225,000","10,967,000","8,349,000","8,327,000","9,033,000","8,900,000","7,300,000","8,500,000","9,300,000","7,300,000","8,000,000","7,300,000","8,000,000","7,400,000","6,100,000","9,600,000","10,900,000","10,400,000","12,900,000","14,100,000","13,200,000","13,900,000","13,700,000","13,500,000","13,000,000","13,000,000","13,800,000","12,700,000","14,000,000","13,700,000","13,000,000","11,100,000","11,700,000","11,200,000","10,300,000","8,800,000","9,100,000","7,700,000","7,000,000","6,000,000",,,,
TotalExpenses,"921,472,000","245,226,000","224,118,000","215,387,000","236,741,000","246,403,000","201,061,000","182,202,000","182,834,000","212,483,000","216,187,000","202,827,000","203,032,000","225,439,000","219,036,000","215,505,000","224,054,000","219,277,000","233,030,000","201,119,000","194,340,000","228,363,000","206,180,000","195,459,000","217,837,000","240,545,000","214,411,000","200,514,000","209,807,000","209,499,000","213,567,000","215,173,000","226,154,000","226,734,000","224,260,000","212,325,000","226,151,000","227,987,000","231,648,000","208,277,000","163,396,000","165,710,000","165,837,000","160,879,000","146,661,000","139,244,000","148,230,000","139,822,000","138,850,000","151,666,000","139,334,000","130,047,000","127,760,000","134,264,000","130,956,000","122,310,000","124,782,000","118,442,000","114,990,000","106,563,000","106,157,000","91,451,000","96,522,000","94,186,000","95,631,000","60,207,000","90,721,000","85,109,000","84,678,000","84,205,000","82,798,000","77,012,000","79,640,000","83,032,000","76,641,000","78,582,000","80,097,000","74,742,000","75,293,000","77,199,000","72,243,000","57,897,000","81,605,000","67,750,000","49,030,000","48,818,000","64,932,000","62,221,000","61,366,000","60,791,000","61,900,000","60,900,000","60,600,000","65,100,000","60,700,000","59,800,000","64,700,000","43,100,000","68,400,000","70,500,000","72,700,000","72,400,000","66,200,000","61,500,000","61,400,000","57,200,000","56,000,000","55,400,000","55,300,000","55,200,000","52,600,000","51,500,000","50,600,000","50,100,000","49,500,000","49,600,000","47,400,000","45,800,000","45,900,000","42,800,000","39,800,000","38,900,000","37,300,000","36,200,000","34,100,000",,,,
NetIncomeFromContinuingAndDiscontinuedOperation,"43,375,000","9,741,000","23,232,000","14,856,000","-4,454,000","-11,041,000","31,882,000","48,101,000","10,527,000","17,624,000","29,895,000","37,486,000","-8,479,000","20,835,000","18,277,000","18,726,000","-2,819,000","11,880,000","-6,547,000","20,102,000","20,137,000","-51,140,000","15,393,000","19,825,000","-10,346,000","-8,735,000","-59,440,000","12,863,000","-267,000","-2,930,000","15,988,000","7,487,000","-3,649,000","10,184,000","16,290,000","16,548,000","-7,874,000","12,561,000","9,904,000","6,547,000","9,787,000","17,806,000","18,252,000","13,880,000","16,947,000","20,988,000","19,734,000","21,338,000","17,918,000","3,961,000","18,286,000","18,050,000","18,073,000","13,939,000","16,216,000","14,807,000","14,341,000","13,781,000","14,354,000","11,167,000","12,677,000","19,785,000","16,902,000","1,266,000","11,308,000","17,158,000","28,089,000","10,945,000","12,884,000","9,938,000","11,007,000","8,874,000","9,820,000","9,528,000","9,314,000","5,495,000","4,983,000","4,477,000","10,347,000","6,780,000","6,775,000","7,703,000","2,432,000","9,948,000","7,640,000","7,167,000","8,963,000","-15,119,000","6,664,000","798,000","6,500,000","5,700,000","6,000,000","6,100,000","4,800,000","5,300,000","4,900,000","-23,600,000","-11,700,000","4,000,000","6,500,000","7,900,000","7,000,000","8,600,000","9,400,000","9,100,000","8,900,000","9,200,000","8,700,000","8,500,000","8,500,000","8,500,000","8,100,000","8,400,000","8,300,000","8,000,000","6,800,000","7,000,000","6,600,000","6,000,000","5,200,000","5,600,000","4,600,000","4,300,000","3,500,000",,,,
NormalizedIncome,"37,219,268","10,107,709.532","23,232,000","14,856,000","-11,464,190","-11,186,270","30,930,905","20,540,250","11,277,440","17,625,605.1","31,377,040","37,486,000","27,087,330","20,835,000","18,277,000","18,726,000","-2,819,000","11,880,000","-6,547,000","20,102,000","13,209,000","-1,709,073.276","15,758,037","19,825,000","-10,346,000","-4,326,800","15,820,850","12,863,000","-267,000","-2,930,000","15,988,000","7,487,000","-3,649,000","10,184,000","16,290,000","16,548,000","-7,874,000","16,193,477.666","9,904,000","7,545,982","9,541,720","17,497,128.926","18,151,647.331","13,555,103.887","17,100,784.029","22,600,370.853","20,132,574.033","20,110,071.607","17,743,781.908","12,814,000","18,477,672.617","18,604,585.731","18,306,447.272","14,017,176.804","17,217,720.635","15,644,433.908","14,076,588.033","13,736,503.556","14,199,412.119","10,675,485.248","12,018,802.897","15,238,634.572","16,191,259.122","6,498,600","10,720,571.429","16,672,646.777","10,983,551.609","10,624,401.681","12,331,033.133","9,836,112.961","10,822,221.759","8,918,667.785","9,977,860.31","9,341,741.233","9,099,612.89","5,327,961.216","4,917,080.529","3,986,683.076","9,870,167.716","6,417,746.794","6,386,536.307","14,995,691.618","2,098,464.455","9,404,413.114","6,942,312.694","6,782,949.267","8,250,624.979","-1,918,400","6,111,726.85","5,875,600","6,093,750","5,121,951.22","5,113,636.364","5,256,382.979","4,021,621.622","4,459,756.098","4,155,844.156","2,220,000","4,030,000","3,354,838.71","5,850,000","6,920,661.157","6,416,666.667","8,018,045.113","8,946,206.897","8,385,000","8,575,182.482","8,487,323.944","8,310,447.761","8,368,217.054","8,101,562.5","8,127,737.226","7,605,343.511","7,217,777.778","8,238,059.701","7,751,937.984","6,552,727.273","6,938,053.097","6,661,682.243","5,877,551.02","5,136,585.366","5,469,767.442","4,600,000","4,104,545.455","3,370,370.37",,,,
InterestIncome,,,,,,,,,,,,,,,,,,,,,,,,,,,,,,,,,,,,,,,,,,,,"749,000","106,000","83,000","91,000","493,000","102,000","90,000","56,000","103,000","157,000",,,,,,,,,,,,,,,,,,,,,,,,,,,,,,,,,,,,,,,,,,,,,,,,,,,,,,,,,,,,,,,,,,,,,,,,,,,,
InterestExpense,"17,121,000","3,872,000","4,263,000","4,588,000",,"6,222,000","3,051,000","3,826,000","3,735,000","4,047,000","3,078,000","4,651,000","4,423,000","2,037,000","2,858,000","3,039,000","1,978,000","963,000","806,000","1,397,000","1,359,000","1,681,000","2,275,000","1,962,000","2,177,000","2,718,000","2,141,000","2,606,000","2,009,000","1,879,000","2,308,000","2,645,000","2,543,000","2,891,000","2,852,000","2,542,000",,,,,,,,"17,000","106,000","-93,000","111,000","23,000","153,000","20,000","248,000","255,000","214,000",,,,,,,,,,,,,,,,,,,,,,,,,,,,,,,,,,,,,,,,,,,,,,,,,,,,,,,,,,,,,,,,,,,,,,,,,,,,
NetInterestIncome,"-17,121,000","-3,872,000","-4,263,000","-4,588,000","-4,398,000","-6,222,000","-3,051,000","-3,826,000","-3,735,000","-4,047,000","-3,078,000","-4,651,000","-4,423,000","-2,037,000","-2,858,000","-3,039,000","-1,978,000","-963,000","-806,000","-1,397,000","-1,359,000","-1,681,000","-2,275,000","-1,962,000","-2,177,000","-2,718,000","-2,141,000","-2,606,000","-2,009,000","-1,879,000","-2,308,000","-2,645,000","-2,543,000","-2,891,000","-2,852,000","-2,542,000",,,,,,,,"732,000","0","176,000","-20,000","470,000","-51,000","70,000","-192,000","-152,000","-57,000",,,,,,,,,,,,,,,,,,,,,,,,,,,,,,,,,,,,,,,,,,,,,,,,,,,,,,,,,,,,,,,,,,,,,,,,,,,,
EBIT,"80,750,000","19,199,000","35,651,000","24,510,000","-8,213,000","-21,175,000","40,425,000","58,782,000","11,715,000","26,007,000","40,907,000","49,739,000","-13,302,000","23,856,000","28,320,000","26,076,000","5,293,000","14,275,000","1,013,000","24,258,000","24,611,000","1,087,000","21,212,000","24,794,000","-7,881,000","-5,550,000","-61,177,000","19,179,000","3,606,000","11,538,000","18,260,000","12,407,000","-1,666,000","12,646,000","17,860,000","23,430,000","-6,608,000","21,955,000","15,747,000","9,901,000","13,079,000","21,700,000","25,323,000","18,566,000","23,799,000","28,479,000","28,085,000","29,182,000","24,528,000","3,908,000","25,625,000","26,325,000","26,149,000","17,632,000","24,491,000","23,609,000","19,334,000","20,297,000","19,597,000","14,616,000","15,779,000","25,468,000","17,005,000","14,301,000","15,043,000","50,188,000","14,956,000","15,379,000","18,495,000","15,770,000","15,300,000","13,911,000","14,962,000","14,689,000","14,096,000","8,906,000","8,186,000","6,139,000","11,822,000","9,826,000","9,692,000","21,156,000","2,806,000","12,954,000","26,771,000","28,880,000","10,967,000","8,349,000","8,327,000","9,033,000","8,900,000","7,300,000","8,500,000","9,300,000","7,300,000","8,000,000","7,300,000","8,000,000","7,400,000","6,100,000","9,600,000","10,900,000","10,400,000","12,900,000","14,100,000","13,200,000","13,900,000","13,700,000","13,500,000","13,000,000","13,000,000","13,800,000","12,700,000","14,000,000","13,700,000","13,000,000","11,100,000","11,700,000","11,200,000","10,300,000","8,800,000","9,100,000","7,700,000","7,000,000","6,000,000","39,400,000","39,300,000","39,300,000","39,300,000"
EBITDA,"178,497,000"
ReconciledCostOfRevenue,"437,361,000","115,362,000","108,988,000","105,222,000","107,789,000","143,222,000","120,114,000","103,742,000","105,547,000","124,935,000","130,920,000","125,566,000","122,545,000","138,085,000","136,181,000","129,674,000","146,103,000","129,166,000","122,748,000","120,815,000","119,286,000","145,955,000","126,762,000","116,005,000","118,900,000","153,119,000","124,529,000","114,396,000","110,874,000","118,113,000","120,166,000","119,466,000","118,210,000","125,650,000","120,491,000","115,871,000","108,131,000","126,801,000","134,280,000","116,416,000","86,362,000","92,059,000","95,229,000","89,496,000","81,821,000","82,532,000","83,299,000","79,078,000","76,576,000","80,980,000","79,722,000","76,103,000","71,144,000","70,249,000","77,151,000","71,230,000","71,079,000","68,954,000","68,029,000","61,290,000","60,442,000","58,572,000","57,108,000","53,326,000","53,301,000","51,818,000","50,008,000","48,723,000","48,649,000","46,529,000","46,317,000","45,374,000","47,502,000","49,680,000","47,624,000","46,108,000","48,697,000","44,663,000","46,174,000","48,135,000","43,288,000","41,566,000","43,176,000","40,903,000","39,498,000","34,590,000","30,869,000","31,242,000","30,249,000","32,800,000","32,200,000","27,800,000","28,900,000","36,600,000","29,600,000","28,500,000","29,200,000","4,200,000","46,600,000","36,400,000","39,900,000","42,000,000","34,400,000","30,800,000","30,700,000","30,300,000","26,500,000","26,400,000","27,300,000","29,000,000","25,800,000","25,100,000","23,900,000","25,100,000","23,600,000","22,800,000","22,700,000","23,400,000","23,300,000","21,900,000","20,100,000","20,700,000","19,300,000","19,800,000","18,700,000",,,,
ReconciledDepreciation,"97,747,000","24,813,000","24,367,000","23,534,000","25,033,000","21,910,000","20,774,000","20,879,000","20,724,000","28,765,000","27,055,000","27,032,000","27,437,000","29,781,000","27,945,000","25,277,000","26,415,000","22,980,000","22,281,000","22,197,000","21,789,000","22,202,000","22,278,000","22,709,000","22,544,000","22,190,000","22,723,000","22,743,000","22,255,000","22,162,000","22,266,000","21,114,000","20,511,000","22,677,000","20,807,000","19,899,000","18,357,000","18,740,000","18,131,000","17,430,000","11,180,000","12,710,000","12,637,000","12,631,000","11,988,000","11,120,000","12,335,000","12,280,000","12,410,000","11,455,000","11,082,000","10,641,000","10,058,000","6,621,000","11,758,000","10,097,000","7,986,000","8,799,000","7,713,000","7,505,000","7,180,000","6,478,000","6,906,000","7,378,000","6,742,000","6,665,000","6,200,000","6,954,000","5,331,000","6,853,000","6,395,000","7,167,000","7,161,000","6,958,000","7,588,000","8,018,000","7,585,000","6,263,000","7,915,000","7,189,000","7,064,000","6,390,000","3,739,000","9,650,000","5,837,000","6,493,000","6,034,000","5,945,000","6,027,000","3,306,000","5,400,000","8,800,000","7,400,000","3,200,000","7,100,000","7,500,000","6,800,000","18,200,000","-6,300,000","5,700,000","5,300,000","2,000,000","4,100,000","3,700,000","2,500,000","500,000","4,200,000","4,200,000","4,200,000","2,900,000","3,700,000","3,500,000","3,600,000","2,200,000","2,700,000","3,100,000","2,700,000","1,700,000","2,400,000","2,200,000","2,200,000","1,400,000","1,900,000","1,900,000","1,800,000",,,,
NetIncomeFromContinuingOperationNetMinorityInterest,"43,375,000","9,741,000","23,232,000","14,856,000","-4,454,000","-11,041,000","31,882,000","48,101,000","10,527,000","17,624,000","29,895,000","37,486,000","-8,479,000","20,835,000","18,277,000","18,726,000","-2,819,000","11,880,000","-6,547,000","20,102,000","20,137,000","-51,140,000","15,393,000","19,825,000","-10,346,000","-8,735,000","-59,440,000","12,863,000","-267,000","-2,930,000","15,988,000","7,487,000","-3,649,000","10,184,000","16,290,000","16,548,000","-7,874,000","12,561,000","9,904,000","6,547,000","9,787,000","17,806,000","18,252,000","13,880,000","16,947,000","20,988,000","19,734,000","21,338,000","17,918,000","3,961,000","18,286,000","18,050,000","18,073,000","13,939,000","16,216,000","14,807,000","14,341,000","13,781,000","14,354,000","11,167,000","12,677,000","19,785,000","16,902,000","1,266,000","11,308,000","17,158,000","28,089,000","10,945,000","12,884,000","9,938,000","11,007,000","8,874,000","9,820,000","9,528,000","9,314,000","5,495,000","4,983,000","4,477,000","10,347,000","6,780,000","6,775,000","7,703,000","2,432,000","9,948,000","7,640,000","7,167,000","8,963,000","-15,119,000","6,664,000","754,000","6,500,000","5,600,000","6,000,000","6,100,000","4,800,000","5,300,000","5,000,000","1,800,000","-11,700,000","4,000,000","6,500,000","7,900,000","7,000,000","8,600,000","9,400,000","9,100,000","8,900,000","9,200,000","8,700,000","8,500,000","8,500,000","8,500,000","8,100,000","8,400,000","8,300,000","8,000,000","6,800,000","7,000,000","6,600,000","6,000,000","5,200,000","5,600,000","4,600,000","4,300,000","3,500,000",,,,
TotalUnusualItemsExcludingGoodwill,"9,026,000","-577,000","0","0","9,603,000","199,000","1,115,000","31,498,000","-1,028,000","-2,000","-1,876,000","0","-48,721,000","0","0","0",,"0","0","0","8,000,000","-57,209,000","-449,000",,,"-7,347,000","-80,150,000",,,,,,,,,,,"-4,247,000","0","-1,311,000","336,000","370,000","140,000","445,000","-215,000","-2,195,000","-565,000","1,678,000","237,000","-13,620,000","-266,000","-801,000","-335,000","-103,000","-1,451,000","-1,290,000","375,000","69,000","225,000","731,000","957,000","6,530,000","816,000","-8,721,000","912,000","731,000","27,092,000","481,000","864,000","165,000","262,000","-69,000","-232,000","291,000","335,000","261,000","103,000","772,000","549,000","525,000","563,000","-10,131,000","463,000","755,000","969,000","526,000","959,000","-22,001,000","767,000","-8,536,000","600,000","700,000","1,300,000","1,300,000","1,200,000","1,300,000","1,300,000","-700,000","-24,200,000","1,000,000","1,000,000","1,500,000","900,000","900,000","700,000","1,100,000","500,000","1,100,000","600,000","200,000","600,000","600,000","800,000","1,900,000","100,000","400,000","400,000","100,000","-100,000","200,000","100,000","200,000",,"300,000","200,000",,,,
TotalUnusualItems,"9,026,000","-577,000","0","0","9,603,000","199,000","1,115,000","31,498,000","-1,028,000","-2,000","-1,876,000","0","-48,721,000","0","0","0",,"0","0","0","8,000,000","-57,209,000","-449,000",,,"-7,347,000","-80,150,000",,,,,,,,,,,"-4,247,000","0","-1,311,000","336,000","370,000","140,000","445,000","-215,000","-2,195,000","-565,000","1,678,000","237,000","-13,620,000","-266,000","-801,000","-335,000","-103,000","-1,451,000","-1,290,000","375,000","69,000","225,000","731,000","957,000","6,530,000","816,000","-8,721,000","912,000","731,000","27,092,000","481,000","864,000","165,000","262,000","-69,000","-232,000","291,000","335,000","261,000","103,000","772,000","549,000","525,000","563,000","-10,131,000","463,000","755,000","969,000","526,000","959,000","-22,001,000","767,000","-8,536,000","600,000","700,000","1,300,000","1,300,000","1,200,000","1,300,000","1,300,000","-700,000","-24,200,000","1,000,000","1,000,000","1,500,000","900,000","900,000","700,000","1,100,000","500,000","1,100,000","600,000","200,000","600,000","600,000","800,000","1,900,000","100,000","400,000","400,000","100,000","-100,000","200,000","100,000","200,000",,"300,000","200,000",,,,
NormalizedEBITDA,"169,471,000","44,589,000","60,018,000","48,044,000","7,217,000","536,000","60,084,000","48,163,000","33,467,000","54,774,000","69,838,000","76,771,000","62,856,000","53,637,000","56,265,000","51,353,000","31,708,000","37,255,000","23,294,000","46,455,000","38,400,000","80,498,000","43,939,000","47,503,000","14,663,000","23,987,000","41,696,000","41,922,000","25,861,000","33,700,000","40,526,000","33,521,000","18,845,000","35,323,000","38,667,000","43,329,000","11,749,000","44,942,000","33,878,000","28,642,000","23,923,000","34,040,000","37,820,000","30,752,000","36,002,000","41,794,000","40,985,000","39,784,000","36,701,000","28,983,000","36,973,000","37,767,000","36,542,000","24,356,000","37,700,000","34,996,000","26,945,000","29,027,000","27,085,000","21,390,000","22,002,000","25,416,000","23,095,000","30,400,000","20,873,000","56,122,000","-5,936,000","21,852,000","22,962,000","22,458,000","21,433,000","21,147,000","22,355,000","21,356,000","21,349,000","16,663,000","15,668,000","11,630,000","19,188,000","16,490,000","16,193,000","37,677,000","6,082,000","21,849,000","31,639,000","34,847,000","16,042,000","36,295,000","13,587,000","20,875,000","13,700,000","15,400,000","14,600,000","11,200,000","13,200,000","14,200,000","12,800,000","26,900,000","25,300,000","10,800,000","13,900,000","11,400,000","13,600,000","15,700,000","15,900,000","12,600,000","17,600,000","16,800,000","17,100,000","15,700,000","16,100,000","16,800,000","15,500,000","14,300,000","16,400,000","15,700,000","13,400,000","13,300,000","13,700,000","12,300,000","10,900,000","10,300,000","9,600,000","8,600,000","7,600,000","39,400,000","39,300,000","39,300,000","39,300,000"
TaxRateForCalcs,"0.318","0.364","0.26","0.254","0.27","0.27","0.147","0.125","0.27","0.197","0.21","0.169","0.27","0.045","0.282","0.187","0.27","0.108","0.4","0.121","0.134","0.136","0.187","0.132","0.4","0.4","0.061","0.224","0.4","0.4","0.35","0.233","0.133","0.35","0.35","0.208","0.149","0.145","0.25","0.238","0.27","0.165","0.283","0.27","0.285","0.265","0.295","0.268","0.265","0.35","0.279","0.308","0.303","0.241","0.31","0.351","0.295","0.355","0.313","0.328","0.312","0.304","0.129","0.4","0.356","0.336","0.369","0.333","0.36","0.383","0.295","0.353","0.32","0.36","0.36","0.36","0.36","0.365","0.131","0.31","0.31","0.28","0.28","0.28","0.28","0.27","0.257","0.4","0.28","0.4","0.323","0.317","0.318","0.351","0.351","0.354","0.351","0.4","0.35","0.355","0.35","0.347","0.352","0.353","0.352","0.35","0.35","0.352","0.351","0.341","0.336","0.38","0.382","0.378","0.381","0.38","0.382","0.381","0.383","0.388","0.366","0.349","0.352","0.348","0.352",,,,
TaxEffectOfUnusualItems,"2,870,268","-210,290.468","0","0","2,592,810","53,730","163,905","3,937,250","-277,560","-394.9","-393,960","0","-13,154,670","0","0","0","0","0","0","0","1,072,000","-7,778,073.276","-83,963","0","0","-2,938,800","-4,889,150","0","0","0","0","0","0","0","0","0","0","-614,522.334","0","-312,018","90,720","61,128.926","39,647.331","120,103.887","-61,215.971","-582,629.147","-166,425.967","450,071.607","62,781.908","-4,767,000","-74,327.383","-246,414.269","-101,552.728","-24,823.196","-449,279.365","-452,566.092","110,588.033","24,503.556","70,412.119","239,485.248","298,802.897","1,983,634.572","105,259.122","-3,488,400","324,571.429","245,646.777","9,986,551.609","160,401.681","311,033.133","63,112.961","77,221.759","-24,332.215","-74,139.69","104,741.233","120,612.89","93,961.216","37,080.529","281,683.076","72,167.716","162,746.794","174,536.307","-2,838,308.382","129,464.455","211,413.114","271,312.694","141,949.267","246,624.979","-8,800,400","214,726.85","-3,414,400","193,750","221,951.22","413,636.364","456,382.979","421,621.622","459,756.098","455,844.156","-280,000","-8,470,000","354,838.71","350,000","520,661.157","316,666.667","318,045.113","246,206.897","385,000","175,182.482","387,323.944","210,447.761","68,217.054","201,562.5","227,737.226","305,343.511","717,777.778","38,059.701","151,937.984","152,727.273","38,053.097","-38,317.757","77,551.02","36,585.366","69,767.442","0","104,545.455","70,370.37",,,,