name,ttm,03/31/2022,12/31/2021,09/30/2021,06/30/2021,03/31/2021,12/31/2020,09/30/2020,06/30/2020,03/31/2020,12/31/2019,09/30/2019,06/30/2019,03/31/2019,12/31/2018,09/30/2018,06/30/2018,03/31/2018,12/31/2017,09/30/2017,06/30/2017,03/31/2017,12/31/2016,09/30/2016,06/30/2016,03/31/2016,12/31/2015,09/30/2015,06/30/2015,03/31/2015,12/31/2014,09/30/2014,06/30/2014,03/31/2014,12/31/2013,09/30/2013,06/30/2013,03/31/2013,12/31/2012,09/30/2012,06/30/2012,03/31/2012,12/31/2011,09/30/2011,06/30/2011,03/31/2011,12/31/2010,09/30/2010,06/30/2010,03/31/2010,12/31/2009,09/30/2009,06/30/2009,03/31/2009,12/31/2008,09/30/2008,06/30/2008,03/31/2008,12/31/2007,09/30/2007,06/30/2007,03/31/2007,12/31/2006,09/30/2006,06/30/2006,03/31/2006,12/31/2005,09/30/2005,06/30/2005,03/31/2005,12/31/2004,09/30/2004,06/30/2004,03/31/2004,12/31/2003,09/30/2003,06/30/2003,03/31/2003,12/31/2002,09/30/2002,06/30/2002,03/31/2002,12/31/2001,09/30/2001,06/30/2001,03/31/2001,12/31/2000,09/30/2000,06/30/2000,03/31/2000,12/31/1999,09/30/1999,06/30/1999,03/31/1999,12/31/1998,09/30/1998,06/30/1998,03/31/1998,12/31/1997,09/30/1997,06/30/1997,03/31/1997,12/31/1996,09/30/1996,06/30/1996,03/31/1996,12/31/1995,09/30/1995,06/30/1995,03/31/1995,12/31/1994,09/30/1994,06/30/1994,03/31/1994,12/31/1993,09/30/1993,06/30/1993,03/31/1993,12/31/1992,09/30/1992,06/30/1992,03/31/1992,12/31/1991,09/30/1991,06/30/1991,03/31/1991,12/31/1990,09/30/1990,06/30/1990,03/31/1990,12/31/1989,09/30/1989,06/30/1989,03/31/1989,12/31/1988,09/30/1988,06/30/1988,03/31/1988,12/31/1987,09/30/1987,06/30/1987,03/31/1987,12/31/1986,09/30/1986,06/30/1986,03/31/1986,12/31/1985,09/30/1985
TotalRevenue,"1,661,019,000","426,811,000","420,447,000","415,590,000","398,171,000","407,751,000","423,177,000","435,947,000","452,029,000","449,150,000","446,960,000","455,606,000","462,101,000","476,111,000","496,408,000","506,871,000","503,732,000","501,810,000","499,410,000","491,355,000","470,876,000","404,490,000","398,565,000","392,734,000","386,556,000","384,807,000","366,082,000","360,165,000","355,356,000","355,246,000","341,624,000","320,099,000","319,295,000","312,165,000","303,833,000","298,549,000","273,604,000","273,904,000","277,039,000","272,681,000","267,108,000","260,607,000","250,239,000","218,929,000","211,507,000","208,390,000","202,088,000","195,114,000","192,954,000","183,801,000","182,561,000","178,829,000","170,896,000","160,409,000","154,563,000","152,978,000","147,918,000","147,259,000","148,584,000","146,081,000","142,377,000","140,679,000","139,790,000","130,083,000","122,840,000","118,918,000","117,865,000","117,684,000","116,048,000","144,695,000","113,132,637","112,324,057","110,489,485","106,621,820","101,502,775","95,878,338","92,805,714","89,531,352","84,456,631","83,044,730","82,066,566","78,932,055","75,795,628","72,500,363","69,275,449","66,618,070","65,479,832","65,210,687","63,850,063","60,127,632","60,300,000","59,600,000","56,900,000","55,600,000","53,700,000","54,000,000","49,400,000","47,800,000","47,200,000","47,200,000","45,500,000","41,400,000","40,900,000","41,300,000","40,800,000","39,400,000","37,500,000","38,200,000","36,600,000","36,400,000","36,900,000","35,000,000","32,900,000","31,600,000","31,200,000","28,900,000","27,800,000","26,400,000","26,700,000","26,000,000","24,000,000","22,600,000","19,700,000","22,200,000","21,700,000","19,400,000","17,400,000","17,100,000","16,300,000","15,000,000","14,600,000","14,200,000","13,600,000","13,000,000","12,600,000","8,300,000","8,400,000","8,400,000","8,100,000","8,700,000","8,300,000","8,100,000","8,000,000","7,600,000","6,700,000","6,800,000","6,400,000","5,600,000"
	OperatingRevenue,"1,661,019,000","426,811,000","420,447,000","415,590,000","398,171,000","407,751,000","423,177,000","435,947,000","452,029,000","449,150,000","446,960,000","455,606,000","462,101,000","476,111,000","496,408,000","506,871,000","503,732,000","501,810,000","499,410,000","491,355,000","470,876,000","404,490,000","398,565,000","392,734,000","386,556,000","384,807,000","366,082,000","360,165,000","355,356,000","355,246,000","341,624,000","320,099,000","319,295,000","312,165,000","303,833,000","298,549,000","273,604,000","273,904,000","277,039,000","272,681,000","267,108,000","260,607,000","250,239,000","218,929,000","211,507,000","208,390,000","202,088,000","195,114,000","192,954,000","183,801,000","182,561,000","178,829,000","170,896,000","160,409,000","154,563,000","152,978,000","147,918,000","147,259,000","148,584,000","146,081,000","142,377,000","140,679,000","139,790,000","130,083,000","122,840,000","118,918,000","117,865,000","117,684,000","116,048,000","114,695,000","113,132,637","112,324,057","110,489,485","106,621,820","101,502,775","95,878,338","92,805,714","89,531,352","84,456,631","83,044,730","82,066,566","78,932,055","75,795,628","72,500,363","69,275,449","66,618,070","65,479,832","65,210,687","63,850,063","60,127,632","60,300,000","59,600,000","56,900,000","55,600,000","53,700,000","54,000,000","49,400,000","47,800,000","47,200,000","47,200,000","45,500,000","41,400,000","40,900,000","41,300,000","40,800,000","39,400,000","37,500,000","38,200,000","36,600,000","36,400,000","36,900,000","35,000,000","32,900,000","31,600,000","31,200,000","28,900,000","27,800,000","26,400,000","26,700,000","26,000,000","24,000,000","22,600,000","19,700,000","22,200,000","21,700,000","19,400,000","17,400,000","17,100,000","16,300,000","15,000,000","14,600,000","14,200,000","13,600,000","13,000,000","12,600,000","8,300,000","8,400,000","8,400,000","8,100,000","8,700,000","8,300,000","8,100,000","8,000,000","7,600,000","6,700,000","6,800,000","6,400,000","5,600,000"
CostOfRevenue,"1,451,725,000","373,262,000","377,230,000","364,822,000","336,411,000","336,619,000","352,201,000","365,443,000","387,517,000","387,156,000","386,723,000","398,404,000","400,485,000","427,265,000","425,256,000","439,203,000","437,618,000","469,904,000","432,694,000","426,924,000","407,322,000","345,570,000","340,897,000","336,340,000","332,211,000","330,044,000","319,310,000","308,645,000","304,217,000","303,936,000","296,350,000","315,757,000","275,815,000","267,371,000","269,347,000","255,964,000","234,602,000","235,191,000","238,832,000","234,281,000","230,206,000","227,496,000","217,190,000","188,041,000","181,742,000","179,985,000","172,953,000","168,384,000","165,240,000","158,573,000","158,765,000","155,228,000","145,830,000","137,892,000","134,112,000","134,228,000","127,074,000","125,854,000","127,490,000","125,476,000","121,085,000","119,314,000","118,397,000","112,195,000","105,843,000","102,182,000","102,075,000","102,884,000","101,385,000","99,770,000","99,286,288","98,643,843","97,340,454","93,396,926","89,934,680","84,347,689","81,636,195","78,690,855","74,548,778","73,012,961","72,574,414","69,722,745","67,387,901","64,157,195","61,402,484","59,082,359","60,036,157","57,374,336","55,680,285","52,681,508","57,600,000","50,700,000","48,400,000","46,900,000","44,800,000","46,100,000","41,400,000","40,100,000","39,700,000","39,600,000","38,200,000","34,800,000","34,800,000","35,100,000","34,100,000","33,000,000","32,200,000","32,200,000","30,300,000","30,100,000","31,000,000","28,600,000","26,800,000","26,000,000","26,200,000","23,400,000","22,700,000","21,700,000","22,700,000","22,100,000","19,900,000","18,800,000","24,200,000","17,400,000","16,900,000","15,000,000","13,500,000","13,400,000","12,600,000","11,600,000",,,,,,,,,,,,,,,,,,
GrossProfit,"209,294,000","53,549,000","43,217,000","50,768,000","61,760,000","71,132,000","70,976,000","70,504,000","64,512,000","61,994,000","60,237,000","57,202,000","61,616,000","48,846,000","71,152,000","67,668,000","66,114,000","31,906,000","66,716,000","64,431,000","63,554,000","58,920,000","57,668,000","56,394,000","54,345,000","54,763,000","46,772,000","51,520,000","51,139,000","51,310,000","45,274,000","4,342,000","43,480,000","44,794,000","34,486,000","42,585,000","39,002,000","38,713,000","38,207,000","38,400,000","36,902,000","33,111,000","33,049,000","30,888,000","29,765,000","28,405,000","29,135,000","26,730,000","27,714,000","25,228,000","23,796,000","23,601,000","25,066,000","22,517,000","20,451,000","18,750,000","20,844,000","21,405,000","21,094,000","20,605,000","21,292,000","21,365,000","21,393,000","17,888,000","16,997,000","16,736,000","15,790,000","14,800,000","14,663,000","44,925,000","13,846,349","13,680,214","13,149,031","13,224,894","11,568,095","11,530,649","11,169,519","10,840,497","9,907,853","10,031,769","9,492,152","9,209,310","8,407,727","8,343,168","7,872,965","7,535,711","5,443,675","7,836,351","8,169,778","7,446,124","2,700,000","8,900,000","8,500,000","8,700,000","8,900,000","7,900,000","8,000,000","7,700,000","7,500,000","7,600,000","7,300,000","6,600,000","6,100,000","6,200,000","6,700,000","6,400,000","5,300,000","6,000,000","6,300,000","6,300,000","5,900,000","6,400,000","6,100,000","5,600,000","5,000,000","5,500,000","5,100,000","4,700,000","4,000,000","3,900,000","4,100,000","3,800,000","-4,500,000","4,800,000","4,800,000","4,400,000","3,900,000","3,700,000","3,700,000","3,400,000",,,,,,,,,,,,,,,,,,
OperatingExpense,"167,267,000","39,521,000","41,605,000","38,996,000","47,145,000","38,686,000","36,732,000","34,127,000","34,974,000","35,778,000","34,445,000","33,453,000","37,088,000","37,683,000","36,156,000","35,139,000","33,231,000","33,546,000","32,432,000","31,878,000","30,840,000","27,049,000","26,844,000","26,286,000","25,118,000","25,674,000","35,394,000","24,859,000","25,104,000","26,395,000","23,650,000","39,588,000","21,592,000","21,769,000","28,093,000","21,603,000","19,405,000","19,892,000","17,264,000","20,789,000","18,524,000","20,982,000","18,671,000","14,344,000","15,511,000","16,780,000","15,771,000","14,488,000","13,150,000","13,901,000","13,941,000","11,936,000","13,516,000","10,876,000","9,205,000","9,615,000","10,124,000","10,579,000","9,803,000","9,865,000","10,105,000","10,511,000","11,415,000","8,767,000","8,123,000","8,891,000","8,014,000","8,024,000","8,109,000","8,429,000","7,780,418","7,966,903","7,760,779","8,014,901","7,758,995","7,413,050","7,075,887","6,796,788","6,554,250","6,494,315","6,059,877","6,039,413","5,754,440","5,610,918","5,334,186","5,172,129","4,869,569","5,138,984","5,539,245","5,198,276","5,900,000","5,200,000","5,000,000","4,800,000","5,200,000","5,100,000","4,800,000","4,400,000","6,400,000","4,800,000","4,600,000","4,000,000","4,100,000","3,600,000","3,800,000","3,600,000","3,200,000","3,700,000","3,900,000","3,600,000","3,700,000","3,400,000","3,500,000","3,100,000","2,400,000","2,400,000","2,800,000","2,900,000","2,800,000","1,800,000","2,200,000","2,200,000","3,100,000","2,000,000","2,100,000","2,000,000","1,600,000","1,700,000","1,600,000","1,500,000",,,,,,,,,,,,,,,,,,
	SellingGeneralAndAdministration,"167,267,000","39,521,000","41,605,000","38,996,000","47,145,000","38,686,000","36,732,000","34,127,000","34,974,000","35,778,000","34,445,000","33,453,000","37,088,000","37,683,000","36,156,000","35,139,000","33,231,000","33,546,000","32,432,000","31,878,000","30,840,000","27,049,000","26,844,000","26,286,000","25,118,000","25,674,000","35,394,000","24,859,000","25,104,000","26,395,000","23,650,000","39,588,000","21,592,000","21,769,000","28,093,000","21,603,000","19,405,000","19,892,000","17,264,000","20,789,000","18,524,000","20,982,000","18,671,000","14,344,000","15,511,000","16,780,000","15,771,000","14,488,000","13,150,000","13,901,000","13,941,000","11,936,000","13,516,000","10,876,000","9,205,000","9,615,000","10,124,000","10,579,000","9,803,000","9,865,000","10,105,000","10,511,000","11,415,000","8,767,000","8,123,000","8,891,000","8,014,000","8,024,000","8,109,000","8,429,000","7,780,418","7,966,903","7,760,779","8,014,901","7,758,995","7,413,050","7,075,887","6,796,788","6,554,250","6,494,315","6,059,877","6,039,413","5,754,440","5,610,918","5,334,186","5,172,129","4,869,569","5,138,984","4,955,434","4,654,801","5,100,000","4,800,000","4,600,000","4,300,000","4,600,000","4,600,000","4,300,000","3,900,000","5,900,000","4,300,000","4,000,000","3,500,000","3,500,000","3,100,000","3,300,000","3,000,000","2,500,000","3,100,000","3,300,000","2,900,000","3,100,000","2,800,000","2,800,000","2,400,000","1,800,000","2,400,000","2,100,000","2,100,000","2,100,000","1,800,000","1,700,000","1,700,000","2,600,000","1,600,000","1,700,000","1,600,000","1,400,000","1,500,000","1,300,000","1,200,000",,,,,,,,,,,,,,,,,,
		GeneralAndAdministrativeExpense,"167,267,000","39,521,000","41,605,000","38,996,000","47,145,000","38,686,000","36,732,000","34,127,000","34,974,000","35,778,000","34,445,000","33,453,000","37,088,000","37,683,000","36,156,000","35,139,000","33,231,000","33,546,000","32,432,000","31,878,000","30,840,000","27,049,000","26,844,000","26,286,000","25,118,000","25,674,000","35,394,000","24,859,000","25,104,000","26,395,000","23,650,000","39,588,000","21,592,000","21,769,000","28,093,000","21,603,000","19,405,000","19,892,000",,,,,,,,,,,,,,,,,,,,,,,,,,,,,,,,,,,,,,,,,,,,,,,,,,,,,,,,,,,,,,,,,,,,,,,,,,,,,,,,,,,,,,,,,,,,,,,,,,,,,,,,,,,,,,
			SalariesAndWages,,,,,,"1,301,000","5,227,000","3,210,000","6,491,000","-5,761,000","2,388,000","26,000","1,521,000","3,418,000","-4,161,000","1,574,000","887,000","231,000","1,159,000","1,062,000","1,151,000","1,161,000","381,000","896,000","546,000","-328,000","963,000","-1,414,000","20,000","368,000","499,000","-213,000","648,000","277,000","1,176,000","973,000","-42,000","898,000",,,,,,,,,,,,,,,,,,,,,,,,,,,,,,,,,,,,,,,,,,,,,,,,,,,,,,,,,,,,,,,,,,,,,,,,,,,,,,,,,,,,,,,,,,,,,,,,,,,,,,,,,,,,,,
			OtherGandA,"167,267,000","39,521,000","41,605,000","38,996,000","47,145,000","38,686,000","36,732,000","34,127,000","34,974,000","35,778,000","34,445,000","33,453,000","37,088,000","37,683,000","36,156,000","35,139,000","33,231,000","33,546,000","32,432,000","31,878,000","30,840,000","27,049,000","26,844,000","26,286,000","25,118,000","25,674,000","35,394,000","24,859,000","25,104,000","26,395,000","23,650,000","39,588,000","21,592,000","21,769,000","28,093,000","21,603,000","19,405,000","19,892,000",,,,,,,,,,,,,,,,,,,,,,,,,,,,,,,,,,,,,,,,,,,,,,,,,,,,,,,,,,,,,,,,,,,,,,,,,,,,,,,,,,,,,,,,,,,,,,,,,,,,,,,,,,,,,,
	DepreciationAmortizationDepletionIncomeStatement,,,,,,,,,,,,,,,,,,,,,,,,,,,,,,,,,,,,,,,,,,,,,,,,,,,,,,,,,,,,,,,,,,,,,,,,,,,,,,,,,,,,,,,,,"583,811","543,475","800,000","400,000","400,000","500,000","600,000","500,000","500,000","500,000","500,000","500,000","600,000","500,000","600,000","500,000","500,000","600,000","700,000","600,000","600,000","700,000","600,000","600,000","700,000","700,000","600,000",,"700,000","800,000","700,000",,"500,000","500,000","500,000","400,000","400,000","400,000","200,000","200,000","300,000","300,000",,,,,,,,,,,,,,,,,,
		DepreciationAndAmortizationInIncomeStatement,,,,,,,,,,,,,,,,,,,,,,,,,,,,,,,,,,,,,,,,,,,,,,,,,,,,,,,,,,,,,,,,,,,,,,,,,,,,,,,,,,,,,,,,,"583,811","543,475","800,000","400,000","400,000","500,000","600,000","500,000","500,000","500,000","500,000","500,000","600,000","500,000","600,000","500,000","500,000","600,000","700,000","600,000","600,000","700,000","600,000","600,000","700,000","700,000","600,000",,"700,000","800,000","700,000",,"500,000","500,000","500,000","400,000","400,000","400,000","200,000","200,000","300,000","300,000",,,,,,,,,,,,,,,,,,
OperatingIncome,"42,027,000","14,028,000","1,612,000","11,772,000","14,615,000","32,446,000","34,244,000","36,377,000","29,538,000","26,216,000","25,792,000","23,749,000","24,528,000","11,163,000","34,996,000","32,529,000","32,883,000","-1,640,000","34,284,000","32,553,000","32,714,000","31,871,000","30,824,000","30,108,000","29,227,000","29,089,000","11,378,000","26,661,000","26,035,000","24,915,000","21,624,000","-35,246,000","21,888,000","23,025,000","6,393,000","20,982,000","19,597,000","18,821,000","20,943,000","17,611,000","18,378,000","12,129,000","14,378,000","16,544,000","14,254,000","11,625,000","13,364,000","12,242,000","14,564,000","11,327,000","9,855,000","11,665,000","11,550,000","11,641,000","11,246,000","9,135,000","10,720,000","10,826,000","11,291,000","10,740,000","11,187,000","10,854,000","9,978,000","9,121,000","8,874,000","7,845,000","7,776,000","6,776,000","6,554,000","36,496,000","6,065,931","5,713,311","5,388,252","5,209,993","3,809,100","4,117,599","4,093,632","4,043,709","3,353,603","3,537,454","3,432,275","3,169,897","2,653,287","2,732,250","2,538,779","2,363,582","574,106","2,697,367","2,630,533","2,247,848","-3,200,000","3,700,000","3,500,000","3,900,000","3,700,000","2,800,000","3,200,000","3,300,000","1,100,000","2,800,000","2,700,000","2,600,000","2,000,000","2,600,000","2,900,000","2,800,000","2,100,000","2,300,000","2,400,000","2,700,000","2,200,000","3,000,000","2,600,000","2,500,000","2,600,000","3,100,000","2,300,000","1,800,000","1,200,000","2,100,000","1,900,000","1,600,000","-7,600,000","2,800,000","2,700,000","2,400,000","2,300,000","2,000,000","2,100,000","1,900,000","-34,600,000","14,200,000","13,600,000","13,000,000","-22,300,000","8,300,000","8,400,000","8,400,000","-22,200,000","8,700,000","8,300,000","8,100,000","-19,100,000","7,600,000","6,700,000","6,800,000","-12,200,000","5,600,000"
NetNonOperatingInterestIncomeExpense,"-1,536,000","-509,000","-368,000","-329,000","-330,000","-358,000","-312,000","-314,000","-380,000","-368,000","-880,000","-740,000","-783,000","-1,056,000",,,,,,,,,,,,,,,,,,,,,,,,,,,,,,,"463,000",,,,,"750,000",,,,,,,,,,,,,,,,,,,,,,,,,,,,,,,,,,,,,,,,,,,,,,,,,,,,,,,,,,,,,,,,,,,,,,,,,,,,,,,,,,,,,,,,,,,,,,,,,,
	InterestIncomeNonOperating,,,,,,,,,,,,,,,,,,,,,,,,,,,,,,,,,,,,,,,,,,,,,"463,000",,,,,,,,,,,,,,,,,,,,,,,,,,,,,,,,,,,,,,,,,,,,,,,,,,,,,,,,,,,,,,,,,,,,,,,,,,,,,,,,,,,,,,,,,,,,,,,,,,,,,,,
	InterestExpenseNonOperating,"1,536,000","509,000","368,000","329,000","330,000","358,000","312,000","314,000","380,000","368,000","880,000","740,000","783,000","1,056,000",,,,,,,,,,,,,,,,,,,,,,,,,,,,,,,,,,,,,,,,,,,,,,,,,,,,,,,,,,,,,,,,,,,,,,,,,,,,,,,,,,,,,,,,,,,,,,,,,,,,,,,,,,,,,,,,,,,,,,,,,,,,,,,,,,,,,,
	TotalOtherFinanceCost,,,,,,,,,,,,,,,,,,,,,,,,,,,,,,,,,,,,,,,,,,,,,,,,,,"-750,000",,,,,,,,,,,,,,,,,,,,,,,,,,,,,,,,,,,,,,,,,,,,,,,,,,,,,,,,,,,,,,,,,,,,,,,,,,,,,,,,,,,,,,,,,,,,,,,,,,
OtherIncomeExpense,"4,161,000","2,262,000","443,000","678,000","778,000","864,000","928,000","1,069,000","1,254,000","934,000","959,000","707,000","-128,000","1,785,000","11,000","453,000","433,000","245,000","394,000","377,000","364,000","408,000","-295,000","463,000","456,000","515,000","334,000","80,000","222,000","139,000","-5,000","163,000","155,000","104,000","88,000","211,000","261,000","136,000","-1,318,000","962,000","-95,000","1,653,000","833,000","1,355,000","463,000","714,000","1,073,000","1,182,000","-383,000","750,000","821,000","1,709,000","1,157,000","937,000","596,000","-157,000","585,000","324,000","586,000","1,128,000","1,047,000","1,261,000","1,288,000","1,298,000","973,000","1,347,000","1,056,000","923,000",,,,,,,,,,,,,,,,,,,,,,,"1,200,000",,,"200,000","300,000","400,000","400,000","300,000","2,100,000","300,000","-1,400,000","500,000","400,000","300,000","200,000","200,000","-700,000","300,000","-2,100,000","400,000","-100,000","100,000","200,000","100,000","-1,200,000",,"200,000","200,000","0","100,000","1,000,000","100,000","-2,700,000","200,000","300,000","200,000","0","500,000","100,000","100,000",,,,,,,,,,,,,,,,,,
	GainOnSaleOfSecurity,"4,161,000","2,262,000","443,000","678,000","778,000","864,000","928,000","1,069,000","1,254,000","934,000","959,000","707,000","-128,000","1,785,000","11,000","453,000","433,000","245,000","394,000","377,000","364,000","408,000","-295,000","463,000","456,000","515,000","334,000","80,000","222,000","139,000","-5,000","163,000","155,000","104,000","88,000","211,000","261,000","136,000","-1,318,000","962,000",,,,,,,,,,,,,,,,,,,,,,,,,,,,,,,,,,,,,,,,,,,,,,,,,,,,,,,,,,,,,,,,,,,,,,,,,,,,,,,,,,,,,,,,,,,,,,,,,,,,,,,,,,,,
	SpecialIncomeCharges,,,,,,,,,,,,,,,,,,,,,,,,,,,,,,,,,,,,,,,,"962,000","-95,000","1,653,000","833,000","1,355,000","463,000","714,000","1,073,000","1,182,000","-383,000","750,000","821,000","1,709,000","1,157,000","937,000","596,000","-157,000","585,000","324,000","586,000","1,128,000","1,047,000","1,261,000","1,288,000","1,298,000","973,000","1,347,000","1,056,000","923,000",,,,,,,,,,,,,,,,,,,,,,,"1,200,000",,,"200,000","300,000","400,000","400,000","300,000","2,100,000","300,000","-1,400,000","500,000","400,000","300,000","200,000","200,000","-700,000","300,000","-2,100,000","400,000","-100,000","100,000","200,000","100,000","-1,200,000",,"200,000","200,000","0","100,000","1,000,000","100,000","-2,700,000","200,000","300,000","200,000","0","500,000","100,000","100,000",,,,,,,,,,,,,,,,,,
PretaxIncome,"44,652,000","15,781,000","1,687,000","12,121,000","15,063,000","32,952,000","34,860,000","37,132,000","30,412,000","26,782,000","25,871,000","23,716,000","23,617,000","11,892,000","35,007,000","32,982,000","33,316,000","-1,395,000","34,678,000","32,930,000","33,078,000","32,279,000","30,529,000","30,571,000","29,683,000","29,604,000","11,712,000","26,741,000","26,257,000","25,054,000","21,619,000","-35,083,000","22,043,000","23,129,000","6,481,000","21,193,000","19,858,000","18,957,000","19,625,000","18,573,000","18,283,000","13,782,000","15,567,000","15,189,000","14,717,000","12,339,000","14,437,000","13,424,000","14,181,000","12,077,000","10,676,000","13,374,000","12,707,000","12,578,000","11,842,000","8,978,000","11,305,000","11,150,000","11,877,000","11,868,000","12,234,000","12,115,000","11,266,000","10,419,000","9,847,000","9,192,000","8,832,000","7,699,000","7,393,000","6,876,000","6,653,838","6,005,657","5,694,309","5,352,195","4,501,096","4,486,209","4,284,510","4,242,912","3,624,874","3,654,586","3,628,687","3,356,551","3,056,128","3,012,382","2,796,006","2,670,845","860,517","2,962,835","2,854,563","2,460,839","-3,100,000","3,900,000","3,700,000","4,100,000","3,900,000","3,300,000","3,600,000","3,600,000","3,200,000","3,100,000","1,200,000","3,200,000","2,500,000","2,900,000","3,200,000","3,000,000","1,200,000","2,600,000",,"3,000,000","2,200,000","3,100,000","2,900,000","2,700,000","2,100,000","2,500,000","2,400,000","2,100,000","1,200,000","2,300,000","3,000,000","1,800,000","-10,400,000","3,000,000","2,900,000","2,600,000","2,200,000","2,500,000","2,100,000","1,900,000",,,,,,,,,,,,,,,,,,
TaxProvision,"12,113,000","4,452,000","-418,000","2,581,000","5,498,000","8,299,000","7,113,000","9,488,000","7,311,000","6,592,000","6,976,000","5,372,000","5,431,000","2,736,000","3,455,000","6,896,000","7,502,000","-1,467,000","14,492,000","9,458,000","10,527,000","10,262,000","10,230,000","10,860,000","10,923,000","10,978,000","2,578,000","9,655,000","9,969,000","9,538,000","6,147,000","-12,901,000","8,122,000","8,490,000","1,029,000","7,403,000","6,925,000","4,003,000","6,827,000","7,056,000","6,963,000","5,204,000","5,002,000","5,193,000","4,889,000","4,572,000","5,314,000","4,255,000","5,460,000","4,649,000","4,110,000","5,149,000","4,892,000","4,842,000","4,559,000","3,456,000","4,352,000","4,293,000","4,573,000","4,569,000","4,710,000","4,665,000","4,371,000","3,855,000","3,644,000","3,401,000","3,356,000","2,925,000","2,809,000","2,613,000","2,527,000","2,282,000","2,164,000","2,034,000","1,651,000","1,683,000","1,624,000","1,697,000","1,430,000","1,444,000","1,434,000","1,326,000","1,192,000","1,175,400","1,090,600","1,042,000","336,000","1,155,000","1,100,000","960,000","-1,300,000","1,500,000","1,300,000","1,700,000","1,600,000","1,000,000","1,400,000","1,500,000","1,200,000","1,300,000","1,000,000","1,300,000","900,000","1,200,000","1,300,000","1,200,000","700,000","1,100,000","300,000","1,200,000","800,000","1,300,000","1,200,000","1,100,000","700,000","1,000,000","1,000,000","900,000","600,000","900,000","1,200,000","700,000","-3,900,000","1,100,000","1,100,000","1,000,000","1,000,000","900,000","800,000","700,000",,,,,,,,,,,,,,,,,,
NetIncomeCommonStockholders,"32,539,000","11,329,000","2,105,000","9,540,000","9,565,000","24,653,000","27,747,000","27,644,000","23,101,000","20,190,000","18,895,000","18,344,000","18,186,000","9,156,000","31,552,000","26,086,000","25,814,000","72,000","20,186,000","23,472,000","22,551,000","22,017,000","20,299,000","19,711,000","18,760,000","18,626,000","9,134,000","17,086,000","16,288,000","15,516,000","15,472,000","-22,182,000","13,921,000","14,639,000","5,452,000","13,790,000","12,933,000","14,954,000","12,798,000","11,517,000","11,320,000","8,578,000","10,565,000","9,996,000","9,828,000","7,767,000","9,123,000","9,169,000","8,721,000","7,428,000","6,566,000","8,225,000","7,815,000","7,736,000","7,283,000","5,522,000","6,953,000","6,857,000","7,304,000","7,299,000","7,524,000","7,450,000","6,895,000","6,564,000","6,203,000","5,791,000","5,476,000","4,774,000","4,584,000","4,263,000","4,126,838","3,723,657","3,530,309","3,318,195","2,850,096","2,803,209","2,660,510","2,545,912","2,194,874","2,210,586","2,194,687","2,030,551","1,864,128","1,836,982","1,705,406","1,628,845","524,517","1,807,835","1,754,563","1,500,839","-1,800,000","2,400,000","2,400,000","2,400,000","2,300,000","2,300,000","2,200,000","2,100,000","2,000,000","1,800,000","200,000","1,900,000","1,600,000","1,700,000","1,900,000","1,800,000","500,000","1,500,000",,"1,800,000","1,400,000","1,800,000","1,700,000","1,600,000","0","1,500,000","1,400,000","1,300,000","600,000","1,400,000","1,800,000","1,100,000","-6,500,000","1,900,000","1,800,000","1,600,000","1,200,000","1,600,000","1,300,000","1,200,000",,,,,,,,,,,,,,,,,,
	NetIncome,"32,539,000","11,329,000","2,105,000","9,540,000","9,565,000","24,653,000","27,747,000","27,644,000","23,101,000","20,190,000","18,895,000","18,344,000","18,186,000","9,156,000","31,552,000","26,086,000","25,814,000","72,000","20,186,000","23,472,000","22,551,000","22,017,000","20,299,000","19,711,000","18,760,000","18,626,000","9,134,000","17,086,000","16,288,000","15,516,000","15,472,000","-22,182,000","13,921,000","14,639,000","5,452,000","13,790,000","12,933,000","14,954,000","12,798,000","11,517,000","11,320,000","8,578,000","10,565,000","9,996,000","9,828,000","7,767,000","9,123,000","9,169,000","8,721,000","7,428,000","6,566,000","8,225,000","7,815,000","7,736,000","7,283,000","5,522,000","6,953,000","6,857,000","7,304,000","7,299,000","7,524,000","7,450,000","6,895,000","6,564,000","6,203,000","5,791,000","5,476,000","4,774,000","4,584,000","4,263,000","4,126,838","3,723,657","3,530,309","3,318,195","2,850,096","2,803,209","2,660,510","2,545,912","2,194,874","2,210,586","2,194,687","2,030,551","1,864,128","1,836,982","1,705,406","1,628,845","524,517","1,807,835","1,754,563","1,500,839","-1,800,000","2,400,000","2,400,000","2,400,000","2,300,000","2,300,000","2,200,000","2,100,000","2,000,000","1,800,000","200,000","1,900,000","1,600,000","1,700,000","1,900,000","1,800,000","500,000","1,500,000",,"1,800,000","1,400,000","1,800,000","1,700,000","1,600,000","0","1,500,000","1,400,000","1,300,000","600,000","1,400,000","1,800,000","1,100,000","-6,500,000","1,900,000","1,800,000","1,600,000","1,200,000","1,600,000","1,300,000","1,200,000",,,,,,,,,,,,,,,,,,
		NetIncomeIncludingNoncontrollingInterests,"32,539,000","11,329,000","2,105,000","9,540,000","9,565,000","24,653,000","27,747,000","27,644,000","23,101,000","20,190,000","18,895,000","18,344,000","18,186,000","9,156,000","31,552,000","26,086,000","25,814,000","72,000","20,186,000","23,472,000","22,551,000","22,017,000","20,299,000","19,711,000","18,760,000","18,626,000","9,134,000","17,086,000","16,288,000","15,516,000","15,472,000","-22,182,000","13,921,000","14,639,000","5,452,000","13,790,000","12,933,000","14,954,000","12,798,000","11,517,000","11,320,000","8,578,000","10,565,000","9,996,000","9,828,000","7,767,000","9,123,000","9,169,000","8,721,000","7,428,000","6,566,000","8,225,000","7,815,000","7,736,000","7,283,000","5,522,000","6,953,000","6,857,000","7,304,000","7,299,000","7,524,000","7,450,000","6,895,000","6,564,000","6,203,000","5,791,000","5,476,000","4,774,000","4,584,000","4,263,000","4,126,838","3,723,657","3,530,309","3,318,195","2,850,096","2,803,209","2,660,510","2,545,912","2,194,874","2,210,586","2,194,687","2,030,551","1,864,128","1,836,982","1,705,406","1,628,845","524,517","1,807,835","1,754,563","1,500,839","-1,800,000","2,400,000","2,400,000","2,400,000","2,300,000","2,300,000","2,200,000","2,100,000","2,000,000","1,800,000","200,000","1,900,000","1,600,000","1,700,000","1,900,000","1,800,000","500,000","1,500,000",,"1,800,000","1,400,000","1,800,000","1,700,000","1,600,000","0","1,500,000","1,400,000","1,300,000","600,000","1,400,000","1,800,000","1,100,000","-6,500,000","1,900,000","1,800,000","1,600,000","1,200,000","1,600,000","1,300,000","1,200,000","1,200,000","1,100,000","1,000,000","1,000,000","700,000","500,000","400,000","500,000","500,000","600,000","500,000","400,000","300,000","300,000","300,000","500,000","300,000","500,000"
			NetIncomeContinuousOperations,"32,539,000","11,329,000","2,105,000","9,540,000","9,565,000","24,653,000","27,747,000","27,644,000","23,101,000","20,190,000","18,895,000","18,344,000","18,186,000","9,156,000","31,552,000","26,086,000","25,814,000","72,000","20,186,000","23,472,000","22,551,000","22,017,000","20,299,000","19,711,000","18,760,000","18,626,000","9,134,000","17,086,000","16,288,000","15,516,000","15,472,000","-22,182,000","13,921,000","14,639,000","5,452,000","13,790,000","12,933,000","14,954,000","12,798,000","11,517,000","11,320,000","8,578,000","10,565,000","9,996,000","9,828,000","7,767,000","9,123,000","9,169,000","8,721,000","7,428,000","6,566,000","8,225,000","7,815,000","7,736,000","7,283,000","5,522,000","6,953,000","6,857,000","7,304,000","7,299,000","7,524,000","7,450,000","6,895,000","6,564,000","6,203,000","5,791,000","5,476,000","4,774,000","4,584,000","4,263,000","4,126,838","3,723,657","3,530,309","3,318,195","2,850,096","2,803,209","2,660,510","2,545,912","2,194,874","2,210,586","2,194,687","2,030,551","1,864,128","1,836,982","1,705,406","1,628,845","524,517","1,807,835","1,754,563","1,500,839","-1,800,000","2,400,000","2,400,000","2,400,000","2,300,000","2,300,000","2,200,000","2,100,000","2,000,000","1,800,000","200,000","1,900,000","1,600,000","1,700,000","1,900,000","1,800,000","500,000","1,500,000",,"1,800,000","1,400,000","1,800,000","1,700,000","1,600,000","1,400,000","1,500,000","1,400,000","1,200,000","600,000","1,400,000","1,800,000","1,100,000","-6,500,000","1,900,000","1,800,000","1,600,000","1,200,000","1,600,000","1,300,000","1,200,000","1,200,000","1,100,000","1,000,000","1,000,000","700,000","500,000","400,000","500,000","500,000","600,000","500,000","400,000","300,000","300,000","300,000","500,000","300,000","500,000"
			NetIncomeExtraordinary,,,,,,,,,,,,,,,,,,,,,,,,,,,,,,,,,,,,,,,,,,,,,,,,,,,,,,,,,,,,,,,,,,,,,,,,,,,,,,,,,,,,,,,,,,,,,,,,,,,,,,,,,,,,,,,,,,,"0",,,"100,000",,,,,,,,,,,,,,,,,,,,,,,,,,,,,,
DilutedNIAvailtoComStockholders,"32,539,000","11,329,000","2,105,000","9,540,000","9,565,000","24,653,000","27,747,000","27,644,000","23,101,000","20,190,000","18,895,000","18,344,000","18,186,000","9,156,000","31,552,000","26,086,000","25,814,000","72,000","20,186,000","23,472,000","22,551,000","22,017,000","20,299,000","19,711,000","18,760,000","18,626,000","9,134,000","17,086,000","16,288,000","15,516,000","15,472,000","-22,182,000","13,921,000","14,639,000","5,452,000","13,790,000","12,933,000","14,954,000","12,798,000","11,517,000","11,320,000","8,578,000","10,565,000","9,996,000","9,828,000","7,767,000","9,123,000","9,169,000","8,721,000","7,428,000","6,566,000","8,225,000","7,815,000","7,736,000","7,283,000","5,522,000","6,953,000","6,857,000","7,304,000","7,299,000","7,524,000","7,450,000","6,895,000","6,564,000","6,203,000","5,791,000","5,476,000","4,774,000","4,584,000","4,263,000","4,126,838","3,723,657","3,530,309","3,318,195","2,850,096","2,803,209","2,660,510","2,545,912","2,194,874","2,210,586","2,194,687","2,030,551","1,864,128","1,836,982","1,705,406","1,628,845","524,517","1,807,835","1,754,563","1,500,839","-1,800,000","2,400,000","2,400,000","2,400,000","2,300,000","2,300,000","2,200,000","2,100,000","2,000,000","1,800,000","200,000","1,900,000","1,600,000","1,700,000","1,900,000","1,800,000","500,000","1,500,000",,"1,800,000","1,400,000","1,800,000","1,700,000","1,600,000","0","1,500,000","1,400,000","1,300,000","600,000","1,400,000","1,800,000","1,100,000","-6,500,000","1,900,000","1,800,000","1,600,000","1,200,000","1,600,000","1,300,000","1,200,000",,,,,,,,,,,,,,,,,,
BasicEPS,,"0.15","0.03","0.13","0.13","0.33","0.37","0.37","0.31","0.27","0.25","0.25","0.24","0.12","0.43","0.35","0.35","0.001","0.27","0.32","0.31","0.3","0.28","0.27","0.26","0.26","0.13","0.24","0.23","0.22","0.22","-0.31","0.2","0.21","0.08","0.2","0.19","0.22","0.19","0.17","0.17","0.13",,"0.15","0.15","0.12",,"0.14","0.133","0.113",,"0.127","0.12","0.12",,"0.087","0.107","0.107",,"0.113","0.12","0.12",,"0.107","0.102","0.093",,"0.08","0.076","0.071",,"0.062","0.059","0.056",,"0.049","0.047","0.045",,"0.04","0.04","0.036",,"0.034","0.032","0.03",,"0.034","0.032","0.028",,"0.044","0.044","0.044",,"0.04","0.04","0.038",,"0.034","0.004","0.03",,"0.028","0.03","0.03",,"0.026",,"0.03",,"0.03","0.028","0.026",,"0.026","0.024","0.024",,"0.024","0.03","0.018",,"0.032","0.03","0.028",,"0.028","0.024","0.022",,"0.02","0.018","0.018",,"0.012","0.01","0.01",,"0.014","0.012","0.01",,"0.008","0.006","0.012",,"0.012"
DilutedEPS,,"0.15","0.03","0.13","0.13","0.33","0.37","0.37","0.31","0.27","0.25","0.25","0.24","0.12","0.42","0.35","0.35","0.001","0.27","0.31","0.3","0.3","0.28","0.27","0.26","0.26","0.13","0.24","0.23","0.22","0.22","-0.31","0.2","0.21","0.08","0.2","0.19","0.22","0.19","0.17","0.17","0.13",,"0.15","0.15","0.12",,"0.14","0.133","0.113",,"0.127","0.12","0.12",,"0.087","0.107","0.107",,"0.113","0.116","0.116",,"0.102","0.098","0.089",,"0.076","0.071","0.068",,"0.059","0.056","0.053",,"0.047","0.045","0.043",,"0.038","0.038","0.036",,"0.034","0.032","0.03",,"0.034","0.032","0.028",,"0.044","0.044","0.042",,"0.04","0.038","0.038",,"0.034","0.004","0.03",,"0.028","0.03","0.03",,"0.026",,"0.03",,"0.03","0.028","0.026",,"0.026","0.024","0.024",,"0.024","0.03","0.018",,"0.032","0.03","0.028",,"0.028","0.024","0.022",,"0.02","0.018","0.018",,"0.012","0.01","0.01",,"0.014","0.012","0.01",,"0.008","0.006","0.012",,"0.012"
BasicAverageShares,,"74,326,000","74,318,000","74,943,000","75,005,000","75,003,000","74,730,000","74,700,000","74,695,000","74,658,000","74,404,000","74,387,000","74,352,000","74,301,000","74,092,000","74,019,000","73,982,000","73,913,000","73,601,000","73,461,000","73,276,000","73,074,000","72,861,000","72,839,000","72,568,000","72,364,000","72,161,000","72,009,000","71,657,000","71,469,000","71,023,000","70,671,000","70,440,000","70,321,000","70,037,000","69,706,000","68,599,000","68,463,000","68,007,000","67,651,000","67,296,000","67,084,000",,"66,710,000","66,517,000","66,401,000",,"66,039,000","65,947,500","65,848,500",,"65,439,000","65,305,500","65,185,500",,"64,714,500","64,620,000","64,524,000",,"63,909,000","63,195,750","62,484,750",,"61,785,000","61,681,500","61,470,000",,"60,927,750","60,475,500","59,899,500",,"58,702,050","59,005,624","58,982,438",,"56,764,982","56,120,133","56,037,737",,"55,955,458","55,553,015","57,109,247",,"54,704,243","53,960,112","54,973,519",,"55,378,976","55,417,137","55,855,271",,"55,144,525","55,144,525","55,144,525",,"58,131,698","55,604,233","55,869,885",,"53,522,579","50,547,599","64,029,116",,"61,382,182","64,029,116","60,659,163",,"58,324,909","60,659,163","60,659,163",,"60,659,163","61,382,182","62,213,236",,"58,324,909","58,973,855","54,761,437",,"58,973,855","60,659,163","61,781,555",,"60,027,802","60,659,163","57,771,466",,"57,771,466","54,761,437","55,143,680",,"55,553,505","42,855,559","42,855,559",,"42,855,559","42,855,559","42,850,501",,"42,835,341","42,779,737","42,779,737",,"42,779,737","42,759,517","42,734,242",,"42,446,109"
DilutedAverageShares,,"74,333,000","74,342,000","75,076,000","75,212,000","75,224,000","74,837,000","74,777,000","74,761,000","74,767,000","74,514,000","74,507,000","74,619,000","74,719,000","74,653,000","74,579,000","74,487,000","74,725,000","74,631,000","74,538,000","74,269,000","73,946,000","73,590,000","73,592,000","73,316,000","73,014,000","72,903,000","72,691,000","72,286,000","72,159,000","71,722,000","70,671,000","71,206,000","71,072,000","70,898,000","70,531,000","69,370,000","69,361,000","68,988,000","68,635,000","68,228,000","68,085,000",,"67,530,000","67,545,000","67,454,000",,"67,078,500","66,978,000","66,988,500",,"66,501,000","66,393,000","66,109,500",,"65,970,000","65,943,000","66,319,500",,"65,953,500","65,565,000","65,493,000",,"64,710,000","64,554,750","64,395,000",,"63,931,500","63,909,000","63,082,125",,"61,920,240","62,326,395","62,199,866",,"59,130,190","58,560,139","58,584,907",,"58,900,482","58,476,858","57,109,247",,"54,704,243","53,960,112","54,973,519",,"55,378,976","55,446,079","56,233,429",,"55,144,525","55,144,525","57,770,075",,"58,131,698","58,530,356","55,869,885",,"53,522,579","50,547,599","64,029,116",,"61,382,182","64,029,116","60,659,163",,"58,324,909","60,659,163","60,659,163",,"60,659,163","61,382,182","62,213,236",,"58,324,909","58,973,855","54,761,437",,"58,973,855","60,659,163","61,781,555",,"60,027,802","60,659,163","57,771,466",,"57,771,466","54,761,437","55,143,680",,"55,553,505","42,855,559","42,855,559",,"42,855,559","42,855,559","42,850,501",,"42,835,341","42,779,737","42,779,737",,"42,779,737","42,759,517","42,734,242",,"42,446,109"
TotalOperatingIncomeAsReported,,"17,813,000","-1,073,000","11,988,000","11,709,000","31,145,000","29,017,000","33,167,000","23,047,000","31,977,000","23,404,000","23,723,000","23,007,000","7,745,000","39,157,000","30,955,000","31,996,000","-1,871,000","33,125,000","31,491,000","31,563,000","30,710,000","30,443,000","29,212,000","28,681,000","29,417,000","10,415,000","28,075,000","26,015,000","24,547,000","21,125,000","-35,033,000","21,240,000","22,748,000","5,217,000","20,009,000","19,639,000","17,923,000","19,225,000","17,611,000","18,378,000","12,129,000",,"16,544,000","14,254,000","11,625,000",,"12,242,000","14,564,000","11,327,000",,"11,665,000","11,550,000",,,,,,,,,,,,,,,,,,,,,,,,,,,,,,,,,,,,,,,,,,,,,,,,,,,,,,,,,,,,,,,,,,,,,,,,,,,,,,,,,,,,,,,,,,,,,,,
TotalExpenses,"1,618,992,000","412,783,000","418,835,000","403,818,000","383,556,000","375,305,000","388,933,000","399,570,000","422,491,000","422,934,000","421,168,000","431,857,000","437,573,000","464,948,000","461,412,000","474,342,000","470,849,000","503,450,000","465,126,000","458,802,000","438,162,000","372,619,000","367,741,000","362,626,000","357,329,000","355,718,000","354,704,000","333,504,000","329,321,000","330,331,000","320,000,000","355,345,000","297,407,000","289,140,000","297,440,000","277,567,000","254,007,000","255,083,000","256,096,000","255,070,000","248,730,000","248,478,000","235,861,000","202,385,000","197,253,000","196,765,000","188,724,000","182,872,000","178,390,000","172,474,000","172,706,000","167,164,000","159,346,000","148,768,000","143,317,000","143,843,000","137,198,000","136,433,000","137,293,000","135,341,000","131,190,000","129,825,000","129,812,000","120,962,000","113,966,000","111,073,000","110,089,000","110,908,000","109,494,000","108,199,000","107,066,706","106,610,746","105,101,233","101,411,827","97,693,675","91,760,739","88,712,082","85,487,643","81,103,028","79,507,276","78,634,291","75,762,158","73,142,341","69,768,113","66,736,670","64,254,488","64,905,726","62,513,320","61,219,530","57,879,784","63,500,000","55,900,000","53,400,000","51,700,000","50,000,000","51,200,000","46,200,000","44,500,000","46,100,000","44,400,000","42,800,000","38,800,000","38,900,000","38,700,000","37,900,000","36,600,000","35,400,000","35,900,000","34,200,000","33,700,000","34,700,000","32,000,000","30,300,000","29,100,000","28,600,000","25,800,000","25,500,000","24,600,000","25,500,000","23,900,000","22,100,000","21,000,000","27,300,000","19,400,000","19,000,000","17,000,000","15,100,000","15,100,000","14,200,000","13,100,000",,,,,,,,,,,,,,,,,,
NetIncomeFromContinuingAndDiscontinuedOperation,"32,539,000","11,329,000","2,105,000","9,540,000","9,565,000","24,653,000","27,747,000","27,644,000","23,101,000","20,190,000","18,895,000","18,344,000","18,186,000","9,156,000","31,552,000","26,086,000","25,814,000","72,000","20,186,000","23,472,000","22,551,000","22,017,000","20,299,000","19,711,000","18,760,000","18,626,000","9,134,000","17,086,000","16,288,000","15,516,000","15,472,000","-22,182,000","13,921,000","14,639,000","5,452,000","13,790,000","12,933,000","14,954,000","12,798,000","11,517,000","11,320,000","8,578,000","10,565,000","9,996,000","9,828,000","7,767,000","9,123,000","9,169,000","8,721,000","7,428,000","6,566,000","8,225,000","7,815,000","7,736,000","7,283,000","5,522,000","6,953,000","6,857,000","7,304,000","7,299,000","7,524,000","7,450,000","6,895,000","6,564,000","6,203,000","5,791,000","5,476,000","4,774,000","4,584,000","4,263,000","4,126,838","3,723,657","3,530,309","3,318,195","2,850,096","2,803,209","2,660,510","2,545,912","2,194,874","2,210,586","2,194,687","2,030,551","1,864,128","1,836,982","1,705,406","1,628,845","524,517","1,807,835","1,754,563","1,500,839","-1,800,000","2,400,000","2,400,000","2,400,000","2,300,000","2,300,000","2,200,000","2,100,000","2,000,000","1,800,000","200,000","1,900,000","1,600,000","1,700,000","1,900,000","1,800,000","500,000","1,500,000",,"1,800,000","1,400,000","1,800,000","1,700,000","1,600,000","1,400,000","1,500,000","1,400,000","1,200,000","600,000","1,400,000","1,800,000","1,100,000","-6,500,000","1,900,000","1,800,000","1,600,000","1,200,000","1,600,000","1,300,000","1,200,000",,,,,,,,,,,,,,,,,,
NormalizedIncome,"29,506,777.949","9,704,884","1,781,610","9,006,414","9,070,970","24,006,728","27,008,353.528","26,848,664","22,147,960","19,485,764","18,194,590.082","17,797,145.218","18,284,564.932","7,781,676.085","31,542,085.64","25,727,714.935","25,478,501.681","-106,850","19,949,600","23,203,199","22,302,752","21,738,744","20,495,148.089","19,414,680","18,472,720","18,301,550","8,873,518.784","17,034,800","16,150,360","15,429,820","15,475,578.334","-22,284,690","13,823,350","14,573,480","5,377,971.918","13,652,850","12,763,350","14,846,560","13,657,503.898","10,920,469.876","11,378,819.669","7,549,162.821","9,999,660.179","9,104,263.875","9,518,808.996","7,317,560.175","8,444,951.998","8,361,658.075","8,956,536.492","6,966,709.945","6,061,065.006","7,173,966.278","7,103,427.245","7,159,705.518","6,916,451.444","5,618,564.268","6,593,203.008","6,657,747.265","6,943,627.515","6,605,262.892","6,880,087.298","6,674,560.462","6,106,720.22","5,746,256.263","5,590,070.275","4,942,384.138","4,821,260.87","4,201,665.671","4,584,000","4,263,000","4,126,838","3,723,657","3,530,309","3,318,195","2,850,096","2,803,209","2,660,510","2,545,912","2,194,874","2,210,586","2,194,687","2,030,551","1,864,128","1,836,982","1,705,406","1,628,845","524,517","1,807,835","1,754,563","1,500,839","-2,520,000","2,400,000","2,400,000","2,280,000","2,120,000","2,021,212.121","1,955,555.556","1,920,000","687,500","1,620,000","1,040,000","1,600,000","1,344,000","1,520,000","1,780,000","1,680,000","920,000","1,320,000",,"1,560,000","1,463,636.364","1,740,000","1,580,000","1,540,000","2,200,000","1,500,000","1,280,000","1,080,000","600,000","1,339,130.435","1,200,000","1,038,888.889","-4,812,500","1,773,333.333","1,613,793.103","1,476,923.077","1,200,000","1,280,000","1,238,095.238","1,136,842.105",,,,,,,,,,,,,,,,,,
InterestIncome,,,,,,,,,,,,,,,,,,,,,,,,,,,,,,,,,,,,,,,,,,,,,"463,000",,,,,,,,,,,,,,,,,,,,,,,,,,,,,,,,,,,,,,,,,,,,,,,,,,,,,,,,,,,,,,,,,,,,,,,,,,,,,,,,,,,,,,,,,,,,,,,,,,,,,,,
InterestExpense,"1,536,000","509,000","368,000","329,000","330,000","358,000","312,000","314,000","380,000","368,000","880,000","740,000","783,000","1,056,000",,,,,,,,,,,,,,,,,,,,,,,,,,,,,,,,,,,,,,,,,,,,,,,,,,,,,,,,,,,,,,,,,,,,,,,,,,,,,,,,,,,,,,,,,,,,,,,,,,,,,,,,,,,,,,,,,,,,,,,,,,,,,,,,,,,,,,
NetInterestIncome,"-1,536,000","-509,000","-368,000","-329,000","-330,000","-358,000","-312,000","-314,000","-380,000","-368,000","-880,000","-740,000","-783,000","-1,056,000",,,,,,,,,,,,,,,,,,,,,,,,,,,,,,,"463,000",,,,,"750,000",,,,,,,,,,,,,,,,,,,,,,,,,,,,,,,,,,,,,,,,,,,,,,,,,,,,,,,,,,,,,,,,,,,,,,,,,,,,,,,,,,,,,,,,,,,,,,,,,,
EBIT,"46,188,000","16,290,000","2,055,000","12,450,000","15,393,000","33,310,000","35,172,000","37,446,000","30,792,000","27,150,000","26,751,000","24,456,000","24,400,000","12,948,000","34,996,000","32,529,000","32,883,000","-1,640,000","34,284,000","32,553,000","32,714,000","31,871,000","30,824,000","30,108,000","29,227,000","29,089,000","11,378,000","26,661,000","26,035,000","24,915,000","21,624,000","-35,246,000","21,888,000","23,025,000","6,393,000","20,982,000","19,597,000","18,821,000","20,943,000","17,611,000","18,378,000","12,129,000","14,378,000","16,544,000","14,254,000","11,625,000","13,364,000","12,242,000","14,564,000","11,327,000","9,855,000","11,665,000","11,550,000","11,641,000","11,246,000","9,135,000","10,720,000","10,826,000","11,291,000","10,740,000","11,187,000","10,854,000","9,978,000","9,121,000","8,874,000","7,845,000","7,776,000","6,776,000","6,554,000","36,496,000","6,065,931","5,713,311","5,388,252","5,209,993","3,809,100","4,117,599","4,093,632","4,043,709","3,353,603","3,537,454","3,432,275","3,169,897","2,653,287","2,732,250","2,538,779","2,363,582","574,106","2,697,367","2,630,533","2,247,848","-3,200,000","3,700,000","3,500,000","3,900,000","3,700,000","2,800,000","3,200,000","3,300,000","1,100,000","2,800,000","2,700,000","2,600,000","2,000,000","2,600,000","2,900,000","2,800,000","2,100,000","2,300,000","2,400,000","2,700,000","2,200,000","3,000,000","2,600,000","2,500,000","2,600,000","3,100,000","2,300,000","1,800,000","1,200,000","2,100,000","1,900,000","1,600,000","-7,600,000","2,800,000","2,700,000","2,400,000","2,300,000","2,000,000","2,100,000","1,900,000","-34,600,000","14,200,000","13,600,000","13,000,000","-22,300,000","8,300,000","8,400,000","8,400,000","-22,200,000","8,700,000","8,300,000","8,100,000","-19,100,000","7,600,000","6,700,000","6,800,000","-12,200,000","5,600,000"
EBITDA,"61,395,000"
ReconciledCostOfRevenue,"1,451,725,000","373,262,000","377,230,000","364,822,000","336,411,000","336,619,000","352,201,000","365,443,000","387,517,000","387,156,000","386,723,000","398,404,000","400,485,000","427,265,000","425,256,000","439,203,000","437,618,000","469,904,000","432,694,000","426,924,000","407,322,000","345,570,000","340,897,000","336,340,000","332,211,000","330,044,000","319,310,000","308,645,000","304,217,000","303,936,000","296,350,000","315,757,000","275,815,000","267,371,000","269,347,000","255,964,000","234,602,000","235,191,000","238,832,000","234,281,000","230,206,000","227,496,000","217,190,000","188,041,000","181,742,000","179,985,000","172,953,000","168,384,000","165,240,000","158,573,000","158,765,000","155,228,000","145,830,000","137,892,000","134,112,000","134,228,000","127,074,000","125,854,000","127,490,000","125,476,000","121,085,000","119,314,000","118,397,000","112,195,000","105,843,000","102,182,000","102,075,000","102,884,000","101,385,000","99,770,000","99,286,288","98,643,843","97,340,454","93,396,926","89,934,680","84,347,689","81,636,195","78,690,855","74,548,778","73,012,961","72,574,414","69,722,745","67,387,901","64,157,195","61,402,484","59,082,359","60,036,157","57,374,336","55,680,285","52,681,508","57,600,000","50,700,000","48,400,000","46,900,000","44,800,000","46,100,000","41,400,000","40,100,000","39,700,000","39,600,000","38,200,000","34,800,000","34,800,000","35,100,000","34,100,000","33,000,000","32,200,000","32,200,000","30,300,000","30,100,000","31,000,000","28,500,000","26,900,000","26,000,000","26,200,000","23,400,000","22,700,000","21,700,000","22,700,000","22,100,000","19,900,000","18,800,000","24,200,000","17,400,000","16,900,000","15,000,000","13,500,000","13,400,000","12,700,000","11,600,000",,,,,,,,,,,,,,,,,,
ReconciledDepreciation,"15,207,000","4,147,000","3,706,000","3,659,000","3,695,000","3,607,000","3,516,000","3,606,000","3,590,000","3,556,000","3,543,000","3,400,000","3,508,000","3,489,000","2,250,000","2,186,000","2,426,000","2,410,000","2,544,000","2,103,000","2,353,000","1,886,000","1,864,000","1,720,000","1,947,000","1,965,000","1,982,000","1,847,000","1,920,000","1,911,000","1,963,000","1,725,000","1,824,000","1,757,000","1,713,000","1,784,000","1,355,000","1,352,000","1,343,000","1,245,000","1,280,000","1,248,000","1,264,000","1,074,000","1,045,000","1,004,000","1,039,000","885,000","917,000","923,000","893,000","823,000","821,000","692,000","700,000","658,000","746,000","748,000","755,000","713,000","791,000","745,000","898,000","456,000","479,000","473,000","472,000","423,000","498,000","479,000","478,357","418,858","492,824","482,961","487,407","410,656","516,772","500,093","499,686","443,078","555,348","535,455","575,619","502,475","575,103","588,276","569,860","513,011","583,811","543,475","800,000","400,000","400,000","500,000","600,000","500,000","500,000","500,000","500,000","500,000","600,000","500,000","600,000","500,000","500,000","600,000","700,000","600,000","600,000","700,000","600,000","700,000","600,000","700,000","600,000","500,000","700,000","800,000","700,000","500,000","500,000","500,000","500,000","400,000","400,000","400,000","200,000","200,000","200,000","300,000",,,,,,,,,,,,,,,,,,
NetIncomeFromContinuingOperationNetMinorityInterest,"32,539,000","11,329,000","2,105,000","9,540,000","9,565,000","24,653,000","27,747,000","27,644,000","23,101,000","20,190,000","18,895,000","18,344,000","18,186,000","9,156,000","31,552,000","26,086,000","25,814,000","72,000","20,186,000","23,472,000","22,551,000","22,017,000","20,299,000","19,711,000","18,760,000","18,626,000","9,134,000","17,086,000","16,288,000","15,516,000","15,472,000","-22,182,000","13,921,000","14,639,000","5,452,000","13,790,000","12,933,000","14,954,000","12,798,000","11,517,000","11,320,000","8,578,000","10,565,000","9,996,000","9,828,000","7,767,000","9,123,000","9,169,000","8,721,000","7,428,000","6,566,000","8,225,000","7,815,000","7,736,000","7,283,000","5,522,000","6,953,000","6,857,000","7,304,000","7,299,000","7,524,000","7,450,000","6,895,000","6,564,000","6,203,000","5,791,000","5,476,000","4,774,000","4,584,000","4,263,000","4,126,838","3,723,657","3,530,309","3,318,195","2,850,096","2,803,209","2,660,510","2,545,912","2,194,874","2,210,586","2,194,687","2,030,551","1,864,128","1,836,982","1,705,406","1,628,845","524,517","1,807,835","1,754,563","1,500,839","-1,800,000","2,400,000","2,400,000","2,400,000","2,300,000","2,300,000","2,200,000","2,100,000","2,000,000","1,800,000","200,000","1,900,000","1,600,000","1,700,000","1,900,000","1,800,000","500,000","1,500,000",,"1,800,000","1,400,000","1,800,000","1,700,000","1,600,000","1,400,000","1,500,000","1,400,000","1,200,000","600,000","1,400,000","1,800,000","1,100,000","-6,500,000","1,900,000","1,800,000","1,600,000","1,200,000","1,600,000","1,300,000","1,200,000",,,,,,,,,,,,,,,,,,
TotalUnusualItemsExcludingGoodwill,"4,161,000","2,262,000","443,000","678,000","778,000","864,000","928,000","1,069,000","1,254,000","934,000","959,000","707,000","-128,000","1,785,000","11,000","453,000","433,000","245,000","394,000","377,000","364,000","408,000","-295,000","463,000","456,000","515,000","334,000","80,000","222,000","139,000","-5,000","163,000","155,000","104,000","88,000","211,000","261,000","136,000","-1,318,000","962,000","-95,000","1,653,000","833,000","1,355,000","463,000","714,000","1,073,000","1,182,000","-383,000","750,000","821,000","1,709,000","1,157,000","937,000","596,000","-157,000","585,000","324,000","586,000","1,128,000","1,047,000","1,261,000","1,288,000","1,298,000","973,000","1,347,000","1,056,000","923,000",,,,,,,,,,,,,,,,,,,,,,,"1,200,000",,,"200,000","300,000","400,000","400,000","300,000","2,100,000","300,000","-1,400,000","500,000","400,000","300,000","200,000","200,000","-700,000","300,000",,"400,000","-100,000","100,000","200,000","100,000","-1,200,000",,"200,000","200,000","0","100,000","1,000,000","100,000","-2,700,000","200,000","300,000","200,000","0","500,000","100,000","100,000",,,,,,,,,,,,,,,,,,
TotalUnusualItems,"4,161,000","2,262,000","443,000","678,000","778,000","864,000","928,000","1,069,000","1,254,000","934,000","959,000","707,000","-128,000","1,785,000","11,000","453,000","433,000","245,000","394,000","377,000","364,000","408,000","-295,000","463,000","456,000","515,000","334,000","80,000","222,000","139,000","-5,000","163,000","155,000","104,000","88,000","211,000","261,000","136,000","-1,318,000","962,000","-95,000","1,653,000","833,000","1,355,000","463,000","714,000","1,073,000","1,182,000","-383,000","750,000","821,000","1,709,000","1,157,000","937,000","596,000","-157,000","585,000","324,000","586,000","1,128,000","1,047,000","1,261,000","1,288,000","1,298,000","973,000","1,347,000","1,056,000","923,000",,,,,,,,,,,,,,,,,,,,,,,"1,200,000",,,"200,000","300,000","400,000","400,000","300,000","2,100,000","300,000","-1,400,000","500,000","400,000","300,000","200,000","200,000","-700,000","300,000",,"400,000","-100,000","100,000","200,000","100,000","-1,200,000",,"200,000","200,000","0","100,000","1,000,000","100,000","-2,700,000","200,000","300,000","200,000","0","500,000","100,000","100,000",,,,,,,,,,,,,,,,,,
NormalizedEBITDA,"57,234,000","18,175,000","5,318,000","15,431,000","18,310,000","36,053,000","37,760,000","39,983,000","33,128,000","29,772,000","29,335,000","27,149,000","28,036,000","14,652,000","37,235,000","34,262,000","34,876,000","525,000","36,434,000","34,279,000","34,703,000","33,349,000","32,983,000","31,365,000","30,718,000","30,539,000","13,026,000","28,428,000","27,733,000","26,687,000","23,592,000","-33,684,000","23,557,000","24,678,000","8,018,000","22,555,000","20,691,000","20,037,000","23,604,000","17,894,000","19,753,000","11,724,000","14,809,000","16,263,000","14,836,000","11,915,000","13,330,000","11,945,000","15,864,000","11,500,000","9,927,000","10,779,000","11,214,000","11,396,000","11,350,000","9,950,000","10,881,000","11,250,000","11,460,000","10,325,000","10,931,000","10,338,000","9,588,000","8,279,000","8,380,000","6,971,000","7,192,000","6,276,000","7,052,000","36,975,000","6,544,288","6,132,169","5,881,076","5,692,954","4,296,507","4,528,255","4,610,404","4,543,802","3,853,289","3,980,532","3,987,623","3,705,352","3,228,906","3,234,725","3,113,882","2,951,858","1,143,966","3,210,378","3,214,344","2,791,323","-3,600,000","4,100,000","3,900,000","4,200,000","4,000,000","2,900,000","3,300,000","3,500,000","-500,000","3,000,000","4,700,000","2,600,000","2,200,000","2,800,000","3,200,000","3,200,000","3,500,000","2,600,000","3,000,000","3,000,000","2,900,000","3,600,000","3,100,000","3,100,000","4,400,000","3,600,000","2,800,000","2,400,000","1,900,000","2,500,000","1,400,000","2,000,000","-4,400,000","3,000,000","2,800,000","2,600,000","2,500,000","1,700,000","2,300,000","2,100,000","-34,600,000","14,200,000","13,600,000","13,000,000","-22,300,000","8,300,000","8,400,000","8,400,000","-22,200,000","8,700,000","8,300,000","8,100,000","-19,100,000","7,600,000","6,700,000","6,800,000","-12,200,000","5,600,000"
TaxRateForCalcs,"0.271","0.282","0.27","0.213","0.365","0.252","0.204","0.256","0.24","0.246","0.27","0.227","0.23","0.23","0.099","0.209","0.225","0.27","0.4","0.287","0.318","0.318","0.335","0.36","0.37","0.37","0.22","0.36","0.38","0.38","0.284","0.37","0.37","0.37","0.159","0.35","0.35","0.21","0.348","0.38","0.381","0.378","0.321","0.342","0.332","0.371","0.368","0.317","0.385","0.385","0.385","0.385","0.385","0.385","0.385","0.385","0.385","0.385","0.385","0.385","0.385","0.385","0.388","0.37","0.37","0.37","0.38","0.38","0.38","0.38","0.38","0.38","0.38","0.38","0.367","0.375","0.379","0.4","0.394","0.395","0.395","0.395","0.39","0.39","0.39","0.39","0.39","0.39","0.385","0.39","0.4","0.385","0.351","0.4","0.4","0.303","0.389","0.4","0.375","0.4","0.4","0.4","0.36","0.4","0.4","0.4","0.4","0.4",,"0.4","0.364","0.4","0.4","0.4","0.333","0.4","0.4","0.4","0.4","0.391","0.4","0.389","0.375","0.367","0.379","0.385","0.4","0.36","0.381","0.368",,,,,,,,,,,,,,,,,,
TaxEffectOfUnusualItems,"1,128,777.949","637,884","119,610","144,414","283,970","217,728","189,353.528","273,664","300,960","229,764","258,590.082","160,145.218","-29,435.068","410,676.085","1,085.64","94,714.935","97,501.681","66,150","157,600","108,199","115,752","129,744","-98,851.911","166,680","168,720","190,550","73,518.784","28,800","84,360","52,820","-1,421.666","60,310","57,350","38,480","13,971.918","73,850","91,350","28,560","-458,496.102","365,469.876","-36,180.331","624,162.821","267,660.179","463,263.875","153,808.996","264,560.175","394,951.998","374,658.075","-147,463.508","288,709.945","316,065.006","657,966.278","445,427.245","360,705.518","229,451.444","-60,435.732","225,203.008","124,747.265","225,627.515","434,262.892","403,087.298","485,560.462","499,720.22","480,256.263","360,070.275","498,384.138","401,260.87","350,665.671","0","0","0","0","0","0","0","0","0","0","0","0","0","0","0","0","0","0","0","0","0","0","480,000","0","0","80,000","120,000","121,212.121","155,555.556","120,000","787,500","120,000","-560,000","200,000","144,000","120,000","80,000","80,000","-280,000","120,000",,"160,000","-36,363.636","40,000","80,000","40,000","-400,000","0","80,000","80,000","0","39,130.435","400,000","38,888.889","-1,012,500","73,333.333","113,793.103","76,923.077","0","180,000","38,095.238","36,842.105",,,,,,,,,,,,,,,,,,