name,ttm,03/31/2022,12/31/2021,09/30/2021,06/30/2021,03/31/2021,12/31/2020,09/30/2020,06/30/2020,03/31/2020,12/31/2019,09/30/2019,06/30/2019,03/31/2019,12/31/2018,09/30/2018,06/30/2018,03/31/2018,12/31/2017,09/30/2017,06/30/2017,03/31/2017,12/31/2016,09/30/2016,06/30/2016,03/31/2016,12/31/2015,09/30/2015,06/30/2015,03/31/2015,12/31/2014,09/30/2014,06/30/2014,03/31/2014,12/31/2013,09/30/2013,06/30/2013,03/31/2013,12/31/2012,09/30/2012,06/30/2012,03/31/2012,12/31/2011,09/30/2011,06/30/2011,03/31/2011,12/31/2010,09/30/2010,06/30/2010,03/31/2010,12/31/2009,09/30/2009,06/30/2009,03/31/2009,12/31/2008,09/30/2008,06/30/2008,03/31/2008,12/31/2007,09/30/2007,06/30/2007,03/31/2007,12/31/2006,09/30/2006,06/30/2006,03/31/2006,12/31/2005,09/30/2005,06/30/2005,03/31/2005,12/31/2004,09/30/2004,06/30/2004,03/31/2004,12/31/2003,09/30/2003,06/30/2003
TotalRevenue,"487,510,000","120,198,000","118,493,000","122,584,000","126,235,000","127,183,000","127,456,000","127,731,000","114,807,000","127,854,000","131,634,000","135,895,000","130,751,000","134,497,000","132,792,000","125,784,000","118,760,000","128,884,000","129,220,000","110,364,000","109,143,000","105,634,000","112,526,000","92,610,000","94,897,000","102,010,000","97,251,000","88,389,000","83,479,000","89,756,000","88,413,000","82,130,000","74,998,000","87,004,000","77,876,000","77,723,000","75,285,000","74,298,000","85,571,000","72,496,000","63,692,000","63,515,000","68,324,000","49,268,000","50,940,000","45,017,000","49,369,000","46,549,000","45,483,000","40,696,000","31,091,000","42,744,000","40,602,000","32,124,000","34,526,000","29,511,000","26,775,000","27,276,000","27,191,000","27,213,000","27,131,000","23,872,000","25,330,000","22,899,000","18,527,000","22,438,000","22,569,000","21,517,000","19,521,000","16,513,000","15,992,000","14,482,000","18,520,000","15,432,000","9,463,000","9,563,000","6,112,000"
	OperatingRevenue,"487,510,000","120,198,000","118,493,000","122,584,000","126,235,000","127,183,000","127,456,000","127,731,000","114,807,000","127,854,000","131,634,000","135,895,000","130,751,000","134,497,000","132,792,000","125,784,000","118,760,000","128,884,000","129,220,000","110,364,000","109,143,000","105,634,000","112,526,000","92,610,000","94,897,000","102,010,000","97,251,000","88,389,000","83,479,000","89,756,000","88,413,000","82,130,000","74,998,000","87,004,000","77,876,000","77,723,000","75,285,000","74,298,000","85,571,000","72,496,000","63,692,000","63,515,000","68,324,000","49,268,000","50,940,000","45,017,000","49,369,000","46,549,000","45,483,000","40,696,000","31,091,000","42,744,000","40,602,000","32,124,000","34,526,000","29,511,000","26,775,000","27,276,000","27,191,000","27,213,000","27,131,000","23,872,000","25,330,000","22,899,000","18,527,000","22,438,000","22,569,000","21,517,000","19,521,000","16,513,000","15,992,000","14,482,000","18,520,000","15,432,000","9,463,000","9,563,000","6,112,000"
CostOfRevenue,"262,706,000","64,812,000","66,204,000","64,619,000","67,071,000","66,430,000","62,347,000","66,193,000","59,771,000","58,959,000","63,464,000","69,045,000","64,849,000","61,343,000","64,074,000","60,363,000","59,141,000","61,344,000","56,570,000","55,005,000","54,042,000","51,266,000","64,503,000","43,474,000","42,964,000","43,473,000","42,727,000","40,421,000","40,352,000","42,660,000","47,179,000","40,939,000","40,449,000","38,400,000","44,048,000","41,135,000","39,665,000","40,019,000","85,348,000","21,324,000","17,923,000","16,988,000","20,351,000","14,689,000","14,366,000","12,796,000","12,760,000","13,632,000","13,495,000","13,060,000","10,671,000","11,450,000","11,086,000","10,796,000","10,525,000","11,033,000","9,985,000","9,727,000","8,886,000","7,985,000","8,263,000","7,777,000","7,010,000","7,082,000","7,429,000","7,109,000","7,163,000","6,333,000","6,448,000","5,388,000","5,736,000","5,245,000","6,208,000","5,228,000","5,419,000","7,141,000","6,467,000"
GrossProfit,"224,804,000","55,386,000","52,289,000","57,965,000","59,164,000","60,753,000","65,109,000","61,538,000","55,036,000","68,895,000","68,170,000","66,850,000","65,902,000","73,154,000","68,718,000","65,421,000","59,619,000","67,540,000","72,650,000","55,359,000","55,101,000","54,368,000","48,023,000","49,136,000","51,933,000","58,537,000","54,524,000","47,968,000","43,127,000","47,096,000","41,234,000","41,191,000","34,549,000","48,604,000","33,828,000","36,588,000","35,620,000","34,279,000","223,000","51,172,000","45,769,000","46,527,000","47,973,000","34,579,000","36,574,000","32,221,000","36,609,000","32,917,000","31,988,000","27,636,000","20,420,000","31,294,000","29,516,000","21,328,000","24,001,000","18,478,000","16,790,000","17,549,000","18,305,000","19,228,000","18,868,000","16,095,000","18,320,000","15,817,000","11,098,000","15,329,000","15,406,000","15,184,000","13,073,000","11,125,000","10,256,000","9,237,000","12,312,000","10,204,000","4,044,000","2,422,000","-355,000"
OperatingExpense,"13,981,000","4,312,000","2,973,000","3,849,000","2,847,000","2,968,000","2,420,000","2,332,000","2,535,000","2,702,000","2,929,000","2,714,000","1,988,000","2,620,000","2,747,000","2,498,000","2,673,000","3,122,000","5,451,000","3,623,000","2,615,000","2,634,000","3,914,000","2,664,000","2,863,000","3,091,000","2,897,000","3,673,000","2,696,000","3,290,000","2,891,000","2,266,000","2,516,000","3,151,000","3,002,000","2,415,000","3,100,000","3,232,000","-38,230,000","14,443,000","11,619,000","12,303,000","11,692,000","9,745,000","9,286,000","9,003,000","10,379,000","8,745,000","9,504,000","9,773,000","9,381,000","8,668,000","8,671,000","7,580,000","8,766,000","7,480,000","7,421,000","5,599,000","4,561,000","5,023,000","4,483,000","5,358,000","5,081,000","5,016,000","5,070,000","5,017,000","5,070,000","4,999,000","4,839,000","3,340,000","2,710,000","2,637,000","1,691,000","1,834,000","2,525,000","1,943,000","806,000"
	SellingGeneralAndAdministration,"13,981,000","4,312,000","2,973,000","3,849,000","2,847,000","2,968,000","2,420,000","2,332,000","2,535,000","2,702,000","2,929,000","2,714,000","1,988,000","2,620,000","2,747,000","2,498,000","2,673,000","3,122,000","5,451,000","3,623,000","2,615,000","2,634,000","3,914,000","2,664,000","2,863,000","3,091,000","2,897,000","3,673,000","2,696,000","3,290,000","2,891,000","2,266,000","2,516,000","3,151,000","3,002,000","2,415,000","3,100,000","3,232,000","1,669,000","1,399,000","2,487,000","2,039,000","1,628,000","2,012,000","1,573,000","1,363,000","1,735,000","1,508,000","1,913,000","2,563,000","2,596,000","1,848,000","1,818,000","1,324,000","2,136,000","1,596,000","1,359,000","1,286,000","1,052,000","1,429,000","1,275,000","1,287,000","1,164,000","1,177,000","1,289,000","1,224,000","1,005,000","1,075,000","990,000","977,000","972,000","888,000",,,"0","0",
		GeneralAndAdministrativeExpense,"13,981,000","4,312,000","2,973,000","3,849,000","2,847,000","2,968,000","2,420,000","2,332,000","2,535,000","2,702,000","2,929,000","2,714,000","1,988,000","2,620,000","2,747,000","2,498,000","2,673,000","3,122,000","5,451,000","3,623,000","2,615,000","2,634,000","3,914,000","2,664,000","2,863,000","3,091,000","2,897,000","3,673,000","2,696,000","3,290,000","2,891,000","2,266,000","2,516,000","3,151,000","3,002,000","2,415,000","3,100,000","3,232,000",,,,,,,,,,,,,,,,,,,,,,,,,,,,,,,,,,,,,,,
			OtherGandA,"13,981,000","4,312,000","2,973,000","3,849,000","2,847,000","2,968,000","2,420,000","2,332,000","2,535,000","2,702,000","2,929,000","2,714,000","1,988,000","2,620,000","2,747,000","2,498,000","2,673,000","3,122,000","5,451,000","3,623,000","2,615,000","2,634,000","3,914,000","2,664,000","2,863,000","3,091,000","2,897,000","3,673,000","2,696,000","3,290,000","2,891,000","2,266,000","2,516,000","3,151,000","3,002,000","2,415,000","3,100,000","3,232,000",,,,,,,,,,,,,,,,,,,,,,,,,,,,,,,,,,,,,,,
	DepreciationAmortizationDepletionIncomeStatement,,,,,,,,,,,,,,,,,,,,,,,,,,,,,,,,,,,,,,,,"13,044,000","9,132,000","10,264,000","10,064,000","7,733,000","7,713,000","7,640,000","8,644,000","7,237,000","7,591,000","7,210,000","6,785,000","6,820,000","6,853,000","6,256,000","6,630,000","5,884,000","6,062,000","4,313,000","3,509,000","3,594,000","3,208,000","4,071,000","3,917,000","3,839,000","3,781,000","3,793,000","4,065,000","3,924,000","3,849,000","2,363,000","1,738,000","1,749,000","1,691,000","1,834,000","2,525,000","1,943,000","806,000"
		DepreciationAndAmortizationInIncomeStatement,,,,,,,,,,,,,,,,,,,,,,,,,,,,,,,,,,,,,,,,"13,044,000","9,132,000","10,264,000","10,064,000","7,733,000","7,713,000","7,640,000","8,644,000","7,237,000","7,591,000","7,210,000","6,785,000","6,820,000","6,853,000","6,256,000","6,630,000","5,884,000","6,062,000","4,313,000","3,509,000","3,594,000","3,208,000","4,071,000","3,917,000","3,839,000","3,781,000","3,793,000","4,065,000","3,924,000","3,849,000","2,363,000","1,738,000","1,749,000","1,691,000","1,834,000","2,525,000","1,943,000","806,000"
OperatingIncome,"210,823,000","51,074,000","49,316,000","54,116,000","56,317,000","57,785,000","62,689,000","59,206,000","52,501,000","66,193,000","65,241,000","64,136,000","63,914,000","70,534,000","65,971,000","62,923,000","56,946,000","64,418,000","67,199,000","51,736,000","52,486,000","51,734,000","44,109,000","46,472,000","49,070,000","55,446,000","51,627,000","44,295,000","40,431,000","43,806,000","38,343,000","38,925,000","32,033,000","45,453,000","30,826,000","34,173,000","32,520,000","31,047,000","38,453,000","36,729,000","34,150,000","34,224,000","36,281,000","24,834,000","27,288,000","23,218,000","26,230,000","24,172,000","22,484,000","17,863,000","11,039,000","22,626,000","20,845,000","13,748,000","15,235,000","10,998,000","9,369,000","11,950,000","13,744,000","14,205,000","14,385,000","10,737,000","13,239,000","10,801,000","6,028,000","10,312,000","10,336,000","10,185,000","8,234,000","7,785,000","7,546,000","6,600,000","10,621,000","8,370,000","1,519,000","479,000","-1,161,000"
NetNonOperatingInterestIncomeExpense,"-18,193,000","-992,000","-3,295,000","-6,582,000","-7,324,000","-6,692,000","-10,987,000","-11,301,000","-10,966,000","-15,549,000","-17,569,000","-16,564,000","-18,679,000","-18,494,000","-18,123,000","-17,502,000","-17,100,000","-17,066,000","-16,904,000","-13,971,000","-13,645,000","-13,437,000","-16,186,000","-14,339,000","-11,164,000","-10,423,000","-9,966,000","-9,105,000","-9,053,000","-8,768,000","-8,733,000","-8,585,000","-8,329,000","-10,451,000","-11,030,000","-11,813,000","-11,625,000","-12,381,000","-12,913,000","-12,540,000","-11,324,000","-10,405,000","-9,858,000","-8,828,000","-8,724,000","-8,549,000","-8,490,000","-8,416,000","-9,547,000","-7,541,000","-5,275,000","-6,416,000","-4,402,000","-5,397,000",,,,,,,,,,,,,,,,,,,,,,,
	InterestIncomeNonOperating,"36,024,000","12,647,000","9,928,000","6,835,000","6,614,000","6,548,000","2,787,000","2,803,000","2,813,000","2,218,000","2,195,000","2,243,000","551,000","528,000","527,000","540,000","526,000","515,000","185,000","101,000","103,000","102,000","108,000","108,000","112,000","112,000","142,000","381,000","3,000","0","0","0","0","3,000","51,000","3,000","4,000","103,000",,,,,"0","0","0","0","1,000","1,000","2,000","3,000","1,000","2,000","2,000","6,000",,,,,,,,,,,,,,,,,,,,,,,
	InterestExpenseNonOperating,"54,217,000","13,639,000","13,223,000","13,417,000","13,938,000","13,240,000","13,774,000","14,104,000","13,779,000","17,767,000","19,764,000","18,807,000","19,230,000","19,022,000","18,650,000","18,042,000","17,626,000","17,581,000","17,089,000","14,072,000","13,748,000","13,539,000","16,294,000","14,447,000","11,276,000","10,334,000","10,108,000","9,486,000","9,056,000","8,768,000","8,733,000","8,585,000","8,329,000","10,454,000","11,081,000","11,816,000","11,629,000","11,635,000","10,967,000","12,540,000","11,324,000","10,405,000","9,858,000","8,828,000","8,724,000","8,549,000","8,491,000","8,417,000","9,549,000","7,544,000","5,276,000","6,418,000","4,404,000","5,403,000",,,,,,,,,,,,,,,,,,,,,,,
	TotalOtherFinanceCost,,,,,,,,,,,"321,000",,,"430,000","454,000",,,"477,000","511,000",,,"354,000","650,000",,,"201,000",,,,"77,000",,,,"202,000","0",,,"849,000",,,,,,,,,,,,,,,,,,,,,,,,,,,,,,,,,,,,,,,
OtherIncomeExpense,"20,100,000","3,727,000","3,742,000","3,766,000","8,865,000","15,881,000","1,713,000","-26,872,000","36,458,000","-23,695,000","292,000","36,642,000","1,894,000","1,790,000","1,748,000","1,152,000","1,681,000","1,365,000","37,904,000","5,227,000","4,142,000","-10,312,000","4,631,000","3,879,000","3,623,000","2,757,000","2,249,000","1,445,000","702,000","893,000","874,000","891,000","774,000","-7,147,000","535,000","737,000","746,000","2,679,000","872,000","877,000","411,000","-1,765,000","713,000","661,000","467,000","728,000","815,000","570,000","544,000","474,000","612,000","711,000","488,000","-2,325,000","-1,289,000","1,007,000",,"36,000","0",,"1,000","297,000",,,,,,,,,,,,,"646,000",,"289,000"
	GainOnSaleOfSecurity,,,,,,,,,"33,834,000",,"0","35,166,000",,,,,,,"36,254,000",,,,,,,,,,,,,,,,,,,,,,,,,,,,,,,,,,,,,,,,,,,,,,,,,,,,,,,,,,
	EarningsFromEquityInterest,"14,295,000","3,626,000","3,557,000","3,689,000","3,423,000","1,763,000","1,461,000","1,316,000","2,156,000","1,714,000","-37,000","1,334,000","1,783,000","2,100,000","1,698,000","1,114,000","1,734,000","1,279,000","1,545,000","5,072,000","4,053,000","1,840,000","4,058,000","3,767,000","3,623,000","2,765,000","2,169,000","1,269,000","631,000","734,000","837,000","880,000","748,000","522,000","588,000","835,000","746,000","657,000","862,000","877,000","794,000","831,000","704,000","641,000","467,000","740,000","798,000","570,000","544,000","481,000","610,000","711,000","423,000","175,000",,,,,,,,,,,,,,,,,,,,,,,
	SpecialIncomeCharges,"5,805,000","101,000","185,000","77,000","5,442,000","14,118,000","8,691,000","-35,653,000","34,302,000","-25,409,000","329,000","35,308,000","111,000","-310,000","50,000","38,000","-53,000","86,000","105,000","155,000","89,000","-12,152,000","573,000","112,000","-5,000","0","375,000","0","0","0","0","0","0","-7,677,000","-53,000","-159,000","0","2,022,000","0",,"-383,000","-2,596,000","9,000","20,000",,"-12,000",,,,"-7,000","2,000",,"65,000","-2,500,000","-11,000","1,007,000",,"36,000","0",,"1,000","297,000",,,,,,,,,,,,,"646,000","0","289,000"
		ImpairmentOfCapitalAssets,"0","0","0","0","0","11,034,000","0","35,653,000",,,,,,,,,,,,,,,,,,,,,,,,,,,,,,,,,,,,,,,,,,,,,,,,,,,,,,,,,,,,,,,,,,,,,
		OtherSpecialCharges,,,,,,"-24,650,000","0",,"-33,834,000","25,915,000","0","-35,166,000",,,,,,,"0",,,"12,225,000",,,,,,,,,"0",,,"7,677,000",,,,,,,,,,,,,,,,,,,,"2,500,000",,,,,,,,,,,,,,,,,,,,,,,
		GainOnSaleOfPPE,"5,805,000","101,000","185,000","77,000","5,442,000","25,152,000","8,691,000","0","34,302,000","506,000","329,000","35,308,000","111,000","-310,000","50,000","38,000","-53,000","86,000","105,000","155,000","89,000","73,000","573,000","112,000","-5,000","0",,,,,"0","0","0","0","-53,000","-159,000","0","2,022,000",,,,,,,,,,,,,,,,"0",,,,,,,,,,,,,,,,,,,,,,,
	OtherNonOperatingIncomeExpenses,,,,,,"502,000",,"7,465,000",,,,,,,,,,,,,,,,,"5,000","-8,000","-295,000","176,000","71,000","159,000","37,000","11,000","26,000","8,000","0","61,000",,,,,,,,,,,,,,,,,,,,,,,,,,,,,,,,,,,,,,,,,
PretaxIncome,"212,730,000","53,809,000","49,763,000","51,300,000","57,858,000","66,974,000","53,415,000","21,033,000","77,993,000","26,949,000","47,964,000","84,214,000","47,129,000","53,830,000","49,596,000","46,573,000","41,527,000","48,717,000","88,199,000","42,992,000","42,983,000","27,985,000","32,554,000","36,012,000","41,529,000","47,780,000","43,910,000","36,635,000","32,080,000","35,931,000","30,484,000","31,231,000","24,478,000","27,855,000","20,331,000","23,097,000","21,641,000","21,345,000","26,412,000","25,066,000","23,237,000","22,054,000","27,136,000","16,667,000","19,031,000","15,397,000","18,553,000","16,335,000","13,481,000","10,796,000","6,376,000","16,921,000","16,931,000","6,026,000","7,231,000","6,705,000","3,900,000","7,866,000",,,,,,,,,,,,,,,,,,,
TaxProvision,"26,000","31,000","-28,000","-4,000","27,000","37,000","57,000","34,000","39,000","37,000","5,000","30,000","-30,000","36,000","-123,000","39,000","28,000","82,000","85,000","-69,000","127,000","106,000","75,000","61,000","54,000","95,000","122,000","69,000","-64,000","101,000","90,000","42,000","28,000","75,000","-107,000","40,000","344,000","56,000","84,000","137,000","75,000","75,000","65,000","-77,000","18,000","228,000","80,000","76,000","46,000","94,000","-297,000","113,000","112,000","92,000","98,000","84,000","85,000","68,000",,,,,,,,,,,,,,,,,,,
NetIncomeCommonStockholders,"199,486,000","49,448,000","44,908,000","49,160,000","55,745,000","64,172,000","50,952,000","17,813,000","76,470,000","24,861,000","45,667,000","82,345,000","45,690,000","51,182,000","47,533,000","45,003,000","40,143,000","46,168,000","86,070,000","42,490,000","23,007,000","8,425,000","24,189,000","19,563,000","26,443,000","30,872,000","29,017,000","23,655,000","20,205,000","21,993,000","19,335,000","20,740,000","14,641,000","16,142,000","11,513,000","14,757,000","13,487,000","12,168,000","18,792,000","19,194,000","17,245,000","16,472,000","21,720,000","12,735,000","15,166,000","11,607,000","15,048,000","13,087,000","10,526,000","8,056,000","24,860,000","14,517,000","14,543,000","4,146,000","3,590,000","6,621,000","3,815,000","7,798,000","10,141,000","10,690,000","11,006,000","7,434,000","9,659,000","7,751,000","2,998,000","7,135,000","7,157,000","7,292,000","6,041,000","6,326,000","6,531,000","5,991,000","10,351,000","7,280,000","581,000","0","-872,000"
	NetIncome,"200,108,000","49,559,000","45,644,000","49,160,000","55,745,000","64,397,000","51,339,000","17,813,000","76,470,000","24,861,000","45,667,000","82,345,000","45,690,000","51,182,000","47,533,000","45,003,000","40,143,000","46,168,000","86,070,000","42,071,000","41,335,000","25,563,000","30,921,000","34,785,000","39,120,000","42,758,000","40,519,000","34,485,000","30,401,000","31,803,000","28,668,000","29,680,000","23,034,000","24,143,000","18,998,000","21,885,000","20,167,000","18,399,000","20,318,000","24,493,000","23,162,000","21,979,000","27,071,000","16,744,000","19,013,000","15,169,000","18,473,000","16,259,000","13,435,000","10,702,000","27,644,000","16,539,000","16,392,000","5,439,000","7,133,000","6,621,000","3,815,000","7,798,000","10,141,000","10,690,000","11,006,000","7,434,000","9,659,000","7,751,000","2,998,000","7,135,000","7,157,000","7,292,000","6,041,000","6,326,000","6,531,000","5,991,000","10,351,000","7,280,000","1,460,000","354,000","-872,000"
		NetIncomeIncludingNoncontrollingInterests,"212,704,000","53,778,000","49,791,000","51,304,000","57,831,000","66,937,000","53,358,000","20,999,000","77,954,000","26,912,000","47,959,000","84,184,000","47,159,000","53,794,000","49,719,000","46,534,000","41,499,000","48,635,000","88,114,000","43,061,000","42,856,000","27,879,000","32,479,000","35,951,000","41,475,000","47,685,000","43,788,000","36,566,000","32,144,000","35,830,000","30,394,000","31,189,000","24,450,000","27,780,000","20,438,000","23,057,000","21,297,000","21,289,000","26,328,000","24,929,000","23,162,000","21,979,000","27,071,000","16,744,000","19,013,000","15,169,000","18,473,000","16,259,000","13,435,000","10,702,000","26,453,000","16,808,000","16,819,000","5,934,000","6,299,000","6,785,000","4,079,000","8,204,000","10,394,000","10,923,000","11,160,000","7,861,000","10,104,000","7,713,000","3,026,000","7,380,000","7,439,000","7,348,000","6,014,000","6,755,000","7,206,000","6,315,000","10,658,000","7,968,000","2,058,000","514,000","-872,000"
			NetIncomeContinuousOperations,"212,704,000","53,778,000","49,791,000","51,304,000","57,831,000","66,937,000","53,358,000","20,999,000","77,954,000","26,912,000","47,959,000","84,184,000","47,159,000","53,794,000","49,719,000","46,534,000","41,499,000","48,635,000","88,114,000","43,061,000","42,856,000","27,879,000","32,479,000","35,951,000","41,475,000","47,685,000","43,788,000","36,566,000","32,144,000","35,830,000","30,394,000","31,189,000","24,450,000","27,780,000","20,438,000","23,057,000","21,297,000","21,289,000","26,328,000","24,929,000","23,162,000","21,979,000","27,071,000","16,744,000","19,013,000","15,169,000","18,473,000","16,259,000","13,435,000","10,702,000","6,673,000","16,808,000","16,819,000","5,934,000","7,133,000","6,621,000","3,815,000","7,798,000","10,141,000","10,690,000","11,006,000","7,434,000","9,659,000","7,751,000","2,998,000","7,135,000","7,157,000","7,292,000","6,041,000","6,326,000","6,531,000","5,991,000","10,351,000","7,280,000","2,058,000","514,000","-872,000"
			NetIncomeDiscontinuousOperations,,,,,,,,,,,,,,,,,,,,,,,,,,,,,,,,,,,,,,,,,,,,,,,"0","0","0","0",,,,,,,,,,,,,,,,,,,,,,,,,,,
		MinorityInterests,"-12,596,000","-4,219,000","-4,147,000","-2,144,000","-2,086,000","-2,540,000","-2,019,000","-3,186,000","-1,484,000","-2,051,000","-2,292,000","-1,839,000","-1,469,000","-2,612,000","-2,186,000","-1,531,000","-1,356,000","-2,467,000","-2,044,000","-990,000","-1,521,000","-2,316,000","-1,558,000","-1,166,000","-2,355,000","-4,927,000","-3,269,000","-2,081,000","-1,743,000","-4,027,000","-1,726,000","-1,509,000","-1,416,000","-3,637,000","-1,440,000","-1,172,000","-1,130,000","-2,890,000","-1,811,000","-582,000",,,,,,,,,,,,"-269,000","-427,000","-495,000",,"-164,000","-264,000","-406,000","-253,000","-233,000","-154,000","-427,000","-445,000","38,000","-28,000","-245,000","-282,000","-56,000","27,000","-429,000","-675,000","-324,000","-307,000","-688,000","-598,000","-160,000","0"
	PreferredStockDividends,,,,,,,,,,,,,,,,,,,"0","-419,000","18,328,000","17,138,000","6,732,000","15,222,000","12,677,000","11,886,000","11,502,000","10,830,000","10,196,000","9,810,000","9,333,000","8,940,000","8,393,000","8,001,000","7,485,000","7,128,000","6,680,000","6,231,000","1,526,000","5,299,000","5,917,000","5,507,000","5,351,000","4,009,000","3,847,000","3,562,000","3,425,000","3,172,000","2,909,000","2,646,000","2,784,000","2,022,000","1,849,000","1,293,000",,,,,,,,,,,,,,,,,,,,,,,
	OtherunderPreferredStockDividend,"622,000","111,000",,,,"225,000",,,,,,,,,,,,,,,,,,,,,,,,,,,,,,,,,,,,,,,,,,,,,,,,,,,,,,,,,,,,,,,,,,,,,,"354,000",
DilutedNIAvailtoComStockholders,"199,486,000","49,448,000","44,908,000","49,160,000","55,745,000","64,172,000","50,952,000","17,813,000","76,470,000","24,861,000","45,667,000","82,345,000","45,690,000","51,182,000","47,533,000","45,003,000","40,143,000","46,168,000","86,070,000","42,490,000","23,007,000","8,425,000","24,189,000","19,563,000","26,443,000","30,872,000","29,017,000","23,655,000","20,205,000","21,993,000","19,335,000","20,740,000","14,641,000","16,142,000","11,513,000","14,757,000","13,487,000","12,168,000",,,,,,,"15,166,000","11,607,000","15,048,000","13,087,000","10,526,000","8,056,000","24,860,000","14,517,000","14,543,000","4,146,000","3,590,000","6,621,000","3,815,000","7,798,000","10,141,000","10,690,000","11,006,000","7,434,000","9,659,000","7,751,000","2,998,000","7,135,000","7,157,000","7,292,000","6,041,000","6,326,000","6,531,000","5,991,000","10,351,000","7,280,000","581,000","0","-872,000"
BasicEPS,,"0.45","0.43","0.46","0.53","0.61","0.49","0.17","0.73","0.24","0.43","0.78","0.43","0.49","0.45","0.43","0.38","0.44","0.96","0.66","0.36","0.13","0.4","0.33","0.45","0.52","0.49","0.4","0.34","0.37",,"0.35","0.25","0.27",,"0.25","0.23","0.21",,"0.34","0.315","0.3",,"0.29","0.345","0.265",,"0.295","0.24","0.18",,"0.39","0.41","0.125",,"0.175","0.09","0.215",,"0.305","0.32","0.215",,"0.225","0.085","0.21",,"0.22","0.2","0.215",,"0.17","0.739","0.255",,"0","-0.031"
DilutedEPS,,"0.45","0.43","0.46","0.53","0.61","0.49","0.17","0.73","0.24","0.43","0.78","0.43","0.49","0.45","0.43","0.38","0.44","0.96","0.66","0.36","0.13","0.4","0.33","0.45","0.52","0.49","0.4","0.34","0.37",,"0.35","0.25","0.27",,"0.25","0.23","0.21",,"0.34","0.315","0.3",,"0.29","0.345","0.265",,"0.295","0.24","0.18",,"0.39","0.41","0.125",,"0.175","0.09","0.215",,"0.305","0.32","0.215",,"0.225","0.085","0.21",,"0.22","0.2","0.215",,"0.17","0.739","0.255",,"0","-0.031"
BasicAverageShares,,"109,640,000","105,440,000","105,440,000","105,440,000","105,440,000","105,440,000","105,440,000","105,440,000","105,440,000","105,440,000","105,440,000","105,440,000","105,440,000","105,440,000","105,440,000","105,429,000","103,836,000","89,422,000","64,319,000","64,086,000","63,113,000","62,781,000","59,223,000","58,865,000","58,657,000","58,657,000","58,657,000","58,657,000","58,657,000",,"58,657,000","58,657,000","58,657,000",,"58,657,000","58,657,000","56,990,000",,"56,536,000","54,722,000","54,722,000",,"44,158,000","44,158,000","44,158,000",,"44,158,000","44,158,000","44,158,000",,"37,040,000","35,578,000","32,656,000",,"32,656,000","32,656,000","32,362,000",,"32,216,000","32,216,000","32,216,000",,"32,216,000","32,216,000","32,216,000",,"32,036,000","29,876,000","28,666,000",,"28,000,000","14,000,000","28,000,000",,"28,000,000","28,000,000"
DilutedAverageShares,,"109,640,000","105,440,000","105,440,000","105,440,000","105,440,000","105,440,000","105,440,000","105,440,000","105,440,000","105,440,000","105,440,000","105,440,000","105,440,000","105,440,000","105,440,000","105,429,000","103,836,000","89,422,000","64,319,000","64,086,000","63,113,000","62,781,000","59,223,000","58,865,000","58,657,000","58,657,000","58,657,000","58,657,000","58,657,000",,"58,657,000","58,657,000","58,657,000",,"58,657,000","58,657,000","56,990,000",,"56,536,000","54,722,000","54,722,000",,"44,158,000","44,158,000","44,158,000",,"44,158,000","44,158,000","44,158,000",,"37,040,000","35,578,000","32,656,000",,"32,656,000","32,656,000","32,362,000",,"32,216,000","32,216,000","32,216,000",,"32,216,000","32,216,000","32,216,000",,"32,036,000","29,876,000","28,666,000",,"28,000,000","14,000,000","28,000,000",,"28,000,000","28,000,000"
TotalOperatingIncomeAsReported,"210,823,000","51,074,000","49,316,000","54,116,000","56,317,000","46,751,000","62,689,000","23,553,000","52,501,000","66,193,000","65,241,000","64,136,000","63,914,000","70,534,000","65,971,000","62,923,000","56,946,000","64,418,000","67,199,000","51,736,000","52,486,000","51,734,000","44,109,000","46,472,000","49,070,000","55,446,000","51,627,000","44,295,000","40,431,000","43,806,000","38,343,000","38,925,000","32,033,000","45,453,000","30,826,000","34,173,000","32,520,000","31,047,000","38,453,000","36,729,000","34,150,000","34,224,000","36,281,000","24,834,000","27,288,000","23,218,000","26,230,000","24,172,000","22,484,000","17,863,000","11,039,000","22,626,000","20,845,000","13,748,000","15,235,000","10,998,000","9,369,000","11,950,000","13,744,000","14,205,000","14,385,000","10,737,000","13,239,000","10,801,000","6,028,000","10,312,000","10,336,000","10,185,000","8,234,000","7,785,000","7,546,000","6,600,000","10,621,000","8,370,000","1,519,000","479,000","-1,161,000"
TotalExpenses,"276,687,000","69,124,000","69,177,000","68,468,000","69,918,000","69,398,000","64,767,000","68,525,000","62,306,000","61,661,000","66,393,000","71,759,000","66,837,000","63,963,000","66,821,000","62,861,000","61,814,000","64,466,000","62,021,000","58,628,000","56,657,000","53,900,000","68,417,000","46,138,000","45,827,000","46,564,000","45,624,000","44,094,000","43,048,000","45,950,000","50,070,000","43,205,000","42,965,000","41,551,000","47,050,000","43,550,000","42,765,000","43,251,000","47,118,000","35,767,000","29,542,000","29,291,000","32,043,000","24,434,000","23,652,000","21,799,000","23,139,000","22,377,000","22,999,000","22,833,000","20,052,000","20,118,000","19,757,000","18,376,000","19,291,000","18,513,000","17,406,000","15,326,000","13,447,000","13,008,000","12,746,000","13,135,000","12,091,000","12,098,000","12,499,000","12,126,000","12,233,000","11,332,000","11,287,000","8,728,000","8,446,000","7,882,000","7,899,000","7,062,000","7,944,000","9,084,000","7,273,000"
NetIncomeFromContinuingAndDiscontinuedOperation,"200,108,000","49,559,000","45,644,000","49,160,000","55,745,000","64,397,000","51,339,000","17,813,000","76,470,000","24,861,000","45,667,000","82,345,000","45,690,000","51,182,000","47,533,000","45,003,000","40,143,000","46,168,000","86,070,000","42,071,000","41,335,000","25,563,000","30,921,000","34,785,000","39,120,000","42,758,000","40,519,000","34,485,000","30,401,000","31,803,000","28,668,000","29,680,000","23,034,000","24,143,000","18,998,000","21,885,000","20,167,000","18,399,000","20,318,000","24,493,000","23,162,000","21,979,000","27,071,000","16,744,000","19,013,000","15,169,000","18,473,000","16,259,000","13,435,000","10,702,000","27,644,000","16,539,000","16,392,000","5,439,000","7,133,000","6,621,000","3,815,000","7,798,000","10,141,000","10,690,000","11,006,000","7,434,000","9,659,000","7,751,000","2,998,000","7,135,000","7,157,000","7,292,000","6,041,000","6,326,000","6,531,000","5,991,000","10,351,000","7,280,000","1,460,000","354,000","-872,000"
NormalizedIncome,"194,303,709.491","49,458,058.187","45,508,950","49,103,790","50,305,539.562","50,286,799.534","42,657,274.305","53,408,366.662","42,185,152.539","50,235,114.364","45,338,034.297","47,049,577.956","45,608,970","51,491,792.681","47,496,500","44,965,031.821","40,195,964.264","46,082,144.754","49,746,040.25","41,978,000","41,246,262.964","37,668,971.342","30,349,320.114","34,673,189.715","39,124,993.499","42,758,000","40,145,041.904","34,485,000","30,401,000","31,803,000","28,668,000","29,680,000","23,034,000","31,799,329.564","19,032,450","22,043,724.64","20,167,000","16,382,304.849","20,318,000","24,493,000","23,543,763.825","24,566,171.67","27,062,021.558","16,731,000","19,013,000","15,180,822.303","18,473,000","16,259,000","13,435,000","10,708,939.052","7,862,700","16,539,000","16,327,429.981","7,900,832.061","7,143,850.92","5,626,615.66","3,815,000","7,762,311.213","10,141,000","10,690,000","11,005,350","7,240,950","9,659,000","7,751,000","2,998,000","7,135,000","7,157,000","7,292,000","6,041,000","6,326,000","6,531,000","5,991,000","10,351,000","7,280,000","1,072,400","354,000","-1,045,400"
InterestIncome,"36,024,000","12,647,000","9,928,000","6,835,000","6,614,000","6,548,000","2,787,000","2,803,000","2,813,000","2,218,000","2,195,000","2,243,000","551,000","528,000","527,000","540,000","526,000","515,000","185,000","101,000","103,000","102,000","108,000","108,000","112,000","112,000","142,000","381,000","3,000","0","0","0","0","3,000","51,000","3,000","4,000","103,000",,,,,"0","0","0","0","1,000","1,000","2,000","3,000","1,000","2,000","2,000","6,000",,,,,,,,,,,,,,,,,,,,,,,
InterestExpense,"54,217,000","13,639,000","13,223,000","13,417,000","13,938,000","13,240,000","13,774,000","14,104,000","13,779,000","17,767,000","19,764,000","18,807,000","19,230,000","19,022,000","18,650,000","18,042,000","17,626,000","17,581,000","17,089,000","14,072,000","13,748,000","13,539,000","16,294,000","14,447,000","11,276,000","10,334,000","10,108,000","9,486,000","9,056,000","8,768,000","8,733,000","8,585,000","8,329,000","10,454,000","11,081,000","11,816,000","11,629,000","11,635,000","10,967,000","12,540,000","11,324,000","10,405,000","9,858,000","8,828,000","8,724,000","8,549,000","8,491,000","8,417,000","9,549,000","7,544,000","5,276,000","6,418,000","4,404,000","5,403,000",,,,,,,,,,,,,,,,,,,,,,,
NetInterestIncome,"-18,193,000","-992,000","-3,295,000","-6,582,000","-7,324,000","-6,692,000","-10,987,000","-11,301,000","-10,966,000","-15,549,000","-17,569,000","-16,564,000","-18,679,000","-18,494,000","-18,123,000","-17,502,000","-17,100,000","-17,066,000","-16,904,000","-13,971,000","-13,645,000","-13,437,000","-16,186,000","-14,339,000","-11,164,000","-10,423,000","-9,966,000","-9,105,000","-9,053,000","-8,768,000","-8,733,000","-8,585,000","-8,329,000","-10,451,000","-11,030,000","-11,813,000","-11,625,000","-12,381,000","-12,913,000","-12,540,000","-11,324,000","-10,405,000","-9,858,000","-8,828,000","-8,724,000","-8,549,000","-8,490,000","-8,416,000","-9,547,000","-7,541,000","-5,275,000","-6,416,000","-4,402,000","-5,397,000",,,,,,,,,,,,,,,,,,,,,,,
EBIT,"266,947,000","67,448,000","62,986,000","64,717,000","71,796,000","80,214,000","67,189,000","35,137,000","91,772,000","44,716,000","67,728,000","103,021,000","66,359,000","72,852,000","68,246,000","64,615,000","59,153,000","66,298,000","105,288,000","57,064,000","56,731,000","41,524,000","48,848,000","50,459,000","52,805,000","58,114,000","54,018,000","46,121,000","41,136,000","44,699,000","39,217,000","39,816,000","32,807,000","38,309,000","31,412,000","34,913,000","33,270,000","32,980,000","37,379,000","37,606,000","34,561,000","32,459,000","36,994,000","25,495,000","27,755,000","23,946,000","27,044,000","24,752,000","23,030,000","18,340,000","11,652,000","23,339,000","21,335,000","11,429,000","15,148,000","10,998,000","9,369,000","11,950,000","13,744,000","14,205,000","14,385,000","10,737,000","13,239,000","10,801,000","6,028,000","10,312,000","10,336,000","10,185,000","8,234,000","7,785,000","7,546,000","6,600,000","10,621,000","8,370,000","1,519,000","479,000","-1,161,000"
EBITDA,"357,869,000"
ReconciledCostOfRevenue,"262,706,000","64,812,000","66,204,000","64,619,000","67,071,000","66,430,000","62,347,000","66,193,000","59,771,000","58,959,000","63,464,000","69,045,000","64,849,000","61,343,000","64,074,000","60,363,000","59,141,000","61,344,000","56,570,000","55,005,000","54,042,000","51,266,000","64,503,000","43,474,000","42,964,000","43,473,000","42,727,000","40,421,000","40,352,000","42,660,000","47,179,000","40,939,000","40,449,000","38,400,000","44,048,000","41,135,000","39,665,000","40,019,000","85,348,000","13,865,000","17,923,000","16,988,000","20,351,000","14,689,000","14,366,000","12,796,000","12,760,000","13,632,000","13,495,000","13,060,000","9,788,000","11,450,000","11,086,000","10,796,000","10,525,000","11,581,000","9,531,000","9,633,000","8,598,000","7,661,000","7,802,000","7,475,000","6,729,000","6,845,000","7,020,000","7,109,000","6,956,000","6,333,000","6,448,000","5,388,000","5,736,000","5,245,000","6,208,000","5,228,000","5,419,000","7,141,000","6,467,000"
ReconciledDepreciation,"90,922,000","22,187,000","21,906,000","21,826,000","25,003,000","25,065,000","24,376,000","26,190,000","25,034,000","23,978,000","24,513,000","24,121,000","24,247,000","23,824,000","24,375,000","24,367,000","24,608,000","25,142,000","21,549,000","19,007,000","19,945,000","18,777,000","22,648,000","15,520,000","15,709,000","16,551,000","16,769,000","16,326,000","15,063,000","14,694,000","15,213,000","15,483,000","15,882,000","15,588,000","16,693,000","19,449,000","15,127,000","14,154,000","17,562,000","20,503,000","9,132,000","10,264,000","10,064,000","7,733,000","7,713,000","7,640,000","8,644,000","7,237,000","7,591,000","7,210,000","7,668,000","6,820,000","6,853,000","6,256,000","6,630,000","5,336,000","6,516,000","4,407,000","3,797,000","3,918,000","3,669,000","4,373,000","4,198,000","4,076,000","4,190,000","3,793,000","4,272,000","3,924,000","3,849,000","2,363,000","1,738,000","1,749,000","1,691,000","1,834,000","2,525,000","1,943,000","806,000"
NetIncomeFromContinuingOperationNetMinorityInterest,"200,108,000","49,559,000","45,644,000","49,160,000","55,745,000","64,397,000","51,339,000","17,813,000","76,470,000","24,861,000","45,667,000","82,345,000","45,690,000","51,182,000","47,533,000","45,003,000","40,143,000","46,168,000","86,070,000","42,071,000","41,335,000","25,563,000","30,921,000","34,785,000","39,120,000","42,758,000","40,519,000","34,485,000","30,401,000","31,803,000","28,668,000","29,680,000","23,034,000","24,143,000","18,998,000","21,885,000","20,167,000","18,399,000","20,318,000","24,493,000","23,162,000","21,979,000","27,071,000","16,744,000","19,013,000","15,169,000","18,473,000","16,259,000","13,435,000","10,702,000","7,864,000","16,539,000","16,392,000","5,439,000","7,133,000","6,621,000","3,815,000","7,798,000","10,141,000","10,690,000","11,006,000","7,434,000","9,659,000","7,751,000","2,998,000","7,135,000","7,157,000","7,292,000","6,041,000","6,326,000","6,531,000","5,991,000","10,351,000","7,280,000","1,460,000","354,000","-872,000"
TotalUnusualItemsExcludingGoodwill,"5,805,000","101,000","185,000","77,000","5,442,000","14,118,000","8,691,000","-35,653,000","34,302,000","-25,409,000","329,000","35,308,000","111,000","-310,000","50,000","38,000","-53,000","86,000","36,359,000","155,000","89,000","-12,152,000","573,000","112,000","-5,000","0","375,000","0","0","0","0","0","0","-7,677,000","-53,000","-159,000","0","2,022,000","0",,"-383,000","-2,596,000","9,000","20,000",,"-12,000",,,,"-7,000","2,000",,"65,000","-2,500,000","-11,000","1,007,000",,"36,000","0",,"1,000","297,000",,,,,,,,,,,,,"646,000","0","289,000"
TotalUnusualItems,"5,805,000","101,000","185,000","77,000","5,442,000","14,118,000","8,691,000","-35,653,000","34,302,000","-25,409,000","329,000","35,308,000","111,000","-310,000","50,000","38,000","-53,000","86,000","36,359,000","155,000","89,000","-12,152,000","573,000","112,000","-5,000","0","375,000","0","0","0","0","0","0","-7,677,000","-53,000","-159,000","0","2,022,000","0",,"-383,000","-2,596,000","9,000","20,000",,"-12,000",,,,"-7,000","2,000",,"65,000","-2,500,000","-11,000","1,007,000",,"36,000","0",,"1,000","297,000",,,,,,,,,,,,,"646,000","0","289,000"
NormalizedEBITDA,"352,064,000","89,534,000","84,707,000","86,466,000","91,357,000","91,161,000","82,874,000","96,980,000","82,504,000","94,103,000","91,912,000","91,834,000","90,495,000","96,986,000","92,571,000","88,944,000","83,814,000","91,354,000","90,478,000","75,916,000","76,587,000","72,453,000","70,923,000","65,867,000","68,519,000","74,665,000","70,412,000","62,447,000","56,199,000","59,393,000","54,430,000","55,299,000","48,689,000","61,574,000","48,158,000","54,521,000","48,397,000","45,112,000","54,941,000","58,109,000","44,076,000","45,319,000","47,049,000","33,208,000","35,468,000","31,598,000","35,688,000","31,989,000","30,621,000","25,557,000","19,318,000","30,159,000","28,123,000","20,185,000","21,789,000","15,875,000","15,885,000","16,321,000","17,541,000","18,123,000","18,053,000","14,813,000","17,437,000","14,877,000","10,218,000","14,105,000","14,608,000","14,109,000","12,083,000","10,148,000","9,284,000","8,349,000","12,312,000","10,204,000","3,398,000","2,422,000","-644,000"
TaxRateForCalcs,"0","0.001","0.27","0.27","0","0.001","0.001","0.002","0.001","0.001","0","0","0.27","0.001","0.27","0.001","0.001","0.002","0.001","0.4","0.003","0.004","0.002","0.002","0.001","0.002","0.003","0.002","0.4","0.003","0.003","0.001","0.001","0.003","0.35","0.002","0.016","0.003","0.003","0.005","0.003","0.003","0.002","0.35","0.001","0.015","0.004","0.005","0.003","0.009","0.35","0.007","0.007","0.015","0.014","0.013","0.022","0.009","0.35","0.35","0.35","0.35","0.4","0.4","0.4","0.4","0.4","0.4","0.4","0.4","0.4","0.4","0.4","0.4","0.4","0.4","0.4"
TaxEffectOfUnusualItems,"709.491","58.187","49,950","20,790","2,539.562","7,799.534","9,274.305","-57,633.338","17,152.539","-34,885.636","34.297","12,577.956","29,970","-207.319","13,500","31.821","-35.736","144.754","35,040.25","62,000","262.964","-46,028.658","1,320.114","189.715","-6.501","0","1,041.904","0","0","0","0","0","0","-20,670.436","-18,550","-275.36","0","5,304.849","0","0","-1,236.175","-8,828.33","21.558","7,000","0","-177.697","0","0","0","-60.948","700","0","429.981","-38,167.939","-149.08","12,615.66","0","311.213","0","0","350","103,950","0","0","0","0","0","0","0","0","0","0","0","0","258,400","0","115,600"