name,ttm,03/31/2022,12/31/2021,09/30/2021,06/30/2021,03/31/2021,12/31/2020,09/30/2020,06/30/2020,03/31/2020,12/31/2019,09/30/2019,06/30/2019,03/31/2019,12/31/2018,09/30/2018,06/30/2018,03/31/2018,12/31/2017,09/30/2017,06/30/2017,03/31/2017,12/31/2016,09/30/2016,06/30/2016,03/31/2016,12/31/2015,09/30/2015,06/30/2015,03/31/2015,12/31/2014,09/30/2014,06/30/2014,03/31/2014,12/31/2013,09/30/2013,06/30/2013,03/31/2013,12/31/2012,09/30/2012,06/30/2012,03/31/2012,12/31/2011,09/30/2011,06/30/2011,03/31/2011,12/31/2010,09/30/2010,06/30/2010,03/31/2010,12/31/2009,09/30/2009,06/30/2009,03/31/2009,12/31/2008,09/30/2008,06/30/2008,03/31/2008,12/31/2007,09/30/2007,06/30/2007,03/31/2007,12/31/2006
TotalRevenue,"2,920,400,000","742,000,000","728,400,000","754,900,000","695,100,000","722,300,000","692,500,000","693,700,000","607,500,000","648,900,000","566,900,000","485,800,000","446,600,000","464,600,000","410,300,000","474,700,000","446,000,000","452,200,000","397,200,000","442,900,000","395,900,000","395,300,000","356,100,000","428,700,000","371,000,000","387,000,000","351,700,000","392,000,000","398,700,000","404,600,000","401,500,000","468,700,000","416,800,000","396,800,000","384,900,000","440,900,000","408,800,000","398,500,000","305,200,000","253,500,000","238,400,000","259,700,000","231,600,000","231,200,000","211,200,000","230,000,000","211,000,000","212,000,000","205,800,000","169,900,000","161,500,000","153,100,000","158,700,000","170,800,000","166,500,000","158,800,000","165,000,000","191,400,000","162,900,000","158,200,000","165,600,000","181,200,000","162,200,000"
	OperatingRevenue,"2,920,400,000","742,000,000","728,400,000","754,900,000","695,100,000","722,300,000","692,500,000","693,700,000","607,500,000","648,900,000","566,900,000","485,800,000","446,600,000","464,600,000","410,300,000","474,700,000","446,000,000","452,200,000","397,200,000","442,900,000","395,900,000","395,300,000","356,100,000","428,700,000","371,000,000","387,000,000","351,700,000","392,000,000","398,700,000","404,600,000","401,500,000","468,700,000","416,800,000","396,800,000","384,900,000","440,900,000","408,800,000","398,500,000","305,200,000","253,500,000","238,400,000","259,700,000","231,600,000","231,200,000","211,200,000","230,000,000","211,000,000","212,000,000","205,800,000","169,900,000","161,500,000","153,100,000","158,700,000","170,800,000","166,500,000","158,800,000","165,000,000","191,400,000","162,900,000","158,200,000","165,600,000","181,200,000","162,200,000"
CostOfRevenue,"1,972,600,000","498,700,000","491,100,000","513,600,000","469,200,000","476,400,000","448,300,000","453,200,000","400,200,000","455,200,000","395,100,000","319,100,000","298,200,000","303,700,000","263,300,000","310,500,000","282,300,000","283,500,000","250,900,000","278,600,000","243,500,000","246,700,000","230,100,000","272,500,000","227,500,000","244,300,000","223,500,000","247,500,000","259,800,000","256,000,000","263,100,000","302,600,000","267,500,000","254,000,000","253,900,000","296,000,000","273,700,000","261,900,000","194,600,000","153,400,000","147,600,000","155,400,000","137,900,000","140,500,000","125,100,000","128,100,000","119,800,000","123,300,000","130,200,000","92,900,000","89,500,000","88,800,000","92,700,000","96,500,000","127,600,000","94,800,000","98,600,000","108,200,000","96,000,000","95,300,000","98,700,000","101,200,000","93,400,000"
GrossProfit,"947,800,000","243,300,000","237,300,000","241,300,000","225,900,000","245,900,000","244,200,000","240,500,000","207,300,000","193,700,000","171,800,000","166,700,000","148,400,000","160,900,000","147,000,000","164,200,000","163,700,000","168,700,000","146,300,000","164,300,000","152,400,000","148,600,000","126,000,000","156,200,000","143,500,000","142,700,000","128,200,000","144,500,000","138,900,000","148,600,000","138,400,000","166,100,000","149,300,000","142,800,000","131,000,000","144,900,000","135,100,000","136,600,000","110,600,000","100,100,000","90,800,000","104,300,000","93,700,000","90,700,000","86,100,000","101,900,000","91,200,000","88,700,000","75,600,000","77,000,000","72,000,000","64,300,000","66,000,000","74,300,000","38,900,000","64,000,000","66,400,000","83,200,000","66,900,000","62,900,000","66,900,000","80,000,000","68,800,000"
OperatingExpense,"572,100,000","145,500,000","141,800,000","144,100,000","140,700,000","152,100,000","145,200,000","143,000,000","134,900,000","160,000,000","172,200,000","112,000,000","99,400,000","102,300,000","98,500,000","100,500,000","106,000,000","105,800,000","96,800,000","97,200,000","93,600,000","92,800,000","90,000,000","97,300,000","94,400,000","95,900,000","91,900,000","107,900,000","85,600,000","91,700,000","91,200,000","123,100,000","97,700,000","99,900,000","94,000,000","102,200,000","109,400,000","111,000,000","86,500,000","61,500,000","57,800,000","60,500,000","60,300,000","56,900,000","51,200,000","54,100,000","49,100,000","53,900,000","55,800,000","34,800,000","30,900,000","31,600,000","27,300,000","29,600,000",,"31,700,000","28,400,000","42,300,000","27,300,000","28,900,000","34,100,000","28,200,000","26,700,000"
	SellingGeneralAndAdministration,,,,,,,,,,,,,,,,,,,,,,,,,,,,,,,,,,,,,,,,"61,500,000","57,800,000","60,500,000","60,300,000","56,900,000","51,200,000","54,100,000","49,100,000",,,,,,,,,"31,700,000","28,400,000","42,300,000",,,,,
	DepreciationAmortizationDepletionIncomeStatement,"55,400,000","13,700,000","13,700,000","13,900,000","14,100,000","14,100,000","13,600,000","16,700,000","16,400,000","24,000,000","14,800,000","7,500,000","8,600,000","8,600,000","7,800,000","7,500,000","7,600,000","7,500,000","7,600,000","7,500,000","7,300,000","7,200,000","7,200,000","7,400,000","7,200,000","8,600,000","9,800,000",,,,,,,,,,,,,,,,,,,,,,,,,,,,,,,,,,,,
		DepreciationAndAmortizationInIncomeStatement,"55,400,000","13,700,000","13,700,000","13,900,000","14,100,000","14,100,000","13,600,000","16,700,000","16,400,000","24,000,000","14,800,000","7,500,000","8,600,000","8,600,000","7,800,000","7,500,000","7,600,000","7,500,000","7,600,000","7,500,000","7,300,000","7,200,000","7,200,000","7,400,000","7,200,000","8,600,000","9,800,000",,,,,,,,,,,,,,,,,,,,,,,,,,,,,,,,,,,,
			Amortization,"55,400,000","13,700,000","13,700,000","13,900,000","14,100,000","14,100,000","13,600,000","16,700,000","16,400,000","24,000,000","14,800,000","7,500,000","8,600,000","8,600,000","7,800,000","7,500,000","7,600,000","7,500,000","7,600,000","7,500,000","7,300,000","7,200,000","7,200,000","7,400,000","7,200,000","8,600,000","9,800,000",,,,,,,,,,,,,,,,,,,,,,,,,,,,,,,,,,,,
				AmortizationOfIntangiblesIncomeStatement,"55,400,000","13,700,000","13,700,000","13,900,000","14,100,000","14,100,000","13,600,000","16,700,000","16,400,000","24,000,000","14,800,000","7,500,000","8,600,000","8,600,000","7,800,000","7,500,000","7,600,000","7,500,000","7,600,000","7,500,000","7,300,000","7,200,000","7,200,000","7,400,000","7,200,000","8,600,000","9,800,000",,,,,,,,,,,,,,,,,,,,,,,,,,,,,,,,,,,,
	OtherOperatingExpenses,"516,700,000","131,800,000","128,100,000","130,200,000","126,600,000","138,000,000","131,600,000","126,300,000","118,500,000","136,000,000","157,400,000","104,500,000","90,800,000","93,700,000","90,700,000","93,000,000","98,400,000","98,300,000","89,200,000","89,700,000","86,300,000","85,600,000","82,800,000","89,900,000","87,200,000","87,300,000","82,100,000","62,100,000","85,600,000","91,700,000","91,200,000","123,100,000","97,700,000","99,900,000","94,000,000","102,200,000","109,400,000","111,000,000","86,500,000",,,,,,,,,,,,,,,,,,,,,,,,
OperatingIncome,"375,700,000","97,800,000","95,500,000","97,200,000","85,200,000","93,800,000","99,000,000","97,500,000","72,400,000","33,700,000","-400,000","54,700,000","49,000,000","58,600,000","48,500,000","63,700,000","57,700,000","62,900,000","49,500,000","67,100,000","58,800,000","55,800,000","36,000,000","58,900,000","49,100,000","46,800,000","36,300,000","36,600,000","53,300,000","56,900,000","47,200,000","43,000,000","51,600,000","42,900,000","37,000,000","42,700,000","25,700,000","25,600,000","24,100,000","38,600,000","33,000,000","43,800,000","33,400,000","33,800,000","34,900,000","47,800,000","42,100,000","34,800,000","19,800,000","42,200,000","41,100,000","32,700,000","38,700,000","44,700,000","38,900,000","32,300,000","38,000,000","40,900,000","39,600,000","34,000,000","32,800,000","51,800,000","42,100,000"
NetNonOperatingInterestIncomeExpense,"-67,600,000","-15,500,000","-17,000,000","-17,000,000","-18,100,000","-18,500,000","-20,600,000","-21,400,000","-19,100,000","-20,300,000","-13,400,000","-11,300,000","-5,200,000","-5,400,000","-5,500,000","-5,500,000","-5,500,000","-6,000,000","-6,300,000","-6,300,000","-6,500,000","-6,300,000","-6,100,000","-6,400,000","-6,600,000","-6,400,000","-5,900,000","-6,000,000","-5,700,000","-6,400,000","-5,700,000","-5,800,000","-5,600,000","-5,600,000","-6,300,000","-6,800,000","-5,900,000","-6,800,000","-4,500,000","-3,600,000","-3,000,000","-2,800,000","-2,900,000","9,100,000","-2,600,000","-2,900,000","0","200,000","1,900,000","2,700,000","3,200,000","3,100,000","2,900,000","2,900,000",,,,,"-400,000","400,000","1,000,000","400,000","-400,000"
	InterestIncomeNonOperating,"4,500,000","1,800,000","900,000","900,000","900,000","1,000,000","600,000","700,000","600,000","600,000","1,300,000",,,,,,,,,,,,,,,,,,,,,,,,,,,,,"0","0",,,,,,"2,800,000","2,900,000","2,900,000","3,000,000","3,400,000","3,400,000","3,200,000","3,300,000",,,,,,"400,000","1,000,000","400,000",
	InterestExpenseNonOperating,"72,100,000","17,300,000","17,900,000","17,900,000","19,000,000","19,500,000","21,200,000","22,100,000","19,700,000","20,900,000","14,700,000","11,300,000","5,200,000","5,400,000","5,500,000","5,500,000","5,500,000","6,000,000","6,300,000","6,300,000","6,500,000","6,300,000","6,100,000","6,400,000","6,600,000","6,400,000","5,900,000","6,000,000","5,700,000","6,400,000","5,700,000","5,800,000","5,600,000","5,600,000","6,300,000","6,800,000","5,900,000","6,800,000","4,500,000","3,600,000","3,000,000","2,800,000","2,900,000","2,700,000","2,600,000","2,900,000","2,800,000","2,700,000","1,000,000","300,000","200,000","300,000","300,000","400,000",,,,,,,"0","0",
	TotalOtherFinanceCost,,,,,,,,,,,,,,,,,,,,,,,,,,,,,,,,,,,,,,,,,,,,,,,,,,,,,,,,,,,"400,000",,,,"400,000"
OtherIncomeExpense,"-14,100,000","2,900,000","-5,100,000","-10,700,000","-1,200,000","34,100,000","30,600,000","-64,300,000",,"-83,800,000","600,000","-6,800,000","-500,000","100,000","500,000","1,800,000","-800,000","-64,600,000","-400,000","-1,200,000","-1,100,000","-600,000","-1,300,000","200,000","-300,000","-900,000","-700,000","-1,600,000","-1,300,000","-5,000,000",,"-1,000,000","100,000","9,700,000","-100,000","-700,000","-300,000","-300,000","900,000","-700,000","-100,000","-400,000","-700,000","-10,900,000","700,000","5,600,000","200,000","-2,100,000","900,000","1,400,000","300,000","300,000","-1,300,000","-4,600,000",,,"4,400,000","-100,000",,,,,
	GainOnSaleOfSecurity,"-600,000","600,000","-900,000","-100,000","-200,000",,"400,000","-1,000,000","300,000","1,800,000","100,000",,"-500,000","100,000","400,000","-300,000","-100,000",,"-300,000","-500,000","500,000","-600,000","-800,000","200,000",,"200,000","-100,000","-100,000","-200,000","-3,300,000","-800,000","-900,000",,"4,800,000","-300,000","-500,000","-200,000","300,000","800,000","0","-200,000",,,,,,"-300,000",,,,,,,,,,,,,,,,
	EarningsFromEquityInterest,,,,,,,,,,,,,"100,000",,"-100,000",,"-100,000",,"0","-200,000","-1,200,000","300,000","700,000","400,000","400,000","-100,000","-400,000","-100,000","-600,000","-1,700,000","300,000","200,000","0","2,900,000","-200,000","-500,000","-200,000","-400,000","-200,000","200,000","1,000,000",,,,,,"600,000",,,,,,,,,,,,,,,,
	SpecialIncomeCharges,"-12,900,000","0","-3,100,000","-9,900,000","100,000","34,100,000","31,600,000","-62,800,000","0","-85,500,000",,"0","0",,,"0",,"-63,400,000",,,,,,,,,,,,,,"0","0","0","0","0","200,000","0","800,000","-900,000","-900,000","-400,000","-700,000","-10,400,000","700,000","5,600,000","-100,000","-2,100,000","900,000","1,400,000","300,000","300,000","-1,300,000","-4,600,000",,,"4,400,000","-100,000",,,,,
		RestructuringAndMergernAcquisition,,,,,,,,,,,,,,,,,,,,,,,,,,,,,,,,"0","0","0","0","0","-200,000","0","-800,000",,,,,,,,,,,,,,,,,,,,,,,,
		ImpairmentOfCapitalAssets,,,,"11,200,000","0","0",,"62,300,000","0","82,500,000",,"0","0",,,"0",,"63,400,000",,,,,,,,,,,,,,,,,,,,,,,,,,,,,,,,,,,,,,,,,,,,,
		OtherSpecialCharges,,,,,,,,,,,,,,,,,,,,,,,,,,,,,,,,,,,,,,,,"900,000","900,000",,,,,,"100,000",,,,,,,,,,,,,,,,
		GainOnSaleOfBusiness,"-1,700,000","0","-3,100,000","1,300,000","100,000","34,100,000","31,600,000","-500,000",,"-3,000,000",,,,,,,,,,,,,,,,,,,,,,,,,,,,,,,"0",,,,,,"0",,,,,,,,,,,,,,,,
	OtherNonOperatingIncomeExpenses,"-600,000","2,300,000","-1,100,000","-700,000","-1,100,000",,"-1,400,000","-500,000","-300,000","-100,000","500,000","-6,800,000","-100,000",,"200,000","2,000,000","-600,000","-1,200,000","-100,000","-500,000","-400,000","-300,000","-1,200,000","-400,000","-700,000","-1,000,000","-200,000",,"-500,000",,"500,000","-300,000","100,000","2,000,000","400,000","300,000","-100,000","-200,000","-500,000",,,,,,,,,,,,,,,,,,,,,,,,
PretaxIncome,"294,000,000","85,200,000","73,400,000","69,500,000","65,900,000","109,400,000","109,000,000","11,800,000","53,300,000","-70,400,000","-13,200,000","36,600,000","43,300,000","53,300,000","43,500,000","60,000,000","51,400,000","-7,700,000","42,800,000","59,600,000","51,200,000","48,900,000","28,600,000","52,700,000","42,200,000","39,500,000","29,700,000","29,000,000","46,300,000","45,500,000","41,500,000","36,200,000","46,100,000","47,000,000","30,600,000","35,200,000","19,500,000","18,500,000","20,500,000","34,300,000","29,900,000","40,700,000","30,000,000","32,000,000","33,000,000","50,500,000","42,300,000","32,900,000","22,600,000","46,300,000","44,600,000","36,100,000","40,300,000","43,000,000","41,400,000","33,500,000","41,000,000","40,800,000","38,000,000","29,300,000","33,800,000","52,200,000","41,700,000"
TaxProvision,"89,600,000","29,400,000","23,300,000","12,500,000","24,400,000","30,400,000","31,300,000","17,200,000","28,300,000","1,800,000","-12,400,000","10,600,000","11,600,000","13,800,000","14,500,000","12,800,000","15,200,000","13,600,000","23,700,000","21,700,000","16,600,000","14,900,000","6,700,000","15,400,000","10,900,000","12,300,000","8,700,000","9,200,000","13,800,000","14,300,000","11,800,000","13,300,000","12,700,000","13,700,000","9,000,000","11,300,000","5,800,000","5,300,000","5,900,000","9,500,000","8,600,000","13,300,000","-1,300,000","8,500,000","10,500,000","17,500,000","15,200,000","12,800,000","9,300,000","16,900,000","15,100,000","13,500,000","14,900,000","15,200,000","14,900,000","14,300,000","14,300,000","17,500,000","14,000,000","10,700,000","12,300,000","18,900,000","15,600,000"
NetIncomeCommonStockholders,"198,700,000","54,300,000","49,000,000","55,000,000","40,400,000","78,100,000","76,400,000","-7,000,000","24,000,000","-74,000,000","-3,100,000","24,700,000","30,400,000","38,000,000","28,300,000","44,500,000","35,900,000","-21,900,000","18,100,000","38,200,000","32,900,000","33,400,000","21,700,000","36,000,000","30,700,000","26,100,000","20,000,000","19,100,000","32,100,000","30,700,000","29,500,000","23,600,000","32,800,000","33,000,000","20,300,000","23,100,000","13,300,000","12,700,000","14,300,000","24,800,000","21,300,000","27,400,000","31,300,000","23,500,000","22,500,000","33,000,000","27,100,000","20,100,000","13,300,000","29,400,000","29,500,000","22,600,000","25,400,000","27,800,000","26,500,000","19,200,000","26,700,000","23,300,000","24,000,000","18,600,000","21,500,000","33,300,000","26,100,000"
	NetIncome,"198,700,000","54,300,000","49,000,000","55,000,000","40,400,000","78,100,000","76,400,000","-7,000,000","24,000,000","-74,000,000","-3,100,000","24,700,000","30,400,000","38,000,000","28,300,000","44,500,000","35,900,000","-21,900,000","18,100,000","38,200,000","32,900,000","33,400,000","21,700,000","36,000,000","30,700,000","26,100,000","20,000,000","19,100,000","32,100,000","30,700,000","29,500,000","23,600,000","32,800,000","33,000,000","20,300,000","23,100,000","13,300,000","12,700,000","14,300,000","24,800,000","21,300,000","27,400,000","31,300,000","23,500,000","22,500,000","33,000,000","27,100,000","20,100,000","13,300,000","29,400,000","29,500,000","22,600,000","25,400,000","27,800,000","26,500,000","19,200,000","26,700,000","23,300,000","24,000,000","18,600,000","21,500,000","33,300,000","26,100,000"
		NetIncomeIncludingNoncontrollingInterests,"204,400,000","55,800,000","50,100,000","57,000,000","41,500,000","79,000,000","77,700,000","-5,400,000","25,000,000","-72,200,000","-800,000","26,000,000","31,700,000","39,500,000","29,000,000","47,200,000","36,200,000","-21,300,000","19,100,000","37,900,000","34,600,000","34,000,000","21,900,000","37,300,000","31,300,000","27,200,000","21,000,000","19,800,000","32,500,000","31,200,000","29,700,000","22,900,000","33,400,000","33,300,000","21,600,000","23,900,000","13,700,000","13,200,000","14,600,000","24,800,000","21,300,000","27,400,000","31,300,000","23,500,000","22,500,000","33,000,000","27,100,000","20,100,000","13,300,000","29,400,000","29,500,000","22,600,000","25,400,000","27,800,000","26,500,000","19,200,000","26,700,000","23,300,000","24,000,000","18,600,000","21,500,000","33,300,000","26,100,000"
			NetIncomeContinuousOperations,"204,400,000","55,800,000","50,100,000","57,000,000","41,500,000","79,000,000","77,700,000","-5,400,000","25,000,000","-72,200,000","-800,000","26,000,000","31,700,000","39,500,000","29,000,000","47,200,000","36,200,000","-21,300,000","19,100,000","37,900,000","34,600,000","34,000,000","21,900,000","37,300,000","31,300,000","27,200,000","21,000,000","19,800,000","32,500,000","31,200,000","29,700,000","22,900,000","33,400,000","33,300,000","21,600,000","23,900,000","13,700,000","13,200,000","14,600,000","24,800,000","21,300,000","27,400,000","31,300,000","23,500,000","22,500,000","33,000,000","27,100,000","20,100,000","13,300,000","29,400,000","29,500,000","22,600,000","25,400,000","27,800,000","26,500,000","19,200,000","26,700,000","23,300,000","24,000,000","18,600,000","21,500,000","33,300,000","26,100,000"
		MinorityInterests,"-5,700,000","-1,500,000","-1,100,000","-2,000,000","-1,100,000","-900,000","-1,300,000","-1,600,000","-1,000,000","-1,800,000","-2,300,000","-1,300,000","-1,300,000","-1,500,000","-700,000","-2,700,000","-300,000","-600,000","-1,000,000","300,000","-1,700,000","-600,000","-200,000","-1,300,000","-600,000","-1,100,000","-1,000,000","-700,000","-400,000","-500,000","-200,000","700,000","-600,000","-300,000","-1,300,000","-800,000","-400,000","-500,000","-300,000",,,,,,,,,,,,,,,,,,,,,,,,
DilutedNIAvailtoComStockholders,"198,700,000","54,300,000","49,000,000","55,000,000","40,400,000","78,100,000","76,400,000","-7,000,000","24,000,000","-74,000,000","-3,100,000","24,700,000","30,400,000","38,000,000","28,300,000","44,500,000","35,900,000","-21,900,000","18,100,000","38,200,000","32,900,000","33,400,000","21,700,000","36,000,000","30,700,000","26,100,000","20,000,000","19,100,000","32,100,000","30,700,000","29,500,000","23,600,000","32,800,000","33,000,000","20,300,000","23,100,000","13,300,000","12,700,000","14,300,000","24,800,000","21,300,000","27,400,000","31,300,000","23,500,000","22,500,000","33,000,000","27,100,000","20,100,000","13,300,000","29,400,000","29,500,000","22,600,000","25,400,000","27,800,000","26,500,000","19,200,000","26,700,000","23,300,000","24,000,000","18,600,000","21,500,000","33,300,000","26,100,000"
BasicEPS,,"0.74","0.67","0.75","0.54","1.04","1.01","-0.09","0.32","-0.99","-0.05","0.39","0.48","0.6","0.45","0.71","0.57","-0.34","0.28","0.6","0.52","0.52","0.34","0.57","0.49","0.41","0.32",,"0.51","0.49","0.47",,"0.52","0.52","0.32",,"0.21","0.2","0.23",,"0.34","0.44","0.5",,"0.36","0.53","0.44",,"0.22","0.47","0.48",,"0.41","0.45","0.43",,"0.42","0.37","0.384",,"0.34","0.53","0.418"
DilutedEPS,,"0.74","0.67","0.74","0.53","1.03","1.01","-0.09","0.32","-0.99","-0.05","0.39","0.48","0.6","0.45","0.7","0.56","-0.34","0.28","0.6","0.52","0.52","0.34","0.56","0.48","0.41","0.31",,"0.5","0.48","0.46",,"0.51","0.51","0.32",,"0.21","0.2","0.23",,"0.34","0.44","0.5",,"0.36","0.53","0.44",,"0.22","0.47","0.48",,"0.41","0.45","0.43",,"0.42","0.37","0.384",,"0.34","0.53","0.418"
BasicAverageShares,,"73,100,000","72,700,000","73,500,000","75,500,000","75,500,000","75,300,000","75,100,000","75,100,000","75,100,000","68,400,000","63,000,000","63,000,000","62,900,000","62,900,000","62,700,000","62,800,000","63,300,000","63,600,000","63,400,000","63,400,000","63,900,000","63,700,000","63,400,000","63,400,000","63,300,000","63,200,000",,"63,300,000","63,300,000","63,100,000",,"63,100,000","63,300,000","63,100,000",,"62,800,000","62,700,000","62,400,000",,"62,300,000","62,200,000","62,000,000",,"62,100,000","62,100,000","62,000,000",,"62,000,000","61,900,000","61,800,000",,"61,700,000","61,700,000","62,000,000",,"62,500,000","62,500,000","62,500,000",,"62,500,000","62,500,000","62,500,000"
DilutedAverageShares,,"73,700,000","73,500,000","74,200,000","76,200,000","76,200,000","75,500,000","75,100,000","75,100,000","75,100,000","68,400,000","63,200,000","63,400,000","63,400,000","63,500,000","63,600,000","63,500,000","63,300,000","64,100,000","63,900,000","63,900,000","64,400,000","64,100,000","64,000,000","63,900,000","63,800,000","63,800,000",,"63,900,000","63,900,000","63,900,000",,"63,700,000","63,900,000","63,700,000",,"63,200,000","63,100,000","62,600,000",,"62,500,000","62,600,000","62,000,000",,"62,100,000","62,100,000","62,000,000",,"62,000,000","61,900,000","61,800,000",,"61,700,000","61,700,000","62,000,000",,"62,500,000","62,500,000","62,500,000",,"62,500,000","62,500,000","62,500,000"
TotalExpenses,"2,544,700,000","644,200,000","632,900,000","657,700,000","609,900,000","628,500,000","593,500,000","596,200,000","535,100,000","615,200,000","567,300,000","431,100,000","397,600,000","406,000,000","361,800,000","411,000,000","388,300,000","389,300,000","347,700,000","375,800,000","337,100,000","339,500,000","320,100,000","369,800,000","321,900,000","340,200,000","315,400,000","355,400,000","345,400,000","347,700,000","354,300,000","425,700,000","365,200,000","353,900,000","347,900,000","398,200,000","383,100,000","372,900,000","281,100,000","214,900,000","205,400,000","215,900,000","198,200,000","197,400,000","176,300,000","182,200,000","168,900,000","177,200,000","186,000,000","127,700,000","120,400,000","120,400,000","120,000,000","126,100,000","127,600,000","126,500,000","127,000,000","150,500,000","123,300,000","124,200,000","132,800,000","129,400,000","120,100,000"
NetIncomeFromContinuingAndDiscontinuedOperation,"198,700,000","54,300,000","49,000,000","55,000,000","40,400,000","78,100,000","76,400,000","-7,000,000","24,000,000","-74,000,000","-3,100,000","24,700,000","30,400,000","38,000,000","28,300,000","44,500,000","35,900,000","-21,900,000","18,100,000","38,200,000","32,900,000","33,400,000","21,700,000","36,000,000","30,700,000","26,100,000","20,000,000","19,100,000","32,100,000","30,700,000","29,500,000","23,600,000","32,800,000","33,000,000","20,300,000","23,100,000","13,300,000","12,700,000","14,300,000","24,800,000","21,300,000","27,400,000","31,300,000","23,500,000","22,500,000","33,000,000","27,100,000","20,100,000","13,300,000","29,400,000","29,500,000","22,600,000","25,400,000","27,800,000","26,500,000","19,200,000","26,700,000","23,300,000","24,000,000","18,600,000","21,500,000","33,300,000","26,100,000"
NormalizedIncome,"208,085,714.286","53,907,042.254","51,732,000","63,201,438.849","40,463,000","53,479,800","53,584,000","39,574,000","23,781,000","-12,899,000","-3,173,000","24,700,000","30,766,000","37,925,900","28,033,200","44,736,000","35,970,400","24,382,000","18,280,000","38,517,953.02","32,562,000","33,817,000","22,312,800","35,858,444.023","30,700,000","25,962,200","20,070,700","19,168,275.862","32,240,400","32,963,800","30,072,800","24,169,337.017","32,800,000","29,596,800","20,511,800","23,439,488.636","13,300,000","12,485,800","13,160,800","25,450,728.863","22,083,612.04","27,669,287.469","31,755,000","31,504,687.5","22,022,727.273","29,340,594.059","27,356,264.775","21,382,978.723","12,715,000","28,511,015.119","29,301,569.507","22,412,188.366","26,219,354.839","30,773,953.488","26,500,000","19,200,000","23,834,634.146","23,365,000","24,000,000","18,600,000","21,500,000","33,300,000","26,100,000"
InterestIncome,"4,500,000","1,800,000","900,000","900,000","900,000","1,000,000","600,000","700,000","600,000","600,000","1,300,000",,,,,,,,,,,,,,,,,,,,,,,,,,,,,"0","0",,,,,,"2,800,000","2,900,000","2,900,000","3,000,000","3,400,000","3,400,000","3,200,000","3,300,000",,,,,,"400,000","1,000,000","400,000",
InterestExpense,"72,100,000","17,300,000","17,900,000","17,900,000","19,000,000","19,500,000","21,200,000","22,100,000","19,700,000","20,900,000","14,700,000","11,300,000","5,200,000","5,400,000","5,500,000","5,500,000","5,500,000","6,000,000","6,300,000","6,300,000","6,500,000","6,300,000","6,100,000","6,400,000","6,600,000","6,400,000","5,900,000","6,000,000","5,700,000","6,400,000","5,700,000","5,800,000","5,600,000","5,600,000","6,300,000","6,800,000","5,900,000","6,800,000","4,500,000","3,600,000","3,000,000","2,800,000","2,900,000","2,700,000","2,600,000","2,900,000","2,800,000","2,700,000","1,000,000","300,000","200,000","300,000","300,000","400,000",,,,,,,"0","0",
NetInterestIncome,"-67,600,000","-15,500,000","-17,000,000","-17,000,000","-18,100,000","-18,500,000","-20,600,000","-21,400,000","-19,100,000","-20,300,000","-13,400,000","-11,300,000","-5,200,000","-5,400,000","-5,500,000","-5,500,000","-5,500,000","-6,000,000","-6,300,000","-6,300,000","-6,500,000","-6,300,000","-6,100,000","-6,400,000","-6,600,000","-6,400,000","-5,900,000","-6,000,000","-5,700,000","-6,400,000","-5,700,000","-5,800,000","-5,600,000","-5,600,000","-6,300,000","-6,800,000","-5,900,000","-6,800,000","-4,500,000","-3,600,000","-3,000,000","-2,800,000","-2,900,000","9,100,000","-2,600,000","-2,900,000","0","200,000","1,900,000","2,700,000","3,200,000","3,100,000","2,900,000","2,900,000",,,,,"-400,000","400,000","1,000,000","400,000","-400,000"
EBIT,"366,100,000","102,500,000","91,300,000","87,400,000","84,900,000","128,900,000","130,200,000","33,900,000","73,000,000","-49,500,000","1,500,000","47,900,000","48,500,000","58,700,000","49,000,000","65,500,000","56,900,000","-1,700,000","49,100,000","65,900,000","57,700,000","55,200,000","34,700,000","59,100,000","48,800,000","45,900,000","35,600,000","35,000,000","52,000,000","51,900,000","47,200,000","42,000,000","51,700,000","52,600,000","36,900,000","42,000,000","25,400,000","25,300,000","25,000,000","37,900,000","32,900,000","43,500,000","32,900,000","34,700,000","35,600,000","53,400,000","45,100,000","35,600,000","23,600,000","46,600,000","44,800,000","36,400,000","40,600,000","43,400,000","38,900,000","32,300,000","38,000,000","40,900,000","39,600,000","33,000,000","33,800,000","52,200,000","42,100,000"
EBITDA,"478,500,000"
ReconciledCostOfRevenue,"1,915,600,000","485,400,000","476,900,000","498,700,000","454,600,000","462,200,000","432,600,000","437,700,000","382,700,000","440,600,000","384,000,000","312,400,000","291,700,000","297,200,000","257,000,000","303,500,000","275,700,000","277,000,000","244,700,000","271,600,000","237,300,000","240,300,000","222,300,000","265,700,000","220,400,000","237,000,000","217,300,000","247,500,000","259,800,000","256,000,000","263,100,000","302,600,000","267,500,000","254,000,000","253,900,000","296,000,000","273,700,000","261,900,000","194,600,000","153,400,000","147,600,000","155,400,000","137,900,000","140,500,000","125,100,000","128,100,000","119,800,000","123,300,000","130,200,000","92,900,000","89,500,000","88,800,000","92,700,000","96,500,000","127,600,000","94,800,000","98,600,000","108,200,000","96,000,000","95,300,000","98,700,000","101,200,000","93,400,000"
ReconciledDepreciation,"112,400,000","27,000,000","27,900,000","28,800,000","28,700,000","28,300,000","29,300,000","32,200,000","33,900,000","38,600,000","25,900,000","14,200,000","15,100,000","15,100,000","14,100,000","14,500,000","14,200,000","14,000,000","13,800,000","14,500,000","13,500,000","13,600,000","15,000,000","14,200,000","14,300,000","15,900,000","16,000,000","13,200,000","12,700,000","13,400,000","15,000,000","14,700,000","14,700,000","14,700,000","14,300,000","19,100,000","27,400,000","27,900,000","15,000,000","9,400,000","9,300,000","9,500,000","12,200,000","10,100,000","8,700,000","8,600,000","8,700,000","9,000,000","10,500,000","4,500,000","4,500,000","4,800,000","4,700,000","4,600,000","4,500,000","5,000,000","4,800,000","4,800,000","4,500,000","5,300,000","4,600,000","4,400,000","4,200,000"
NetIncomeFromContinuingOperationNetMinorityInterest,"198,700,000","54,300,000","49,000,000","55,000,000","40,400,000","78,100,000","76,400,000","-7,000,000","24,000,000","-74,000,000","-3,100,000","24,700,000","30,400,000","38,000,000","28,300,000","44,500,000","35,900,000","-21,900,000","18,100,000","38,200,000","32,900,000","33,400,000","21,700,000","36,000,000","30,700,000","26,100,000","20,000,000","19,100,000","32,100,000","30,700,000","29,500,000","23,600,000","32,800,000","33,000,000","20,300,000","23,100,000","13,300,000","12,700,000","14,300,000","24,800,000","21,300,000","27,400,000","31,300,000","23,500,000","22,500,000","33,000,000","27,100,000","20,100,000","13,300,000","29,400,000","29,500,000","22,600,000","25,400,000","27,800,000","26,500,000","19,200,000","26,700,000","23,300,000","24,000,000","18,600,000","21,500,000","33,300,000","26,100,000"
TotalUnusualItemsExcludingGoodwill,"-13,500,000","600,000","-4,000,000","-10,000,000","-100,000","34,100,000","32,000,000","-63,800,000","300,000","-83,700,000","100,000","0","-500,000","100,000","400,000","-300,000","-100,000","-63,400,000","-300,000","-500,000","500,000","-600,000","-800,000","200,000",,"200,000","-100,000","-100,000","-200,000","-3,300,000","-800,000","-900,000","0","4,800,000","-300,000","-500,000","0","300,000","1,600,000","-900,000","-1,100,000","-400,000","-700,000","-10,900,000","700,000","5,600,000","-400,000","-2,100,000","900,000","1,400,000","300,000","300,000","-1,300,000","-4,600,000",,,"4,400,000","-100,000",,,,,
TotalUnusualItems,"-13,500,000","600,000","-4,000,000","-10,000,000","-100,000","34,100,000","32,000,000","-63,800,000","300,000","-83,700,000","100,000","0","-500,000","100,000","400,000","-300,000","-100,000","-63,400,000","-300,000","-500,000","500,000","-600,000","-800,000","200,000",,"200,000","-100,000","-100,000","-200,000","-3,300,000","-800,000","-900,000","0","4,800,000","-300,000","-500,000","0","300,000","1,600,000","-900,000","-1,100,000","-400,000","-700,000","-10,900,000","700,000","5,600,000","-400,000","-2,100,000","900,000","1,400,000","300,000","300,000","-1,300,000","-4,600,000",,,"4,400,000","-100,000",,,,,
NormalizedEBITDA,"492,000,000","128,900,000","123,200,000","126,200,000","113,700,000","123,100,000","127,500,000","129,900,000","106,600,000","72,800,000","27,300,000","62,100,000","64,100,000","73,700,000","62,700,000","80,300,000","71,200,000","75,700,000","63,200,000","80,900,000","70,700,000","69,400,000","50,500,000","73,100,000","63,100,000","61,600,000","51,700,000","48,300,000","64,900,000","68,600,000","63,000,000","57,600,000","66,400,000","62,500,000","51,500,000","61,600,000","52,800,000","52,900,000","38,400,000","48,200,000","43,300,000","53,400,000","45,800,000","55,700,000","43,600,000","56,400,000","54,200,000","46,700,000","33,200,000","49,700,000","49,000,000","40,900,000","46,600,000","52,600,000","43,400,000","37,300,000","38,400,000","45,800,000","44,100,000","38,300,000","38,400,000","56,600,000","46,300,000"
TaxRateForCalcs,"0.305","0.345","0.317","0.18","0.37","0.278","0.287","0.27","0.27","0.27","0.27","0.29","0.268","0.259","0.333","0.213","0.296","0.27","0.4","0.364","0.324","0.305","0.234","0.292","0.258","0.311","0.293","0.317","0.298","0.314","0.284","0.367","0.275","0.291","0.294","0.321","0.298","0.286","0.288","0.277","0.288","0.327","0.35","0.266","0.318","0.347","0.359","0.389","0.35","0.365","0.339","0.374","0.37","0.353","0.36","0.35","0.349","0.35","0.368","0.365","0.364","0.362","0.374"
TaxEffectOfUnusualItems,"-4,114,285.714","207,042.254","-1,268,000","-1,798,561.151","-37,000","9,479,800","9,184,000","-17,226,000","81,000","-22,599,000","27,000","0","-134,000","25,900","133,200","-64,000","-29,600","-17,118,000","-120,000","-182,046.98","162,000","-183,000","-187,200","58,444.023","0","62,200","-29,300","-31,724.138","-59,600","-1,036,200","-227,200","-330,662.983","0","1,396,800","-88,200","-160,511.364","0","85,800","460,800","-249,271.137","-316,387.96","-130,712.531","-245,000","-2,895,312.5","222,727.273","1,940,594.059","-143,735.225","-817,021.277","315,000","511,015.119","101,569.507","112,188.366","-480,645.161","-1,626,046.512","0","0","1,534,634.146","-35,000","0","0","0","0","0"