name,ttm,03/31/2022,12/31/2021,09/30/2021,06/30/2021,03/31/2021,12/31/2020,09/30/2020,06/30/2020,03/31/2020,12/31/2019,09/30/2019,06/30/2019,03/31/2019,12/31/2018,09/30/2018,06/30/2018,03/31/2018,12/31/2017,09/30/2017,06/30/2017,03/31/2017,12/31/2016,09/30/2016,06/30/2016,03/31/2016,12/31/2015,09/30/2015,06/30/2015,03/31/2015,12/31/2014,09/30/2014,06/30/2014,03/31/2014,12/31/2013,09/30/2013,06/30/2013,03/31/2013,12/31/2012,09/30/2012,06/30/2012,03/31/2012,12/31/2011,09/30/2011,06/30/2011,03/31/2011,12/31/2010,09/30/2010,06/30/2010,03/31/2010,12/31/2009,09/30/2009,06/30/2009,03/31/2009,12/31/2008,09/30/2008,06/30/2008,03/31/2008,12/31/2007,09/30/2007,06/30/2007,03/31/2007,12/31/2006,09/30/2006,06/30/2006,03/31/2006,12/31/2005,09/30/2005,06/30/2005,03/31/2005,12/31/2004,09/30/2004,06/30/2004,03/31/2004,12/31/2003,09/30/2003,06/30/2003,03/31/2003,12/31/2002,09/30/2002,06/30/2002,03/31/2002,12/31/2001,09/30/2001,06/30/2001,03/31/2001,12/31/2000,09/30/2000,06/30/2000,03/31/2000,12/31/1999,09/30/1999,06/30/1999,03/31/1999,12/31/1998,09/30/1998,06/30/1998,03/31/1998,12/31/1997,09/30/1997,06/30/1997,03/31/1997,12/31/1996,09/30/1996,06/30/1996,03/31/1996,12/31/1995,09/30/1995,06/30/1995,03/31/1995,12/31/1994,09/30/1994,06/30/1994,03/31/1994,12/31/1993,09/30/1993,06/30/1993,03/31/1993,12/31/1992,09/30/1992,06/30/1992,03/31/1992,12/31/1991,09/30/1991,06/30/1991,03/31/1991,12/31/1990,09/30/1990,06/30/1990,03/31/1990,12/31/1989,09/30/1989,06/30/1989,03/31/1989,12/31/1988,09/30/1988,06/30/1988,03/31/1988,12/31/1987,09/30/1987,06/30/1987,03/31/1987,12/31/1986,09/30/1986,06/30/1986,03/31/1986,12/31/1985,09/30/1985
TotalRevenue,"783,120,000","186,499,000","185,078,000","193,560,000","217,983,000","210,852,000","188,890,000","199,703,000","166,355,000","136,925,000","224,945,000","161,532,000","134,172,000","152,617,000","136,520,000","143,649,000","147,259,000","139,709,000","160,113,000","140,839,000","134,279,000","142,544,000","164,245,000","179,393,000","171,302,000","131,017,000","115,337,000","104,941,000","104,197,000","119,092,000","121,985,000","135,507,000","117,502,000","125,787,000","114,180,000","106,629,000","85,330,000","76,450,000","81,100,000","81,871,000","67,019,000","91,153,000","102,867,000","120,543,000","117,860,000","136,364,000","134,460,000","115,847,000","88,631,000","79,875,000","88,036,000","95,181,000","74,610,000","54,721,000","27,508,000","64,525,000","63,995,000","45,960,000","60,149,000","49,228,000","60,100,000","53,145,000","70,272,000","50,414,000","56,941,000","39,790,000","30,044,000","30,428,000","25,255,000","24,434,000","28,746,000","33,718,000","31,712,000","36,650,000","31,630,000","28,079,000","30,203,000","26,441,000","25,864,000","27,790,000","28,663,000","23,383,000","21,768,000","22,501,000","24,561,000","16,417,000","-42,640,000","37,916,000","41,691,000","38,883,000","37,614,000","38,300,000","46,100,000","41,700,000","34,800,000","38,600,000","45,700,000","40,100,000","34,200,000","41,200,000","46,100,000","42,500,000","37,200,000","37,700,000","40,500,000","42,900,000","36,700,000","41,200,000","42,200,000","35,700,000","24,900,000","35,300,000","38,000,000","26,300,000","18,300,000","19,500,000","23,100,000","20,900,000","18,500,000","26,100,000","26,900,000","29,200,000","26,700,000","28,800,000","32,500,000","25,300,000","29,500,000","39,000,000","33,300,000","31,200,000","24,600,000","25,300,000","25,900,000","24,200,000","23,500,000","29,800,000","27,200,000","21,900,000","23,200,000","30,100,000","18,500,000","15,300,000","9,100,000","16,000,000","15,200,000","20,500,000","14,400,000","21,600,000"
	OperatingRevenue,"783,120,000","186,499,000","185,078,000","193,560,000","217,983,000","210,852,000","188,890,000","199,703,000","166,355,000","136,925,000","224,945,000","161,532,000","134,172,000","152,617,000","136,520,000","143,649,000","147,259,000","139,709,000","160,113,000","140,839,000","134,279,000","142,544,000","164,245,000","179,393,000","171,302,000","131,017,000","115,337,000","104,941,000","104,197,000","119,092,000","121,985,000","135,507,000","117,502,000","125,787,000","114,180,000","106,629,000","85,330,000","76,450,000","81,100,000","81,871,000","67,019,000","91,153,000","102,867,000","120,543,000","117,860,000","136,364,000","134,460,000","115,847,000","88,631,000","79,875,000","88,036,000","95,181,000","74,610,000","54,721,000","27,508,000","64,525,000","63,995,000","45,960,000","60,149,000","49,228,000","60,100,000","53,145,000","70,272,000","50,414,000","56,941,000","39,790,000","30,044,000","30,428,000","25,255,000","24,434,000","28,746,000","33,718,000","31,712,000","36,650,000","31,630,000","28,079,000","30,203,000","26,441,000","25,864,000","27,790,000","28,663,000","23,383,000","21,768,000","22,501,000","24,561,000","16,417,000","-42,640,000","37,916,000","41,691,000","38,883,000","37,614,000","38,300,000","46,100,000","41,700,000","34,800,000","38,600,000","45,700,000","40,100,000","34,200,000","41,200,000","46,100,000","42,500,000","37,200,000","37,700,000","40,500,000","42,900,000","36,700,000","41,200,000","42,200,000","35,700,000","24,900,000","35,300,000","38,000,000","26,300,000","18,300,000","19,500,000","23,100,000","20,900,000","18,500,000","26,100,000","26,900,000","29,200,000","26,700,000","28,800,000","32,500,000","25,300,000","29,500,000","39,000,000","33,300,000","31,200,000","24,600,000","25,300,000","25,900,000","24,200,000","23,500,000","29,800,000","27,200,000","21,900,000","23,200,000","30,100,000","18,500,000","15,300,000","9,100,000","16,000,000","15,200,000","20,500,000","14,400,000","21,600,000"
CostOfRevenue,"587,291,000","141,070,000","131,837,000","158,332,000","158,723,000","146,040,000","142,126,000","146,215,000","132,276,000","125,553,000","199,627,000","146,652,000","154,415,000","149,173,000","137,785,000","137,073,000","112,257,000","100,923,000","112,887,000","97,202,000","103,072,000","107,628,000","120,697,000","120,708,000","112,850,000","100,195,000","103,602,000","107,502,000","94,733,000","99,219,000","99,778,000","113,484,000","98,774,000","103,544,000","99,449,000","85,943,000","80,219,000","50,832,000","47,063,000","44,562,000","43,051,000","42,951,000","15,017,000","72,482,000","50,069,000","56,791,000","59,767,000","61,323,000","50,565,000","52,339,000","52,109,000","57,065,000","57,453,000","44,853,000","22,958,000","58,582,000","52,243,000","24,179,000","42,593,000","33,661,000","45,463,000","36,723,000","45,869,000","42,100,000","44,850,000","28,057,000","31,433,000","32,897,000","17,896,000","15,143,000","24,153,000","27,208,000","15,556,000","16,848,000","18,749,000","12,528,000","18,973,000","14,583,000","15,201,000","15,482,000","14,675,000","14,091,000","14,986,000","17,064,000","16,832,000","11,172,000","-41,257,000","33,017,000","36,787,000","34,541,000","28,876,000","32,000,000","36,100,000","31,300,000","27,600,000","31,300,000","37,600,000","31,300,000","28,500,000","30,000,000","34,200,000","33,900,000","30,300,000","30,000,000","33,100,000","33,600,000","27,800,000","32,400,000","35,300,000","30,200,000","24,400,000","25,200,000","30,000,000","24,700,000","16,500,000","16,300,000","19,500,000","18,800,000","18,000,000","20,500,000","21,600,000","23,100,000","16,900,000","21,300,000","25,500,000","19,000,000","25,700,000","28,900,000","24,700,000","21,100,000","20,000,000","18,900,000",,,,,,,,,,,,,,,,
GrossProfit,"195,829,000","45,429,000","53,241,000","35,228,000","59,260,000","64,812,000","46,764,000","53,488,000","34,079,000","11,372,000","25,318,000","14,880,000","-20,243,000","3,444,000","-1,265,000","6,576,000","35,002,000","38,786,000","47,226,000","43,637,000","31,207,000","34,916,000","43,548,000","58,685,000","58,452,000","30,822,000","11,735,000","-2,561,000","9,464,000","19,873,000","22,207,000","22,023,000","18,728,000","22,243,000","14,731,000","20,686,000","5,111,000","25,618,000","34,037,000","37,309,000","23,968,000","48,202,000","87,850,000","48,061,000","67,791,000","79,573,000","80,132,000","61,441,000","43,886,000","30,965,000","30,926,000","40,853,000","18,393,000","10,896,000","4,550,000","5,943,000","11,752,000","21,781,000","17,556,000","15,567,000","14,637,000","16,422,000","24,403,000","8,314,000","12,091,000","11,733,000","-1,389,000","-2,469,000","7,359,000","9,291,000","4,593,000","6,510,000","16,156,000","19,802,000","12,881,000","15,551,000","11,230,000","11,858,000","10,663,000","12,308,000","13,988,000","9,292,000","6,782,000","5,437,000","7,729,000","5,245,000","-1,383,000","4,899,000","4,904,000","4,342,000","8,738,000","6,300,000","10,000,000","10,400,000","7,200,000","7,300,000","8,100,000","8,800,000","5,700,000","11,200,000","11,900,000","8,600,000","6,900,000","7,700,000","7,400,000","9,300,000","8,900,000","8,800,000","6,900,000","5,500,000","500,000","10,100,000","8,000,000","1,600,000","1,800,000","3,200,000","3,600,000","2,100,000","500,000","5,600,000","5,300,000","6,100,000","9,800,000","7,500,000","7,000,000","6,300,000","3,800,000","10,100,000","8,600,000","10,100,000","4,600,000","6,400,000",,,,,,,,,,,,,,,,
OperatingExpense,"103,818,000","29,770,000","23,061,000","29,326,000","25,988,000","18,336,000","15,542,000","19,376,000","12,913,000","12,919,000","13,238,000","14,157,000","14,877,000","16,207,000","18,279,000","25,650,000","22,015,000","18,051,000","15,891,000","19,805,000","18,223,000","16,345,000","20,703,000","16,518,000","14,864,000","14,208,000","12,140,000","17,440,000","15,272,000","14,484,000","13,330,000","14,514,000","12,429,000","13,228,000","13,246,000","17,303,000","18,420,000","19,247,000","19,681,000","23,562,000","17,749,000","14,422,000","54,356,000","-949,000","12,659,000","9,817,000","213,722,000","12,061,000","12,085,000","8,506,000","18,458,000","8,301,000","7,188,000","-7,137,000","9,863,000","8,655,000","23,866,000","11,567,000","12,706,000","8,561,000","-53,949,000","8,212,000","21,723,000","13,011,000","9,070,000","8,531,000","10,109,000","11,137,000","9,935,000","12,232,000","11,062,000","18,139,000","6,421,000","12,167,000","3,897,000","27,756,000","6,154,000","9,104,000","4,978,000","3,282,000","9,267,000","8,012,000","4,023,000","2,176,000","8,443,000","7,064,000","6,545,000","7,329,000","11,361,000","8,711,000","15,421,000","35,200,000","8,100,000","9,600,000","13,300,000","7,800,000","7,300,000","7,400,000","9,500,000","9,600,000","9,400,000","8,600,000","9,400,000","47,500,000","5,300,000","8,400,000","4,800,000","16,900,000","9,300,000","9,100,000","6,900,000","9,600,000","7,700,000","9,700,000","7,800,000","5,600,000","5,300,000","6,100,000","49,200,000","7,900,000","7,700,000","7,900,000","12,000,000","11,400,000","12,900,000","8,500,000","7,900,000","9,900,000","8,700,000","6,500,000","12,000,000","9,400,000",,,,,,,,,,,,,,,,
	SellingGeneralAndAdministration,"34,857,000","8,294,000","6,585,000","8,874,000","11,104,000","8,007,000","7,930,000","11,713,000","6,979,000","8,939,000","8,977,000","7,978,000","8,918,000","9,959,000","8,693,000","10,327,000","9,787,000","7,735,000","6,567,000","9,529,000","10,309,000","9,206,000","13,312,000","11,155,000","10,359,000","10,214,000","7,724,000","9,461,000","8,296,000","8,720,000","7,554,000","7,884,000","8,159,000","7,941,000","6,784,000","7,720,000","7,482,000","6,939,000","5,530,000","5,695,000","5,527,000","4,501,000","3,732,000","5,559,000","4,550,000","4,699,000","7,067,000","5,144,000","6,265,000","5,077,000","6,491,000","5,570,000","5,951,000","-1,935,000","27,925,000","3,707,000","13,739,000","11,530,000","4,454,000","3,154,000","5,984,000","8,199,000","8,276,000","6,788,000","7,642,000","7,982,000","5,605,000","5,883,000","9,305,000","7,568,000","6,448,000","11,104,000","7,130,000","4,489,000","-29,517,000","27,687,000","2,345,000","4,172,000","-1,771,000","3,260,000","3,121,000","2,401,000","3,961,000","2,109,000","3,004,000","2,603,000","23,552,000","2,257,000","5,037,000","2,818,000","9,283,000","29,800,000","2,100,000","3,500,000","6,800,000","2,000,000","2,200,000","2,200,000","3,600,000","3,800,000","4,300,000","4,200,000","4,000,000","42,100,000","800,000","2,900,000","-200,000","9,800,000","3,300,000","3,400,000","3,000,000","5,400,000","4,400,000","6,900,000","5,300,000","3,100,000","2,500,000","2,900,000","45,700,000","4,500,000","4,000,000","4,200,000","8,200,000","4,100,000","7,600,000","4,500,000","3,600,000","4,800,000","3,600,000","2,800,000","7,700,000","4,500,000",,,,,,,,,,,,,,,,
		GeneralAndAdministrativeExpense,"34,857,000","8,294,000","6,585,000","8,874,000","11,104,000","8,007,000","7,930,000","11,713,000","6,979,000","8,939,000","8,977,000","7,978,000","8,918,000","9,959,000","8,693,000","10,327,000","9,787,000","7,735,000","6,567,000","9,529,000","10,309,000","9,206,000","13,312,000","11,155,000","10,359,000","10,214,000","7,724,000","9,461,000","8,296,000","8,720,000","7,554,000","7,884,000","8,159,000","7,941,000","6,784,000","7,720,000","7,482,000","6,939,000",,,,,,,,,"7,067,000","5,144,000","6,265,000","5,077,000","6,491,000","5,570,000","5,951,000","-1,935,000",,,,,,,,,,,,,,,,,,,,,,,,,,,,,,,,,,,,,,,,,,,,,,,,,,,,,,,,,,,,,,,,,,,,,,,,,,,,,,,,,,,,,,,,,,,,,,
			SalariesAndWages,,,,,,,,,,,,,,,,,,,,,,,,,,,,,,,,,,,,,,,,,,,,,,,"0","0","0","0","0","0","0","-8,950,000",,,,,,,,,,,,,,,,,,,,,,,,,,,,,,,,,,,,,,,,,,,,,,,,,,,,,,,,,,,,,,,,,,,,,,,,,,,,,,,,,,,,,,,,,,,,,,
			OtherGandA,"34,857,000","8,294,000","6,585,000","8,874,000","11,104,000","8,007,000","7,930,000","11,713,000","6,979,000","8,939,000","8,977,000","7,978,000","8,918,000","9,959,000","8,693,000","10,327,000","9,787,000","7,735,000","6,567,000","9,529,000","10,309,000","9,206,000","13,312,000","11,155,000","10,359,000","10,214,000","7,724,000","9,461,000","8,296,000","8,720,000","7,554,000","7,884,000","8,159,000","7,941,000","6,784,000","7,720,000","7,482,000","6,939,000",,,,,,,,,"7,067,000","5,144,000","6,265,000","5,077,000","6,491,000","5,570,000","5,951,000","7,015,000",,,,,,,,,,,,,,,,,,,,,,,,,,,,,,,,,,,,,,,,,,,,,,,,,,,,,,,,,,,,,,,,,,,,,,,,,,,,,,,,,,,,,,,,,,,,,,
	ResearchAndDevelopment,,,,"3,433,000","2,874,000","739,000","585,000","759,000","563,000","535,000","536,000","934,000","956,000","1,259,000","1,671,000","2,464,000","3,752,000","2,441,000","2,538,000","2,887,000","1,364,000","1,935,000","1,905,000","550,000","521,000","404,000","379,000","1,696,000","1,618,000","521,000","722,000","391,000","437,000","419,000","1,401,000","3,444,000","4,512,000","4,791,000","-18,809,000","17,131,000","10,617,000","8,977,000","29,653,000","1,752,000","5,839,000",,,,,,,,,,,,,,,,,,,,,,,,,,,,,,,,,,,,,,,,,,,,,,,,,,,,,,,,,,,,,,,,,,,,,,,,,,,,,,,,,,,,,,,,,,,,,,,,,,,,,,,
	DepreciationAmortizationDepletionIncomeStatement,,,,,,,,,,,,,,,,,,,,,,,,,,,,,,,,,,,,,,,,,,,,,,,,,,,,"15,986,000",,,,,"10,127,000","37,000","48,000","28,000","44,000","179,000","229,000","196,000","238,000","309,000","184,000","154,000","4,017,000","3,972,000","3,901,000","5,350,000","6,159,000","6,468,000","4,909,000","5,230,000","5,393,000","4,932,000","4,979,000","5,916,000","6,146,000","5,611,000","5,605,000","5,234,000","5,439,000","4,461,000","1,084,000","5,072,000","6,324,000","5,893,000","6,138,000","5,400,000","6,000,000","6,100,000","6,500,000","5,800,000","5,100,000","5,200,000","5,900,000","5,800,000","5,100,000","4,400,000","5,400,000","5,400,000","4,500,000","5,500,000","5,000,000","7,100,000","6,000,000","5,700,000","3,900,000","4,200,000","3,300,000","2,800,000","2,500,000","2,500,000","2,800,000","3,200,000","3,500,000","3,400,000","3,700,000","3,700,000","3,800,000","7,300,000","5,300,000","4,000,000","4,300,000","5,100,000","5,100,000","3,700,000","4,300,000","4,900,000",,,,,,,,,,,,,,,,
		DepreciationAndAmortizationInIncomeStatement,,,,,,,,,,,,,,,,,,,,,,,,,,,,,,,,,,,,,,,,,,,,,,,,,,,,,,,,,"10,127,000","37,000","48,000","28,000","44,000","179,000","229,000","196,000","238,000","309,000","184,000","154,000","4,017,000","3,972,000","3,901,000","5,350,000","6,159,000","6,468,000","4,909,000","5,230,000","5,393,000","4,932,000","4,979,000","5,916,000","6,146,000","5,611,000","5,605,000","5,234,000","5,439,000","4,461,000","1,084,000","5,072,000","6,324,000","5,893,000","6,138,000","5,400,000","6,000,000","6,100,000","6,500,000","5,800,000","5,100,000","5,200,000","5,900,000","5,800,000","5,100,000","4,400,000","5,400,000","5,400,000","4,500,000","5,500,000","5,000,000","7,100,000","6,000,000","5,700,000","3,900,000","4,200,000","3,300,000","2,800,000","2,500,000","2,500,000","2,800,000","3,200,000","3,500,000","3,400,000","3,700,000","3,700,000","3,800,000","7,300,000","5,300,000","4,000,000","4,300,000","5,100,000","5,100,000","3,700,000","4,300,000","4,900,000",,,,,,,,,,,,,,,,
	OtherOperatingExpenses,"67,074,000","15,271,000","23,522,000","17,019,000","12,010,000","9,590,000","7,027,000","6,904,000","5,371,000","3,445,000","3,725,000","5,245,000","5,003,000","4,989,000","7,915,000","12,859,000","8,476,000","7,875,000","6,786,000","7,389,000","6,550,000","5,204,000","5,486,000","4,813,000","3,984,000","3,590,000","4,037,000","6,283,000","5,358,000","5,243,000","5,054,000","6,239,000","3,833,000","4,868,000","5,061,000","6,139,000","6,426,000","7,517,000","32,960,000","736,000","1,605,000","944,000","20,971,000","-8,260,000","2,270,000","5,118,000","206,655,000","6,917,000","5,820,000","3,429,000","11,967,000","2,731,000","1,237,000","-5,202,000","-18,062,000","4,948,000",,,"7,177,000","5,379,000","-59,977,000","-166,000","13,218,000","6,027,000","1,190,000","240,000","4,320,000","5,100,000","-3,387,000","692,000","713,000","1,685,000","-6,868,000","1,210,000","28,505,000","-5,161,000","-1,584,000",,"1,770,000","-5,894,000",,,"-5,543,000","-5,167,000",,,,,,,,,,,,,,,,,,,,,,,,,,,,,,,,,,,,,,,,,,,,,,,,,,,,,,,,,,,,,,,,
OperatingIncome,"92,011,000","15,659,000","30,180,000","5,902,000","33,272,000","46,476,000","31,222,000","34,112,000","21,166,000","-1,547,000","12,080,000","723,000","-35,120,000","-12,763,000","-19,544,000","-19,074,000","12,987,000","20,735,000","31,335,000","23,832,000","12,984,000","18,571,000","22,845,000","42,167,000","43,588,000","16,614,000","-405,000","-20,001,000","-5,808,000","5,389,000","8,877,000","7,509,000","6,299,000","9,015,000","1,485,000","3,383,000","-13,309,000","6,371,000","14,356,000","13,747,000","6,219,000","33,780,000","33,494,000","49,010,000","55,132,000","69,756,000","-139,029,000","42,463,000","25,981,000","19,030,000","17,469,000","29,815,000","9,969,000","17,005,000","-5,313,000","-2,712,000","-12,114,000","10,214,000","4,850,000","7,006,000","68,586,000","8,210,000","2,680,000","-4,697,000","3,021,000","3,202,000","-11,498,000","-13,606,000","-2,576,000","-2,941,000","-6,469,000","-11,629,000","9,735,000","7,635,000","8,984,000","-12,205,000","5,076,000","2,754,000","5,685,000","9,026,000","4,721,000","1,280,000","2,759,000","3,261,000","-714,000","-1,819,000","-7,928,000","-2,430,000","-6,457,000","-4,369,000","-6,683,000","-28,900,000","1,900,000","800,000","-6,100,000","-500,000","800,000","1,400,000","-3,800,000","1,600,000","2,500,000","0","-2,500,000","-39,800,000","2,100,000","900,000","4,100,000","-8,100,000","-2,400,000","-3,600,000","-6,400,000","500,000","300,000","-8,100,000","-6,000,000","-2,400,000","-1,700,000","-4,000,000","-48,700,000","-2,300,000","-2,400,000","-1,800,000","-2,200,000","-3,900,000","-5,900,000","-2,200,000","-4,100,000","200,000","-100,000","3,600,000","-7,400,000","-3,000,000","25,900,000","24,200,000","-67,800,000","29,800,000","27,200,000","21,900,000","-51,500,000","30,100,000","18,500,000","15,300,000","-66,200,000","16,000,000","15,200,000","20,500,000","-76,400,000","21,600,000"
NetNonOperatingInterestIncomeExpense,"-41,607,000","-10,406,000","-10,461,000","-10,469,000","-10,271,000","-10,744,000","-10,650,000","-10,779,000","-11,829,000","-16,311,000","-14,670,000","-11,777,000","-11,335,000","-10,665,000","-10,925,000","-10,146,000","-9,971,000","-9,794,000","-9,082,000","-8,817,000","-10,224,000","-8,197,000","-4,980,000","-5,429,000","-5,257,000","-5,623,000","-5,296,000","-6,517,000","-6,506,000","-6,154,000","-6,390,000","-6,473,000","-6,865,000","-6,761,000","-6,521,000","-7,348,000","-5,769,000","-704,000","-842,000","-591,000","-473,000","-318,000","-487,000","-625,000","-1,391,000","-459,000","-510,000","-435,000","-513,000","-627,000","-346,000","-2,775,000","-2,614,000","-4,470,000",,,,,,,,,,,,,,,,,,,,,,,,,,,,,,,,,,,,,,,,,,,,,,,,,,,,,,,,,,,,,,,,,,,,,,,,,,,,,,,,,,,,,,,,,,,,,,
	InterestIncomeNonOperating,,,,,,,,,,,"-1,022,000",,,,"-613,000","-346,000","108,000",,"507,000","541,000","319,000","325,000","161,000","145,000","113,000","88,000","743,000","100,000","35,000","38,000","78,000","32,000","97,000","79,000","919,000","-829,000","685,000","-113,000",,,"32,000","149,000","0","0","105,000","18,000","-11,000","70,000","16,000","51,000","749,000","26,000","136,000","211,000",,,,,,,,,,,,,,,,,,,,,,,,,,,,,,,,,,,,,,,,,,,,,,,,,,,,,,,,,,,,,,,,,,,,,,,,,,,,,,,,,,,,,,,,,,,,,,
	InterestExpenseNonOperating,"41,607,000","10,406,000","10,461,000","10,469,000","10,271,000","10,744,000","10,650,000","10,779,000","11,829,000","16,311,000","14,670,000","11,777,000","11,335,000","10,665,000","10,925,000","10,146,000","10,079,000","9,794,000","9,589,000","9,358,000","10,543,000","8,522,000","5,141,000","5,574,000","5,370,000","5,711,000","6,039,000","6,617,000","6,541,000","6,192,000","6,468,000","6,505,000","6,962,000","6,840,000","7,183,000","7,348,000","6,454,000","704,000","864,000","591,000","505,000","467,000","487,000","625,000","1,496,000","477,000","499,000","505,000","529,000","678,000","1,095,000","2,801,000","2,750,000","4,681,000",,,,,,,,,,,,,,,,,,,,,,,,,,,,,,,,,,,,,,,,,,,,,,,,,,,,,,,,,,,,,,,,,,,,,,,,,,,,,,,,,,,,,,,,,,,,,,
OtherIncomeExpense,"-61,288,000","4,531,000","-33,489,000","-945,000","-27,058,000","-12,127,000","-20,839,000","-8,072,000","-22,739,000","-389,000","-9,478,000","-10,076,000","-11,256,000","-9,321,000","1,559,000","3,357,000","9,485,000","-1,933,000","-11,746,000","-19,004,000","-10,681,000","-12,611,000","7,222,000","-1,496,000","-2,719,000","-9,955,000","3,241,000","11,128,000","-14,485,000","14,756,000","10,240,000","2,820,000","-18,858,000","13,170,000","-5,745,000","-7,035,000","-12,575,000","12,842,000","-11,914,000","-14,027,000","-2,529,000","-13,575,000","-2,923,000","34,861,000","-782,000","-2,444,000","-3,835,000","-14,157,000","-2,128,000","-2,788,000","6,238,000","-496,000","-4,511,000","-876,000","1,710,000","-390,000","6,437,000","-1,904,000","31,735,000","-6,308,000","-33,805,000","-1,140,000","-2,996,000","-1,781,000","4,414,000","34,752,000","-202,000","-1,660,000","-492,000","-1,360,000",,"-1,290,000","783,000","-2,766,000","-31,127,000","-989,000","-752,000","-632,000","-7,740,000","-933,000","237,000","-364,000","1,002,000","-1,126,000","-435,000","-413,000","-61,513,000","-531,000","-19,061,000","-1,184,000","3,732,000","-8,600,000","-300,000","100,000","700,000","300,000","2,500,000","2,100,000","-200,000","400,000","1,800,000","1,200,000","3,500,000","3,200,000","800,000","700,000","94,100,000","-191,700,000","4,800,000","1,400,000","-18,300,000","800,000","2,000,000","3,600,000","2,700,000","2,300,000","300,000","100,000","-1,000,000","100,000","2,300,000","9,100,000","600,000","300,000","500,000","500,000","1,600,000","2,700,000","1,200,000","2,600,000",,"800,000",,,,,,,,,,,,,,,,
	GainOnSaleOfSecurity,"-27,509,000","3,927,000","-24,748,000","13,282,000","-19,970,000","-5,097,000","-14,281,000","-4,883,000","-10,798,000","13,551,000","-3,981,000","-3,144,000","-1,712,000","-4,836,000","7,083,000","15,005,000","18,716,000","6,909,000","-4,266,000","-16,114,000","-1,672,000","-9,911,000","8,545,000","2,431,000","-741,000","-8,914,000","4,882,000","12,324,000","-3,003,000","15,223,000","16,704,000","4,058,000","-17,591,000","14,274,000","-5,217,000","-4,564,000","6,738,000","21,539,000",,,,,,,,,,,,,,,,,,,,,,,,,,,,,,,,,,,,,,,,,,,,,,,,,,,,,,,,,,,,,,,,,,,,,,,,,,,,,,,,,,,,,,,,,,,,,,,,,,,,,,,,,,,,,,
	EarningsFromEquityInterest,,,,,,,,,,,,,,,,,,,,,,,,,,,,,,,,,,,,,,,,,,,,,,,,,,,,,"-3,018,000",,,,,,,,,,,,,,,,,,,,,,,,,,,,,,,,,,,,,,,,,,,,,,,,,,,,,,,,,,,,,,,,,,,,,,,,,,,,,,,,,,,,,,,,,,,,,,,
	SpecialIncomeCharges,"-34,862,000","-901,000","-8,359,000","-14,474,000","-6,810,000","-6,869,000","-1,944,000","-2,783,000","-11,292,000","-13,413,000","-4,475,000","-5,836,000","-8,357,000","-3,361,000","-4,911,000","-11,302,000","-9,231,000","-8,786,000","-7,480,000","-2,890,000","-9,009,000","-2,700,000","-1,323,000","-3,927,000","-1,978,000","-1,041,000","-1,641,000","-1,196,000","-11,482,000","-467,000","-6,464,000","-1,238,000","-1,267,000","-1,104,000","-785,000","-1,642,000","-19,313,000","-8,584,000","-1,457,000","-14,027,000","-2,529,000","-13,575,000","-2,923,000","34,861,000","-782,000","-2,444,000","-3,835,000","-14,157,000","-2,128,000","-2,788,000","2,168,000","-496,000","-4,511,000","-876,000","1,710,000","-390,000","6,437,000","-1,904,000","31,735,000","-6,308,000","-33,805,000","-1,140,000","-2,996,000","-1,781,000","4,414,000","34,752,000","-202,000","-1,660,000","-492,000","-1,360,000",,"-1,290,000","783,000","-2,766,000","-31,127,000","-989,000","-752,000","-632,000","-7,740,000","-933,000","237,000","-364,000","1,002,000","-1,126,000","-435,000","-413,000","-61,513,000","-531,000","-19,061,000","-1,184,000","3,732,000","-8,600,000","-300,000","100,000","700,000","300,000","2,500,000","2,100,000","-200,000","400,000","1,800,000","1,200,000","3,500,000","3,200,000","800,000","700,000","94,100,000","-191,700,000","4,800,000","1,400,000","-18,300,000","800,000","2,000,000","3,600,000","2,700,000","2,300,000","300,000","100,000","-1,000,000","100,000","2,300,000","9,100,000","600,000","300,000","500,000","500,000","1,600,000","2,700,000","1,200,000","2,600,000",,"800,000",,,,,,,,,,,,,,,,
		RestructuringAndMergernAcquisition,"11,763,000","901,000","2,274,000","7,564,000","1,024,000","3,709,000","1,129,000","1,256,000","1,043,000","521,000","1,213,000","2,090,000","1,449,000","583,000","1,974,000","7,991,000","2,430,000","3,769,000","1,682,000","2,940,000","985,000","1,119,000","1,470,000","3,927,000","1,978,000","1,041,000","1,237,000","1,196,000","11,482,000","467,000","6,489,000","1,238,000","1,267,000","1,104,000","860,000","1,701,000","22,153,000","7,086,000",,,,,,,,,,,,,,,,,,"896,000",,,,,,,,,,,,,,,,,,,,,,,,,,,,,,,,,,,,,,,,,,,,,,,,,,,,,,,,,,,,,,,,,,,,,,,,,,,,,,,,,,,,,,,,,,,,
		ImpairmentOfCapitalAssets,,,,,,,,,,,,,,,,,,,,,,,,,,,,,,,,,,,,,,,,,,,"140,000",,,,"0","0","739,000",,"0","0","3,018,000",,,,,,,,,,,,,,,,,,,,,,,,,,,,,,,,,,,,,,,,,,,,,,,,,,,,,,,,,,,,,,,,,,,,,,,,,,,,,,,,,,,,,,,,,,,,,,,
		OtherSpecialCharges,,,"5,998,000","6,910,000","5,786,000","3,160,000","802,000","1,541,000","9,572,000","12,996,000","3,285,000","3,722,000","2,266,000","2,778,000","2,356,000","6,519,000","6,801,000","5,017,000","6,916,000","4,780,000","8,024,000","1,581,000",,,,,,,,,,,,,"0","-59,000","-2,840,000","1,498,000",,,,,"2,779,000",,,,"3,835,000","14,157,000","1,389,000",,"-2,168,000","496,000","1,493,000",,,"-506,000",,,,,,,,,,,,,,,,,,,,,,,,,,,,,,,,,,,,,,,,,,,,,,,,,,,,,,,,,,,,,,,,,,,,,,,,,,,,,,,,,,,,,,,,,,,,
		GainOnSaleOfPPE,,,"-326,000",,,,"-13,000","14,000","-677,000","104,000","23,000","-24,000","-4,642,000",,"-581,000","3,208,000",,,"1,118,000","4,830,000",,,"-172,000",,,,,,,,,,,,"-1,000",,,,,,,,,,,,,,,,,,,,,,,,,,,,,,,,,,,,,,,,,,,,,,,,,,,,,,,,,,,,,,,,,,,,,,,,,,,,,,,,,,,,,,,,,,,,,,,,,,,,,,,,,,,,,,,,,
	OtherNonOperatingIncomeExpenses,"1,083,000","1,505,000","-382,000","247,000","-278,000","-161,000","-4,614,000","-406,000","-649,000","-527,000","-1,022,000","-1,096,000","-1,187,000","-1,124,000","-613,000","-346,000",,"-56,000",,,,,,,,,,,,,,,,,"-165,000","-829,000",,"-113,000",,,,,,,,,,,,,,,,,,,,,,,,,,,,,,,,,,,,,,,,,,,,,,,,,,,,,,,,,,,,,,,,,,,,,,,,,,,,,,,,,,,,,,,,,,,,,,,,,,,,,,,,,,,,,,
PretaxIncome,"-10,884,000","9,784,000","-13,770,000","-5,512,000","-4,057,000","23,605,000","-267,000","15,261,000","-13,402,000","-18,247,000","-12,068,000","-21,130,000","-57,711,000","-32,749,000","-28,910,000","-25,863,000","12,501,000","9,008,000","10,507,000","-3,989,000","-7,921,000","-2,237,000","25,087,000","35,242,000","35,612,000","1,036,000","-2,460,000","-15,390,000","-26,799,000","13,991,000","12,727,000","3,856,000","-19,424,000","15,424,000","-10,781,000","-11,000,000","-31,653,000","18,509,000","1,600,000","-871,000","3,217,000","19,887,000","30,084,000","83,246,000","52,959,000","66,853,000","-143,374,000","27,871,000","25,339,000","15,615,000","23,361,000","26,544,000","2,844,000","7,397,000","-28,291,000","-4,515,000","-10,050,000","11,616,000","1,438,000","11,303,000","22,394,000","8,932,000","11,576,000","1,383,000","9,473,000","39,389,000","-7,224,000","-8,527,000","-6,072,000","-2,878,000","-3,372,000","-10,868,000","3,850,000","7,046,000","1,466,000","-17,154,000","3,397,000","6,422,000","-323,000","2,129,000","5,170,000","970,000","-2,647,000","-2,037,000","-1,450,000","-3,610,000","-58,006,000","-3,569,000","-16,662,000","-6,597,000","-7,290,000","-33,900,000","2,400,000","0","-6,100,000",,"2,600,000","2,900,000","-4,500,000","1,500,000","3,700,000","600,000","700,000","-36,700,000",,,"1,200,000","-102,600,000","2,300,000","-2,400,000","-20,700,000","600,000","1,700,000","-5,600,000",,"-1,200,000","-1,900,000","-4,700,000","-51,300,000","-3,000,000","-1,300,000","6,100,000","-2,900,000","-5,200,000","-7,200,000","-3,100,000","-3,800,000","1,300,000","-400,000","5,200,000","-16,900,000",,,,,,,,,,,,,,,,,
TaxProvision,"-28,681,000","5,631,000","-25,645,000","-4,533,000","-4,842,000","4,634,000","-1,062,000","1,633,000","626,000","-1,062,000","-4,092,000","-1,614,000","-11,179,000","-7,216,000","-5,217,000","-2,679,000","427,000","768,000","38,256,000","-5,401,000","16,095,000","-29,071,000","4,825,000","9,453,000","11,496,000","1,654,000","60,503,000","-5,500,000","-132,000","1,439,000","-4,178,000","180,000","-5,025,000","3,783,000","-7,873,000","-2,542,000","-6,795,000","7,415,000","857,000","14,000","693,000","7,315,000","11,515,000","27,325,000","19,642,000","23,496,000","-133,638,000","8,080,000","8,255,000","-6,229,000","-8,708,000","598,000","345,000","84,000","8,371,000","-749,000","259,000","-3,866,000","-6,794,000","-1,182,000","-1,943,000","789,000","-8,936,000","382,000","258,000","995,000","0","68,000","173,000","418,000","398,000","424,000","1,102,000","866,000","-705,000","306,000","857,000","759,000","-3,086,000","56,000","112,000",,,,,,"-165,000","53,000","49,000","76,000","-485,000","100,000","100,000","100,000","-600,000",,"-400,000","100,000","500,000","600,000","600,000","100,000","600,000","100,000",,,"0","100,000","100,000","100,000","-200,000","-200,000","200,000","100,000",,"-100,000","100,000","100,000","-900,000","400,000","-100,000","300,000","-1,100,000","-500,000","-700,000","-400,000","-1,800,000","800,000","-2,400,000","600,000","-3,700,000",,,,,,,,,,,,,,,,,
NetIncomeCommonStockholders,"17,245,000","4,015,000","11,737,000","-1,117,000","647,000","18,833,000","657,000","13,490,000","-14,166,000","-17,323,000","-8,114,000","-19,654,000","-46,670,000","-25,671,000","-23,831,000","-23,322,000","11,936,000","8,102,000","-27,887,000","1,274,000","-24,154,000","26,696,000","20,124,000","25,651,000","23,978,000","-756,000","-63,101,000","-10,028,000","-26,805,000","12,414,000","16,767,000","3,538,000","-14,537,000","11,503,000","-3,046,000","-8,596,000","-24,996,000","10,956,000","605,000","-1,023,000","2,386,000","12,434,000","18,431,000","55,783,000","33,179,000","43,219,000","-13,144,000","16,383,000","13,675,000","18,436,000","28,661,000","22,538,000","-910,000","3,905,000","-28,623,000","-7,164,000","-44,388,000","12,074,000","7,622,000","12,347,000","24,199,000","8,005,000","20,374,000","863,000","9,077,000","38,256,000","-7,362,000","-8,733,000","-6,383,000","-3,434,000","-3,908,000","-11,430,000","2,610,000","-5,008,000","-8,006,000","-18,119,000","1,881,000","6,076,000","1,205,000","-17,035,000","2,742,000","-1,526,000","-5,196,000","-4,469,000","-3,730,000","7,523,000","-58,324,000","-5,635,000","-18,724,000","-9,332,000","-8,840,000","-36,000,000","300,000","-3,500,000","-7,600,000","-2,600,000","1,000,000","800,000","-7,100,000","-1,100,000","1,100,000","-1,500,000","-2,000,000","-38,800,000","800,000","-500,000","-900,000","-104,700,000","200,000","-4,500,000","-22,600,000","-1,200,000","-1,300,000","-7,700,000","-5,800,000","-3,200,000","-2,000,000","-4,800,000","-50,500,000","-3,400,000","-1,200,000","5,800,000","-1,800,000","-4,700,000","-6,500,000","-2,700,000","-2,000,000","500,000","2,000,000","4,600,000","-13,200,000","-3,500,000",,,,,,,,,,,,,,,,
	NetIncome,"17,797,000","4,153,000","11,875,000","-979,000","785,000","18,971,000","795,000","13,628,000","-14,028,000","-17,185,000","-7,976,000","-19,516,000","-46,532,000","-25,533,000","-23,693,000","-23,184,000","12,074,000","8,240,000","-27,749,000","1,412,000","-24,016,000","26,834,000","20,262,000","25,789,000","24,116,000","-618,000","-62,963,000","-9,890,000","-26,667,000","12,552,000","16,905,000","3,676,000","-14,399,000","11,641,000","-2,908,000","-8,458,000","-24,858,000","11,094,000","743,000","-885,000","2,524,000","12,572,000","18,569,000","55,921,000","33,317,000","43,357,000","-9,736,000","19,791,000","17,084,000","21,844,000","32,069,000","25,946,000","2,499,000","7,313,000","-25,215,000","-3,756,000","-40,979,000","15,482,000","8,232,000","12,485,000","24,337,000","8,143,000","20,512,000","1,001,000","9,215,000","38,394,000","-7,224,000","-8,595,000","-6,245,000","-3,296,000","-3,770,000","-11,292,000","2,748,000","6,180,000","2,171,000","-17,460,000","2,540,000","6,735,000","1,865,000","1,533,000","4,755,000","486,000","-3,184,000","-2,456,000","-1,717,000","9,535,000","-56,312,000","-3,622,000","-16,711,000","-7,320,000","-6,790,000","-34,000,000","2,300,000","-1,500,000","-5,500,000","-600,000","3,000,000","2,800,000","-5,000,000","900,000","3,100,000","500,000","100,000","-36,800,000","2,800,000","1,500,000","1,200,000","-102,700,000","2,200,000","-2,500,000","-20,500,000","800,000","700,000","-5,700,000","-3,800,000","-1,100,000","-2,000,000","-4,800,000","-50,500,000","-3,400,000","-1,200,000","5,800,000","-1,800,000","-4,700,000","-6,500,000","-2,700,000","-2,000,000","500,000","2,000,000","4,600,000","-13,200,000","-3,500,000",,,,,,,,,,,,,,,,
		NetIncomeIncludingNoncontrollingInterests,"17,797,000","4,153,000","11,875,000","-979,000","785,000","18,971,000","795,000","13,628,000","-14,028,000","-17,185,000","-7,976,000","-19,516,000","-46,532,000","-25,533,000","-23,693,000","-23,184,000","12,074,000","8,240,000","-27,749,000","1,412,000","-24,016,000","26,834,000","20,262,000","25,789,000","24,116,000","-618,000","-62,963,000","-9,890,000","-26,667,000","12,552,000","16,905,000","3,676,000","-14,399,000","11,641,000","-2,908,000","-8,458,000","-24,858,000","11,094,000","743,000","-885,000","2,524,000","12,572,000","18,569,000","55,921,000","33,317,000","43,357,000","-9,736,000","19,791,000","17,084,000","21,844,000","32,069,000","25,946,000","2,499,000","7,313,000","-25,215,000","-3,756,000","-40,979,000","15,482,000","8,232,000","12,485,000","24,337,000","8,143,000","20,512,000","1,001,000","9,215,000","38,394,000","-7,224,000","-8,595,000","-6,245,000","-3,296,000","-3,770,000","-11,292,000","2,748,000","6,180,000","2,171,000","-17,460,000","2,540,000","6,735,000","1,865,000","1,533,000","4,755,000","486,000","-3,184,000","-2,456,000","-1,717,000","9,535,000","-56,312,000","-3,622,000","-16,711,000","-7,320,000","-6,790,000","-34,000,000","2,300,000","-1,500,000","-5,500,000","-600,000","3,000,000","2,800,000","-5,000,000","900,000","3,100,000","500,000","100,000","-36,800,000","2,800,000","1,500,000","1,200,000","-102,700,000","2,200,000","-2,500,000","-20,500,000","800,000","700,000","-5,700,000","-3,800,000","-1,100,000","-2,000,000","-4,800,000","-50,600,000","-3,400,000","-1,200,000","5,800,000","-1,900,000","-4,800,000","-6,700,000","-2,700,000","-1,900,000","500,000","2,000,000","4,600,000","-13,200,000","-3,500,000","-3,200,000","-2,500,000","5,300,000","3,400,000","3,000,000","4,900,000","4,600,000","9,600,000","-400,000","-3,500,000","-14,400,000","-2,000,000","-3,000,000","-1,800,000","-4,500,000","800,000"
			NetIncomeContinuousOperations,"17,797,000","4,153,000","11,875,000","-979,000","785,000","18,971,000","795,000","13,628,000","-14,028,000","-17,185,000","-7,976,000","-19,516,000","-46,532,000","-25,533,000","-23,693,000","-23,184,000","12,074,000","8,240,000","-27,749,000","1,412,000","-24,016,000","26,834,000","20,262,000","25,789,000","24,116,000","-618,000","-62,963,000","-9,890,000","-26,667,000","12,552,000","16,905,000","3,676,000","-14,399,000","11,641,000","-2,908,000","-8,458,000","-24,858,000","11,094,000","743,000","-885,000","2,524,000","12,572,000","18,569,000","55,921,000","33,317,000","43,357,000","-9,736,000","19,791,000","17,084,000","21,844,000","32,069,000","25,946,000","2,499,000","7,313,000","-36,662,000","-3,766,000","-10,309,000","15,482,000","8,232,000","12,485,000","24,337,000","8,143,000","20,512,000","1,001,000","9,215,000","38,394,000","-7,224,000","-8,595,000","-6,245,000","-3,296,000","-3,770,000","-11,292,000","2,748,000","6,180,000","2,171,000","-17,460,000","2,540,000","5,663,000","2,763,000","2,073,000","5,058,000","970,000","-2,647,000","-2,037,000","-1,450,000","-3,610,000","-57,841,000","-3,622,000","-16,711,000","-6,673,000","-6,805,000","-34,000,000","2,300,000","-100,000","-5,500,000","-600,000","3,000,000","2,800,000","-5,000,000","900,000","3,100,000","500,000","100,000","-36,800,000","2,800,000","1,500,000","1,200,000","-102,700,000","2,200,000","-2,500,000","-20,500,000","800,000","1,500,000","-5,700,000","-3,800,000","-1,100,000","-2,000,000","-4,800,000","-50,400,000","-3,400,000","-1,200,000","5,800,000","-1,800,000","-4,700,000","-6,500,000","-2,700,000","-2,000,000","500,000","2,000,000","4,600,000","-13,200,000","-3,500,000","-3,200,000","-2,500,000","5,300,000","3,400,000","3,000,000","4,900,000","4,600,000","9,600,000","-400,000","-3,500,000","-14,400,000","-2,000,000","-3,000,000","-1,800,000","-9,200,000","800,000"
			NetIncomeDiscontinuousOperations,,,,,,,,,,,,,,,,,,,,,,,,,,,,,,,,,,,,,,,,,,,,,,,,,,,"0","0","0","0","11,447,000","10,000","-30,670,000",,,,,,,,,,,,,,,,,,,,,,"-898,000","-540,000","-303,000","-484,000","-537,000","-419,000","-267,000","13,145,000",,,,,,,,,,,,,,,,,,,,,,,,,,,,,,,,,,,,,,,,,,,,,,,,,,,,,,,,,,,,,,
			NetIncomeExtraordinary,,,,,,,,,,,,,,,,,,,,,,,,,,,,,,,,,,,,,,,,,,,,,,,,,,,,,,,,,,,,,,,,,,,,,,,,,,,"0",,,"1,072,000",,,,,,,,,,,,,,,,,,,,,,,,,,,,,,,,,,,,,,,,,,,,,,,,,,,,,,,,,,,,,,,,,,,,,,
			NetIncomeFromTaxLossCarryforward,,,,,,,,,,,,,,,,,,,,,,,,,,,,,,,,,,,,,,,,,,,,,,,,,,,,,,,,,,,,,,,,,,,,,,,,,,,,,,,,,,,,,,,"0",,,"-647,000","15,000",,,"-1,400,000",,,,,,,,,,,,,,,,,"0",,"-800,000",,,,,,,,,,,,,,,,,,,,,,,,,,,,,,,,,,,
		MinorityInterests,,,,,,,,,,,,,,,,,,,,,,,,,,,,,,,,,,,,,,,,,,,,,,,,,,,,,,,,,,,,,,,,,,,,,,,,,,,,,,,,,,,,,,,,,,,,,,,,,,,,,,,,,,,,,,,,,,,,,,,,,,,"100,000","100,000","200,000",,,,,,,,,,,,,,,,,,,,,,,
	PreferredStockDividends,"552,000","138,000","138,000","138,000","138,000","138,000","138,000","138,000","138,000","138,000","138,000","138,000","138,000","138,000","138,000","138,000","138,000","138,000","138,000","138,000","138,000","138,000","138,000","138,000","138,000","138,000","138,000","138,000","138,000","138,000","138,000","138,000","138,000","138,000","138,000","138,000","138,000","138,000","138,000","138,000","138,000","138,000","138,000","138,000","138,000","138,000","3,408,000","3,408,000","3,409,000","3,408,000","3,408,000","3,408,000","3,409,000","3,408,000","3,408,000","3,408,000","3,409,000","3,408,000","610,000","138,000","138,000","138,000","138,000","138,000","138,000","138,000","138,000","138,000","138,000","138,000","138,000","138,000","138,000","11,188,000","10,177,000","659,000","659,000","659,000","660,000","18,568,000","2,013,000","2,012,000","2,012,000","2,013,000","2,013,000","2,012,000","2,012,000","2,013,000","2,013,000","2,012,000","2,050,000","2,000,000","2,000,000","2,000,000","2,100,000","2,000,000","2,000,000","2,000,000","2,100,000","2,000,000","2,000,000","2,000,000","2,100,000","2,000,000","2,000,000","2,000,000","2,100,000","2,000,000","2,000,000","2,000,000","2,100,000","2,000,000","2,000,000","2,000,000","2,000,000","2,100,000",,,,,,,,,,,,,,,,,,,,,,,,,,,,,,,,
DilutedNIAvailtoComStockholders,"17,245,000","4,015,000","11,737,000","-1,117,000","647,000","18,833,000","657,000","13,490,000","-14,166,000","-17,323,000","-8,114,000","-19,654,000","-46,670,000","-25,671,000","-23,831,000","-23,322,000","11,936,000","8,102,000","-27,887,000","1,274,000","-24,154,000","26,696,000","20,124,000","25,651,000","23,978,000","-756,000","-63,101,000","-10,028,000","-26,805,000","12,414,000","16,767,000","3,538,000","-14,537,000","11,503,000","-3,046,000","-8,596,000","-24,996,000","10,956,000","605,000","-1,023,000","2,386,000","12,434,000","18,431,000","55,783,000","33,179,000","43,219,000","-13,144,000","16,383,000","13,675,000","18,436,000","28,661,000","22,538,000","-910,000","3,905,000","-28,623,000","-7,164,000","-44,388,000","12,074,000","7,622,000","12,347,000","24,199,000","8,005,000","20,374,000","863,000","9,077,000","38,256,000","-7,362,000","-8,733,000","-6,383,000","-3,434,000","-3,908,000","-11,430,000","2,610,000","-5,008,000","-8,006,000","-18,119,000","1,881,000","6,076,000","1,205,000","-17,035,000","2,742,000","-1,526,000","-5,196,000","-4,469,000","-3,730,000","7,523,000","-58,324,000","-5,635,000","-18,724,000","-9,332,000","-8,840,000","-36,000,000","300,000","-3,500,000","-7,600,000","-2,600,000","1,000,000","800,000","-7,100,000","-1,100,000","1,100,000","-1,500,000","-2,000,000","-38,800,000","800,000","-500,000","-900,000","-104,700,000","200,000","-4,500,000","-22,600,000","-1,200,000","-1,300,000","-7,700,000","-5,800,000","-3,200,000","-2,000,000","-4,800,000","-50,500,000","-3,400,000","-1,200,000","5,800,000","-1,800,000","-4,700,000","-6,500,000","-2,700,000","-2,000,000","500,000","2,000,000","4,600,000","-13,200,000","-3,500,000",,,,,,,,,,,,,,,,
BasicEPS,,"0.01","0","-0.002","0.001","0.04","0.001","0.03","-0.03","-0.03","-0.02","-0.04","-0.1","-0.05","-0.05","-0.05","0.03","0.02","-0.07","0.003","-0.06","0.07","0.05","0.07","0.06","-0.002",,"-0.03","-0.07","0.03",,"0.01","-0.04","0.03","-0.01","-0.03","-0.08","0.04",,"0","0.01","0.04","0.07","0.2","0.12","0.16",,"0.06","0.06","0.08",,"0.1","0","0.02",,"-0.05","-0.35","0.1",,"0.1","0.2","0.07",,"0.01","0.08","0.32",,"-0.07","-0.05","-0.03",,"-0.1","0.02","-0.04",,"-0.16","0.02","0.06",,"-0.2","0.04","-0.02",,"-0.06","-0.06","0.11",,"-0.08","-0.28","-0.14",,"-0.54","0.01","-0.06",,"-0.05","0.02","0.02",,"-0.02","0.02","-0.03",,"-0.76","0.02","-0.01",,"-2.17","0.01","-0.09",,"-0.03","-0.03","-0.19",,"-0.09","-0.06","-0.15",,"-0.11","-0.04","0.19",,"-0.15","-0.22","-0.1",,"0.02","0.07","0.17",,"-0.13","-0.12","-0.09",,"0.12","0.12","0.18",,"0.35","-0.01","-0.13",,"-0.07","-0.11","-0.07",,"0.03"
DilutedEPS,,"0.01","0","-0.002","0.001","0.03","0.001","0.03","-0.03","-0.03","-0.02","-0.04","-0.1","-0.05","-0.05","-0.05","0.03","0.02","-0.07","0.003","-0.06","0.07","0.05","0.07","0.06","-0.002",,"-0.03","-0.07","0.03",,"0.01","-0.04","0.03","-0.01","-0.03","-0.08","0.04",,"0","0.01","0.04","0.06","0.19","0.11","0.15",,"0.06","0.05","0.07",,"0.09","0","0.02",,"-0.05","-0.35","0.1",,"0.1","0.2","0.066",,"0.007","0.076","0.32",,"-0.07","-0.054","-0.03",,"-0.1","0.02","-0.043",,"-0.16","0.017","0.055",,"-0.2","0.04","-0.02",,"-0.06","-0.06","0.11",,"-0.08","-0.28","-0.14",,"-0.54","0.01","-0.06",,"-0.05","0.02","0.02",,"-0.02","0.02","-0.03",,"-0.76","0.02","-0.01",,"-2.17","0.01","-0.09",,"-0.03","-0.03","-0.19",,"-0.09","-0.06","-0.15",,"-0.11","-0.04","0.19",,"-0.15","-0.22","-0.1",,"0.02","0.07","0.17",,"-0.13","-0.12","-0.09",,"0.12","0.12","0.18",,"0.35","-0.01","-0.13",,"-0.07","-0.11","-0.07",,"0.03"
BasicAverageShares,,"538,490,000","538,124,000","536,966,000","535,531,000","534,101,000","530,998,000","529,838,000","525,243,000","523,215,000","502,902,000","489,971,000","486,065,000","482,829,000","480,572,000","452,636,000","400,619,000","399,322,000","399,133,000","398,848,000","396,178,000","395,370,000","395,229,000","387,578,000","383,790,000","379,022,000",,"377,508,000","371,295,000","368,789,000",,"359,472,000","344,216,000","342,666,000","342,649,000","342,638,000","303,566,000","285,171,000",,"285,492,000","285,312,000","285,292,000","280,819,000","279,541,000","279,347,000","278,448,000",,"256,095,000","248,549,000","242,039,000",,"236,379,000","222,417,000","198,966,000",,"136,148,000","126,341,000","122,350,000",,"120,440,000","120,307,000","119,951,000",,"119,483,000","119,266,000","118,756,000",,"118,484,000","118,429,000","118,381,000",,"118,285,000","118,262,000","117,318,000",,"110,221,000","109,427,000","109,320,000",,"86,031,000","75,010,000","73,840,000",,"70,946,000","66,839,000","66,798,000",,"66,798,000","66,788,000","66,782,000",,"66,666,667","58,333,333","58,333,333",,"52,000,000","50,000,000","40,000,000",,"55,000,000","55,000,000","50,000,000",,"51,052,632","40,000,000","50,000,000",,"48,248,848","50,000,000","50,000,000",,"40,000,000","43,333,333","40,526,316",,"35,555,556","33,333,333","32,000,000",,"30,909,091","30,000,000","30,526,316",,"31,333,333","29,545,455","27,000,000",,"25,000,000","28,571,429","27,058,824",,"26,923,077","27,004,000","27,004,000",,"27,002,000","27,002,000","27,002,000",,"26,970,000","26,970,000","26,970,000",,"26,970,000","26,971,000","26,971,000",,"26,972,000"
DilutedAverageShares,,"544,061,000","543,134,000","536,966,000","542,262,000","540,527,000","537,166,000","535,788,000","525,243,000","523,215,000","502,902,000","489,971,000","486,065,000","482,829,000","480,572,000","452,636,000","403,610,000","401,923,000","399,133,000","401,258,000","396,178,000","398,149,000","397,717,000","389,918,000","387,512,000","379,022,000",,"377,508,000","371,295,000","369,691,000",,"362,262,000","344,216,000","350,018,000","342,649,000","342,638,000","303,566,000","297,164,000",,"285,492,000","295,160,000","296,928,000","294,133,000","295,000,000","295,756,000","296,244,000",,"270,508,000","266,374,000","261,231,000",,"244,337,000","222,417,000","199,393,000",,"136,148,000","126,341,000","122,777,000",,"120,975,000","120,818,000","120,526,000",,"119,869,000","119,673,000","119,288,000",,"118,484,000","118,429,000","118,381,000",,"118,285,000","118,698,000","117,318,000",,"110,221,000","110,052,000","110,209,000",,"86,031,000","75,010,000","73,840,000",,"70,946,000","66,839,000","66,798,000",,"66,798,000","66,788,000","66,782,000",,"66,666,667","58,333,333","58,333,333",,"52,000,000","50,000,000","40,000,000",,"55,000,000","55,000,000","50,000,000",,"51,052,632","40,000,000","50,000,000",,"48,248,848","50,000,000","50,000,000",,"40,000,000","43,333,333","40,526,316",,"35,555,556","33,333,333","32,000,000",,"30,909,091","30,000,000","30,526,316",,"31,333,333","29,545,455","27,000,000",,"25,000,000","28,571,429","27,058,824",,"26,923,077","27,004,000","27,004,000",,"27,002,000","27,002,000","27,002,000",,"26,970,000","26,970,000","26,970,000",,"26,970,000","26,971,000","26,971,000",,"26,972,000"
TotalOperatingIncomeAsReported,"57,149,000","14,758,000","21,821,000","-8,572,000","26,462,000","38,449,000","25,338,000","31,329,000","9,874,000","-14,960,000","7,605,000","-5,113,000","-43,477,000","-16,124,000","-24,455,000","-30,376,000","3,756,000","11,949,000","23,855,000","20,942,000","3,975,000","15,871,000","21,522,000","38,240,000","41,610,000","15,573,000","-2,046,000","-21,197,000","-17,290,000","4,922,000","2,413,000","6,271,000","5,032,000","7,911,000","700,000","1,741,000","-32,622,000","-2,213,000","6,185,000","8,726,000","-2,481,000","25,436,000","31,630,000","43,489,000","53,791,000","68,735,000","-133,302,000","41,501,000","24,592,000","15,654,000","19,885,000","29,305,000","8,940,000","16,129,000","-21,292,000","1,846,000","-12,944,000","9,268,000","5,295,000","9,256,000","26,657,000","7,557,000","10,393,000","455,000","8,631,000","2,487,000","-7,279,000","-9,336,000","-6,455,000","-3,275,000","-4,040,000","-11,234,000","3,650,000","6,857,000","4,148,000","-17,366,000","3,492,000","2,674,000","732,000","3,132,000","4,721,000","1,171,000","-1,561,000","-2,138,000","-714,000","-1,819,000","-57,187,000","-2,430,000","-15,529,000","-4,369,000","-7,160,000","-33,000,000","1,900,000","800,000","-6,100,000","-500,000","800,000","1,400,000","-3,800,000","1,600,000","2,500,000",,"-2,500,000","-39,800,000","2,100,000","900,000","101,500,000","-105,500,000","-2,400,000","-3,600,000","-6,400,000","500,000","300,000","-8,100,000","-6,000,000","-2,400,000","-1,700,000","-4,000,000","-48,700,000","-2,300,000","-2,400,000","-1,800,000","-2,200,000","-3,900,000","-5,900,000","-2,200,000","-4,100,000","200,000","-100,000","3,600,000","-7,400,000","-3,000,000",,,,,,,,,,,,,,,,
TotalExpenses,"691,109,000","170,840,000","154,898,000","187,658,000","184,711,000","164,376,000","157,668,000","165,591,000","145,189,000","138,472,000","212,865,000","160,809,000","169,292,000","165,380,000","156,064,000","162,723,000","134,272,000","118,974,000","128,778,000","117,007,000","121,295,000","123,973,000","141,400,000","137,226,000","127,714,000","114,403,000","115,742,000","124,942,000","110,005,000","113,703,000","113,108,000","127,998,000","111,203,000","116,772,000","112,695,000","103,246,000","98,639,000","70,079,000","66,744,000","68,124,000","60,800,000","57,373,000","69,373,000","71,533,000","62,728,000","66,608,000","273,489,000","73,384,000","62,650,000","60,845,000","70,567,000","65,366,000","64,641,000","37,716,000","32,821,000","67,237,000","76,109,000","35,746,000","55,299,000","42,222,000","-8,486,000","44,935,000","67,592,000","55,111,000","53,920,000","36,588,000","41,542,000","44,034,000","27,831,000","27,375,000","35,215,000","45,347,000","21,977,000","29,015,000","22,646,000","40,284,000","25,127,000","23,687,000","20,179,000","18,764,000","23,942,000","22,103,000","19,009,000","19,240,000","25,275,000","18,236,000","-34,712,000","40,346,000","48,148,000","43,252,000","44,297,000","67,200,000","44,200,000","40,900,000","40,900,000","39,100,000","44,900,000","38,700,000","38,000,000","39,600,000","43,600,000","42,500,000","39,700,000","77,500,000","38,400,000","42,000,000","32,600,000","49,300,000","44,600,000","39,300,000","31,300,000","34,800,000","37,700,000","34,400,000","24,300,000","21,900,000","24,800,000","24,900,000","67,200,000","28,400,000","29,300,000","31,000,000","28,900,000","32,700,000","38,400,000","27,500,000","33,600,000","38,800,000","33,400,000","27,600,000","32,000,000","28,300,000",,,,,,,,,,,,,,,,
NetIncomeFromContinuingAndDiscontinuedOperation,"17,797,000","4,153,000","11,875,000","-979,000","785,000","18,971,000","795,000","13,628,000","-14,028,000","-17,185,000","-7,976,000","-19,516,000","-46,532,000","-25,533,000","-23,693,000","-23,184,000","12,074,000","8,240,000","-27,749,000","1,412,000","-24,016,000","26,834,000","20,262,000","25,789,000","24,116,000","-618,000","-62,963,000","-9,890,000","-26,667,000","12,552,000","16,905,000","3,676,000","-14,399,000","11,641,000","-2,908,000","-8,458,000","-24,858,000","11,094,000","743,000","-885,000","2,524,000","12,572,000","18,569,000","55,921,000","33,317,000","43,357,000","-9,736,000","19,791,000","17,084,000","21,844,000","32,069,000","25,946,000","2,499,000","7,313,000","-25,215,000","-3,756,000","-40,979,000","15,482,000","8,232,000","12,485,000","24,337,000","8,143,000","20,512,000","1,001,000","9,215,000","38,394,000","-7,224,000","-8,595,000","-6,245,000","-3,296,000","-3,770,000","-11,292,000","2,748,000","6,180,000","2,171,000","-17,460,000","2,540,000","5,663,000","1,865,000","1,533,000","4,755,000","486,000","-3,184,000","-2,456,000","-1,717,000","9,535,000","-56,312,000","-3,622,000","-16,711,000","-6,673,000","-6,805,000","-34,000,000","2,300,000","-100,000","-5,500,000","-600,000","3,000,000","2,800,000","-5,000,000","900,000","3,100,000","500,000","100,000","-36,800,000","2,800,000","1,500,000","1,200,000","-102,700,000","2,200,000","-2,500,000","-20,500,000","800,000","1,500,000","-5,700,000","-3,800,000","-1,100,000","-2,000,000","-4,800,000","-50,400,000","-3,400,000","-1,200,000","5,800,000","-1,800,000","-4,700,000","-6,500,000","-2,700,000","-2,000,000","500,000","2,000,000","4,600,000","-13,200,000","-3,500,000",,,,,,,,,,,,,,,,
NormalizedIncome,"55,219,600","2,337,400","36,043,110","-108,840","27,270,420","28,591,664","12,639,250","20,473,701.33","2,097,700","-17,314,968.214","-2,387,248.26","-11,221,930.904","-38,413,431.478","-19,142,148.34","-25,473,048.288","-26,503,427.445","2,912,981.681","9,956,971.581","-20,701,400","12,814,400","-17,607,400","34,400,600","14,429,012.237","26,883,726.292","25,957,272.717","5,355,000","-64,907,600","-17,041,131.904","-12,253,346.692","-728,400","10,249,000","987,639.004","-419,575.474","1,763,500","993,300","-3,686,150.182","-14,982,495.309","3,321,000","8,487,100","8,232,550","4,508,207.647","21,124,250","20,373,187.841","32,502,914.074","33,808,963.481","44,942,037.44","-7,243,250","29,843,785.584","18,518,735.072","23,656,200","28,014,300","26,430,825.799","6,462,779.536","8,179,052.183","-37,773,500","-3,440,697.674","-14,493,050","16,719,600","-12,395,750","16,585,200","46,310,250","9,182,299.149","22,309,600","2,290,067.968","4,921,216.616","4,519,865.394","-7,022,000","-7,599,000","-5,949,800","-2,480,000","-3,770,000","-10,518,000","2,189,121.039","8,606,040.307","20,847,200","-16,866,600","3,102,284.369","6,220,305.512","7,407,000","2,981,458.901","4,826,134.236","1,188,400","-3,649,000","-911,000","-1,015,000","-3,197,000","3,497,024.222","-3,303,400","-5,274,400","-5,962,600","-10,288,711.934","-28,840,000","2,587,500","-200,000","-6,131,147.541","-780,000","1,500,000","772,413.793","-4,880,000","660,000","1,591,891.892","-500,000","-2,000,000","-38,720,000","2,320,000","1,080,000","-92,900,000","12,320,000","-2,391,304.348","-3,340,000","-2,376,811.594","320,000","-264,705.882","-7,860,000","-5,420,000","-3,208,333.333","-2,180,000","-4,860,000","-49,417,543.86","-3,460,000","-3,323,076.923","-2,852,459.016","-2,172,413.793","-4,971,153.846","-6,951,388.889","-3,135,483.871","-2,960,000","-1,120,000","1,280,000","2,300,000","-13,200,000","-3,980,000",,,,,,,,,,,,,,,,
InterestIncome,,,,,,,,,,,"-1,022,000",,,,"-613,000","-346,000","108,000",,"507,000","541,000","319,000","325,000","161,000","145,000","113,000","88,000","743,000","100,000","35,000","38,000","78,000","32,000","97,000","79,000","919,000","-829,000","685,000","-113,000",,,"32,000","149,000","0","0","105,000","18,000","-11,000","70,000","16,000","51,000","749,000","26,000","136,000","211,000",,,,,,,,,,,,,,,,,,,,,,,,,,,,,,,,,,,,,,,,,,,,,,,,,,,,,,,,,,,,,,,,,,,,,,,,,,,,,,,,,,,,,,,,,,,,,,
InterestExpense,"41,607,000","10,406,000","10,461,000","10,469,000","10,271,000","10,744,000","10,650,000","10,779,000","11,829,000","16,311,000","14,670,000","11,777,000","11,335,000","10,665,000","10,925,000","10,146,000","10,079,000","9,794,000","9,589,000","9,358,000","10,543,000","8,522,000","5,141,000","5,574,000","5,370,000","5,711,000","6,039,000","6,617,000","6,541,000","6,192,000","6,468,000","6,505,000","6,962,000","6,840,000","7,183,000","7,348,000","6,454,000","704,000","864,000","591,000","505,000","467,000","487,000","625,000","1,496,000","477,000","499,000","505,000","529,000","678,000","1,095,000","2,801,000","2,750,000","4,681,000",,,,,,,,,,,,,,,,,,,,,,,,,,,,,,,,,,,,,,,,,,,,,,,,,,,,,,,,,,,,,,,,,,,,,,,,,,,,,,,,,,,,,,,,,,,,,,
NetInterestIncome,"-41,607,000","-10,406,000","-10,461,000","-10,469,000","-10,271,000","-10,744,000","-10,650,000","-10,779,000","-11,829,000","-16,311,000","-14,670,000","-11,777,000","-11,335,000","-10,665,000","-10,925,000","-10,146,000","-9,971,000","-9,794,000","-9,082,000","-8,817,000","-10,224,000","-8,197,000","-4,980,000","-5,429,000","-5,257,000","-5,623,000","-5,296,000","-6,517,000","-6,506,000","-6,154,000","-6,390,000","-6,473,000","-6,865,000","-6,761,000","-6,521,000","-7,348,000","-5,769,000","-704,000","-842,000","-591,000","-473,000","-318,000","-487,000","-625,000","-1,391,000","-459,000","-510,000","-435,000","-513,000","-627,000","-346,000","-2,775,000","-2,614,000","-4,470,000",,,,,,,,,,,,,,,,,,,,,,,,,,,,,,,,,,,,,,,,,,,,,,,,,,,,,,,,,,,,,,,,,,,,,,,,,,,,,,,,,,,,,,,,,,,,,,
EBIT,"30,723,000","20,190,000","-3,309,000","4,957,000","6,214,000","34,349,000","10,383,000","26,040,000","-1,573,000","-1,936,000","2,602,000","-9,353,000","-46,376,000","-22,084,000","-17,985,000","-15,717,000","22,580,000","18,802,000","20,096,000","5,369,000","2,622,000","6,285,000","30,228,000","40,816,000","40,982,000","6,747,000","3,579,000","-8,773,000","-20,258,000","20,183,000","19,195,000","10,361,000","-12,462,000","22,264,000","-3,598,000","-3,652,000","-25,199,000","19,213,000","2,464,000","-280,000","3,722,000","20,354,000","30,571,000","83,871,000","54,455,000","67,330,000","-142,875,000","28,376,000","25,868,000","16,293,000","24,456,000","29,345,000","5,594,000","12,078,000","-5,313,000","-2,712,000","-12,114,000","10,214,000","4,850,000","7,006,000","68,586,000","8,210,000","2,680,000","-4,697,000","3,021,000","3,202,000","-11,498,000","-13,606,000","-2,576,000","-2,941,000","-6,469,000","-11,629,000","9,735,000","7,635,000","8,984,000","-12,205,000","5,076,000","2,754,000","5,685,000","9,026,000","4,721,000","1,280,000","2,759,000","3,261,000","-714,000","-1,819,000","-7,928,000","-2,430,000","-6,457,000","-4,369,000","-6,683,000","-28,900,000","1,900,000","800,000","-6,100,000","-500,000","800,000","1,400,000","-3,800,000","1,600,000","2,500,000","0","-2,500,000","-39,800,000","2,100,000","900,000","4,100,000","-8,100,000","-2,400,000","-3,600,000","-6,400,000","500,000","300,000","-8,100,000","-6,000,000","-2,400,000","-1,700,000","-4,000,000","-48,700,000","-2,300,000","-2,400,000","-1,800,000","-2,200,000","-3,900,000","-5,900,000","-2,200,000","-4,100,000","200,000","-100,000","3,600,000","-7,400,000","-3,000,000","25,900,000","24,200,000","-67,800,000","29,800,000","27,200,000","21,900,000","-51,500,000","30,100,000","18,500,000","15,300,000","-66,200,000","16,000,000","15,200,000","20,500,000","-76,400,000","21,600,000"
EBITDA,"191,873,000"
ReconciledCostOfRevenue,"587,291,000","141,070,000","131,837,000","158,332,000","158,723,000","146,040,000","142,126,000","146,215,000","132,276,000","125,553,000","199,627,000","146,652,000","154,415,000","149,173,000","137,785,000","137,073,000","112,257,000","100,923,000","112,887,000","97,202,000","103,072,000","107,628,000","120,697,000","120,708,000","112,850,000","100,195,000","103,602,000","107,502,000","94,733,000","99,219,000","99,778,000","113,484,000","98,774,000","103,544,000","99,449,000","85,943,000","80,219,000","50,832,000","47,063,000","44,562,000","43,051,000","42,951,000","15,017,000","72,482,000","50,069,000","56,791,000","59,767,000","61,323,000","50,565,000","52,339,000","52,109,000","57,065,000","57,453,000","44,853,000","22,958,000","58,582,000","53,710,000","18,157,000","37,009,000","27,711,000","37,954,000","28,886,000","34,091,000","31,754,000","36,326,000","19,910,000","24,253,000","27,320,000","17,897,000","15,143,000","24,153,000","27,462,000","15,302,000","16,848,000","18,749,000","12,529,000","18,974,000","14,583,000","15,201,000","15,481,000","14,676,000","14,091,000","14,986,000","17,064,000","16,831,000","11,172,000","-41,257,000","33,017,000","36,787,000","34,541,000","28,876,000","31,900,000","36,100,000","31,300,000","27,600,000","31,400,000","37,500,000","31,300,000","28,500,000","30,000,000","34,100,000","33,900,000","30,300,000","30,100,000","33,000,000","33,600,000","27,800,000","32,400,000","35,300,000","30,200,000","24,400,000","25,100,000","29,500,000","24,700,000","16,500,000","16,400,000","19,400,000","18,800,000","18,000,000","20,500,000","21,600,000","23,100,000","16,900,000","22,400,000","22,900,000","19,000,000","25,700,000","28,800,000","24,600,000","21,100,000","20,000,000","18,900,000",,,,,,,,,,,,,,,,
ReconciledDepreciation,"161,150,000","35,456,000","32,851,000","41,679,000","48,575,000","49,546,000","37,115,000","42,726,000","42,555,000","41,630,000","61,435,000","52,219,000","50,554,000","40,267,000","32,091,000","45,962,000","33,362,000","29,490,000","34,296,000","30,726,000","27,318,000","29,590,000","33,513,000","26,932,000","30,815,000","26,153,000","31,110,000","28,509,000","27,443,000","25,523,000","31,057,000","27,071,000","27,991,000","26,054,000","27,087,000","20,445,000","20,123,000","14,711,000","14,071,000","13,243,000","11,530,000","11,269,000","12,579,000","11,172,000","11,270,000","12,327,000","15,425,000","15,013,000","15,070,000","16,107,000","17,125,000","16,179,000","15,927,000","15,218,000","15,850,000","12,633,000","8,660,000","6,059,000","5,632,000","5,978,000","7,553,000","8,016,000","12,007,000","10,542,000","8,762,000","8,456,000","7,364,000","5,731,000","4,016,000","3,972,000","3,901,000","5,096,000","6,413,000","6,468,000","4,909,000","5,229,000","5,392,000","4,932,000","4,979,000","5,917,000","6,145,000","5,611,000","5,605,000","5,234,000","5,440,000","4,461,000","5,074,000","5,072,000","6,324,000","5,893,000","6,138,000","5,500,000","6,000,000","6,100,000","6,500,000","5,700,000","5,200,000","5,200,000","5,900,000","5,800,000","5,200,000","4,400,000","5,400,000","5,300,000","4,600,000","5,500,000","5,000,000","7,100,000","6,000,000","5,700,000","3,900,000","4,300,000","3,800,000","2,800,000","2,500,000","2,400,000","2,900,000","3,200,000","3,500,000","3,400,000","3,700,000","3,700,000","3,800,000","6,200,000","7,900,000","4,000,000","4,300,000","5,200,000","5,200,000","3,700,000","4,300,000","4,900,000",,,,,,,,,,,,,,,,
NetIncomeFromContinuingOperationNetMinorityInterest,"17,797,000","4,153,000","11,875,000","-979,000","785,000","18,971,000","795,000","13,628,000","-14,028,000","-17,185,000","-7,976,000","-19,516,000","-46,532,000","-25,533,000","-23,693,000","-23,184,000","12,074,000","8,240,000","-27,749,000","1,412,000","-24,016,000","26,834,000","20,262,000","25,789,000","24,116,000","-618,000","-62,963,000","-9,890,000","-26,667,000","12,552,000","16,905,000","3,676,000","-14,399,000","11,641,000","-2,908,000","-8,458,000","-24,858,000","11,094,000","743,000","-885,000","2,524,000","12,572,000","18,569,000","55,921,000","33,317,000","43,357,000","-9,736,000","19,791,000","17,084,000","21,844,000","32,069,000","25,946,000","2,499,000","7,313,000","-36,662,000","-3,766,000","-10,309,000","15,482,000","8,232,000","12,485,000","24,337,000","8,143,000","20,512,000","1,001,000","9,215,000","38,394,000","-7,224,000","-8,595,000","-6,245,000","-3,296,000","-3,770,000","-11,292,000","2,748,000","6,180,000","2,171,000","-17,460,000","2,540,000","5,663,000","2,763,000","2,073,000","5,058,000","970,000","-2,647,000","-2,037,000","-1,450,000","-3,610,000","-57,841,000","-3,622,000","-16,711,000","-6,673,000","-6,805,000","-34,000,000","2,300,000","-100,000","-5,500,000","-600,000","3,000,000","2,800,000","-5,000,000","900,000","3,100,000","500,000","100,000","-36,800,000","2,800,000","1,500,000","1,200,000","-102,700,000","2,200,000","-2,500,000","-20,500,000","800,000","1,500,000","-5,700,000","-3,800,000","-1,100,000","-2,000,000","-4,800,000","-50,400,000","-3,400,000","-1,200,000","5,800,000","-1,800,000","-4,700,000","-6,500,000","-2,700,000","-2,000,000","500,000","2,000,000","4,600,000","-13,200,000","-3,500,000",,,,,,,,,,,,,,,,
TotalUnusualItemsExcludingGoodwill,"-62,371,000","3,026,000","-33,107,000","-1,192,000","-26,780,000","-11,966,000","-16,225,000","-7,666,000","-22,090,000","138,000","-8,456,000","-8,980,000","-10,069,000","-8,197,000","2,172,000","3,703,000","9,485,000","-1,877,000","-11,746,000","-19,004,000","-10,681,000","-12,611,000","7,222,000","-1,496,000","-2,719,000","-9,955,000","3,241,000","11,128,000","-14,485,000","14,756,000","10,240,000","2,820,000","-18,858,000","13,170,000","-6,002,000","-6,206,000","-12,575,000","12,955,000","-11,914,000","-14,027,000","-2,529,000","-13,575,000","-2,923,000","34,861,000","-782,000","-2,444,000","-3,835,000","-14,157,000","-2,128,000","-2,788,000","6,238,000","-496,000","-4,511,000","-876,000","1,710,000","-390,000","6,437,000","-1,904,000","31,735,000","-6,308,000","-33,805,000","-1,140,000","-2,996,000","-1,781,000","4,414,000","34,752,000","-202,000","-1,660,000","-492,000","-1,360,000",,"-1,290,000","783,000","-2,766,000","-31,127,000","-989,000","-752,000","-632,000","-7,740,000","-933,000","237,000","-364,000","1,002,000","-1,126,000","-435,000","-413,000","-61,513,000","-531,000","-19,061,000","-1,184,000","3,732,000","-8,600,000","-300,000","100,000","700,000","300,000","2,500,000","2,100,000","-200,000","400,000","1,800,000","1,200,000","3,500,000","3,200,000","800,000","700,000","94,100,000","-191,700,000","4,800,000","1,400,000","-18,300,000","800,000","2,000,000","3,600,000","2,700,000","2,300,000","300,000","100,000","-1,000,000","100,000","2,300,000","9,100,000","600,000","300,000","500,000","500,000","1,600,000","2,700,000","1,200,000","2,600,000",,"800,000",,,,,,,,,,,,,,,,
TotalUnusualItems,"-62,371,000","3,026,000","-33,107,000","-1,192,000","-26,780,000","-11,966,000","-16,225,000","-7,666,000","-22,090,000","138,000","-8,456,000","-8,980,000","-10,069,000","-8,197,000","2,172,000","3,703,000","9,485,000","-1,877,000","-11,746,000","-19,004,000","-10,681,000","-12,611,000","7,222,000","-1,496,000","-2,719,000","-9,955,000","3,241,000","11,128,000","-14,485,000","14,756,000","10,240,000","2,820,000","-18,858,000","13,170,000","-6,002,000","-6,206,000","-12,575,000","12,955,000","-11,914,000","-14,027,000","-2,529,000","-13,575,000","-2,923,000","34,861,000","-782,000","-2,444,000","-3,835,000","-14,157,000","-2,128,000","-2,788,000","6,238,000","-496,000","-4,511,000","-876,000","1,710,000","-390,000","6,437,000","-1,904,000","31,735,000","-6,308,000","-33,805,000","-1,140,000","-2,996,000","-1,781,000","4,414,000","34,752,000","-202,000","-1,660,000","-492,000","-1,360,000",,"-1,290,000","783,000","-2,766,000","-31,127,000","-989,000","-752,000","-632,000","-7,740,000","-933,000","237,000","-364,000","1,002,000","-1,126,000","-435,000","-413,000","-61,513,000","-531,000","-19,061,000","-1,184,000","3,732,000","-8,600,000","-300,000","100,000","700,000","300,000","2,500,000","2,100,000","-200,000","400,000","1,800,000","1,200,000","3,500,000","3,200,000","800,000","700,000","94,100,000","-191,700,000","4,800,000","1,400,000","-18,300,000","800,000","2,000,000","3,600,000","2,700,000","2,300,000","300,000","100,000","-1,000,000","100,000","2,300,000","9,100,000","600,000","300,000","500,000","500,000","1,600,000","2,700,000","1,200,000","2,600,000",,"800,000",,,,,,,,,,,,,,,,
NormalizedEBITDA,"254,244,000","52,620,000","62,649,000","47,828,000","81,569,000","95,861,000","63,723,000","76,432,000","63,072,000","39,556,000","72,493,000","51,846,000","14,247,000","26,380,000","11,934,000","26,542,000","46,457,000","50,169,000","66,138,000","55,099,000","40,621,000","48,486,000","56,519,000","69,244,000","74,516,000","42,855,000","31,448,000","8,608,000","21,670,000","30,950,000","40,012,000","34,612,000","34,387,000","35,148,000","29,491,000","22,999,000","7,499,000","20,969,000","28,449,000","26,990,000","17,781,000","45,198,000","46,073,000","60,182,000","66,507,000","82,101,000","-123,615,000","57,546,000","43,066,000","35,188,000","35,343,000","46,020,000","26,032,000","28,172,000","8,827,000","10,311,000","-8,424,000","18,177,000","-21,253,000","19,292,000","109,944,000","17,366,000","17,683,000","7,626,000","7,369,000","-23,094,000","-3,932,000","-6,215,000","1,933,000","2,391,000","-2,568,000","-4,989,000","15,365,000","16,869,000","45,020,000","-5,986,000","11,221,000","8,318,000","18,404,000","15,876,000","10,630,000","7,255,000","7,362,000","9,621,000","5,161,000","3,055,000","58,659,000","3,173,000","18,928,000","2,708,000","-4,277,000","-14,800,000","8,200,000","6,800,000","-300,000","5,000,000","3,500,000","4,500,000","2,300,000","7,000,000","5,900,000","3,200,000","-600,000","-37,600,000","5,900,000","5,700,000","-85,000,000","190,700,000","-1,200,000","700,000","15,800,000","4,000,000","2,100,000","-8,900,000","-6,200,000","-2,200,000","900,000","-900,000","-44,200,000","1,000,000","-1,000,000","-7,200,000","1,000,000","3,100,000","1,500,000","1,300,000","-1,400,000","2,700,000","3,900,000","4,700,000","-3,100,000","1,100,000","25,900,000","24,200,000","-67,800,000","29,800,000","27,200,000","21,900,000","-51,500,000","30,100,000","18,500,000","15,300,000","-66,200,000","16,000,000","15,200,000","20,500,000","-76,400,000","21,600,000"
TaxRateForCalcs,"0.4","0.4","0.27","0.27","0.011","0.196","0.27","0.107","0.27","0.058","0.339","0.076","0.194","0.22","0.18","0.104","0.034","0.085","0.4","0.4","0.4","0.4","0.192","0.268","0.323","0.4","0.4","0.357","0.005","0.1","0.35","0.047","0.259","0.25","0.35","0.231","0.215","0.4","0.35","0.35","0.215","0.37","0.383","0.328","0.371","0.351","0.35","0.29","0.326","0.35","0.35","0.023","0.121","0.011","0.35","0.166","0.35","0.35","0.35","0.35","0.35","0.088","0.4","0.276","0.027","0.025","0","0.4","0.4","0.4","0.4","0.4","0.286","0.123","0.4","0.4","0.252","0.118","0.4","0.026","0.022","0.4","0","0","0","0","0.003","0.4","0.4","0.4","0.067","0.4","0.042","0","0.098","0.4","0.4","0.034","0.4","0.4","0.162","0.167","0.4","0.4","0.4","0.4","0","0.4","0.043","0.4","0.01","0.4","0.118","0.4","0.4","0.083","0.4","0.4","0.018","0.4","0.077","0.049","0.379","0.096","0.097","0.129","0.4","0.4","0.4","0.115","0.219","0.4",,,,,,,,,,,,,,,,
TaxEffectOfUnusualItems,"-24,948,400","1,210,400","-8,938,890","-321,840","-294,580","-2,345,336","-4,380,750","-820,298.67","-5,964,300","8,031.786","-2,867,248.26","-685,930.904","-1,950,431.478","-1,806,148.34","391,951.712","383,572.555","323,981.681","-160,028.419","-4,698,400","-7,601,600","-4,272,400","-5,044,400","1,389,012.237","-401,273.708","-877,727.283","-3,982,000","1,296,400","3,976,868.096","-71,346.692","1,475,600","3,584,000","131,639.004","-4,878,575.474","3,292,500","-2,100,700","-1,434,150.182","-2,699,495.309","5,182,000","-4,169,900","-4,909,450","-544,792.353","-5,022,750","-1,118,812.159","11,442,914.074","-290,036.519","-858,962.56","-1,342,250","-4,104,214.416","-693,264.928","-975,800","2,183,300","-11,174.201","-547,220.464","-9,947.817","598,500","-64,697.674","2,252,950","-666,400","11,107,250","-2,207,800","-11,831,750","-100,700.851","-1,198,400","-491,932.032","120,216.616","877,865.394","0","-664,000","-196,800","-544,000","0","-516,000","224,121.039","-339,959.693","-12,450,800","-395,600","-189,715.631","-74,694.488","-3,096,000","-24,541.099","5,134.236","-145,600","0","0","0","0","-174,975.778","-212,400","-7,624,400","-473,600","248,288.066","-3,440,000","-12,500","0","68,852.459","120,000","1,000,000","72,413.793","-80,000","160,000","291,891.892","200,000","1,400,000","1,280,000","320,000","280,000","0","-76,680,000","208,695.652","560,000","-176,811.594","320,000","235,294.118","1,440,000","1,080,000","191,666.667","120,000","40,000","-17,543.86","40,000","176,923.077","447,540.984","227,586.207","28,846.154","48,611.111","64,516.129","640,000","1,080,000","480,000","300,000","0","320,000",,,,,,,,,,,,,,,,