name,ttm,03/31/2022,12/31/2021,09/30/2021,06/30/2021,03/31/2021,12/31/2020,09/30/2020,06/30/2020,03/31/2020,12/31/2019,09/30/2019,06/30/2019,03/31/2019,12/31/2018,09/30/2018,06/30/2018,03/31/2018,12/31/2017,09/30/2017,06/30/2017,03/31/2017,06/30/2014,03/31/2014,12/31/2013,09/30/2013,06/30/2013,03/31/2013,12/31/2012,09/30/2012,06/30/2012,03/31/2012,12/31/2011,09/30/2011,06/30/2011,03/31/2011,12/31/2010,09/30/2010,06/30/2010,03/31/2010,12/31/2009,09/30/2009,06/30/2009,03/31/2009,12/31/2008,09/30/2008,06/30/2008,03/31/2008,12/31/2007,09/30/2007,06/30/2007,03/31/2007,12/31/2006,09/30/2006,06/30/2006,03/31/2006,12/31/2005,09/30/2005,06/30/2005,03/31/2005,12/31/2004,09/30/2004,06/30/2004,03/31/2004,12/31/2003,09/30/2003,06/30/2003,03/31/2003,12/31/2002,09/30/2002,06/30/2002,03/31/2002,12/31/2001,09/30/2001,06/30/2001,03/31/2001,12/31/2000,09/30/2000,06/30/2000,03/31/2000,12/31/1999,09/30/1999,06/30/1999,03/31/1999,12/31/1998,09/30/1998,06/30/1998,03/31/1998,12/31/1997,09/30/1997,06/30/1997,03/31/1997,12/31/1996,09/30/1996,06/30/1996,03/31/1996,12/31/1995,09/30/1995,06/30/1995,03/31/1995,12/31/1994,09/30/1994,06/30/1994,03/31/1994,12/31/1993,09/30/1993,06/30/1993,03/31/1993,12/31/1992,09/30/1992,06/30/1992,03/31/1992,12/31/1991,09/30/1991,06/30/1991,03/31/1991,12/31/1990,09/30/1990,06/30/1990,03/31/1990,12/31/1989,09/30/1989,06/30/1989,03/31/1989
TotalRevenue,"1,144,305,000","261,287,000","312,372,000","289,827,000","280,819,000","237,470,000","277,340,000","256,637,000","233,434,000","233,739,000","300,891,000","279,638,000","281,098,000","236,419,000","284,853,000","262,946,000","266,966,000","233,995,000","285,736,000","257,966,000","263,386,000","233,681,000","275,854,000","235,605,000","278,237,000","271,053,000","273,735,000","233,535,000","272,201,000","243,503,000","251,754,000","218,091,000","248,088,000","235,261,000","234,751,000","200,439,000","226,505,000","206,749,000","205,808,000","178,316,000","205,104,000","192,296,000","193,523,000","169,146,000","185,547,000","178,742,000","181,184,000","157,656,000","170,790,000","162,343,000","160,366,000","143,850,000","153,917,000","151,549,000","152,855,000","140,445,000","149,193,000","146,393,000","149,654,000","133,000,000","145,854,000","146,133,000","145,125,000","131,609,000","142,794,000","140,045,000","138,936,000","126,128,000","134,988,000","133,980,000","133,056,000","123,510,000","128,688,000","129,605,000","129,187,000","120,573,000","120,039,000","125,252,000","125,872,000","114,868,000","116,300,000","124,900,000","56,400,000","49,100,000","51,500,000","48,800,000","46,900,000","40,800,000","39,200,000","38,800,000","36,600,000","31,000,000","26,000,000","14,500,000","14,000,000","12,200,000","13,400,000","13,500,000","13,300,000","12,200,000","13,600,000","13,700,000","12,800,000","10,100,000","10,800,000","11,400,000","11,300,000","10,400,000","9,500,000","9,100,000","8,100,000","6,700,000","6,700,000","6,100,000","5,800,000","5,000,000","5,300,000","5,000,000","4,700,000","4,300,000","2,600,000","2,600,000","2,600,000","2,600,000"
	OperatingRevenue,"1,144,305,000","261,287,000","312,372,000","289,827,000","280,819,000","237,470,000","277,340,000","256,637,000","233,434,000","233,739,000","300,891,000","279,638,000","281,098,000","236,419,000","284,853,000","262,946,000","266,966,000","233,995,000","285,736,000","257,966,000","263,386,000","233,681,000","275,854,000","235,605,000","278,237,000","271,053,000","273,735,000","233,535,000","272,201,000","243,503,000","251,754,000","218,091,000","248,088,000","235,261,000","234,751,000","200,439,000","226,505,000","206,749,000","205,808,000","178,316,000","205,104,000","192,296,000","193,523,000","169,146,000","185,547,000","178,742,000","181,184,000","157,656,000","170,790,000","162,343,000","160,366,000","143,850,000","153,917,000","151,549,000","152,855,000","140,445,000","149,193,000","146,393,000","149,654,000","133,000,000","145,854,000","146,133,000","145,125,000","131,609,000","142,794,000","140,045,000","138,936,000","126,128,000","134,988,000","133,980,000","133,056,000","123,510,000","128,688,000","129,605,000","129,187,000","120,573,000","120,039,000","125,252,000","125,872,000","114,868,000","116,300,000","124,900,000","56,400,000","49,100,000","51,500,000","48,800,000","46,900,000","40,800,000","39,200,000","38,800,000","36,600,000","31,000,000","26,000,000","14,500,000","14,000,000","12,200,000","13,400,000","13,500,000","13,300,000","12,200,000","13,600,000","13,700,000","12,800,000","10,100,000","10,800,000","11,400,000","11,300,000","10,400,000","9,500,000","9,100,000","8,100,000","6,700,000","6,700,000","6,100,000","5,800,000","5,000,000","5,300,000","5,000,000","4,700,000","4,300,000","2,600,000","2,600,000","2,600,000","2,600,000"
CostOfRevenue,"364,764,000","85,592,000","97,340,000","92,561,000","89,271,000","75,170,000","86,735,000","81,462,000","69,972,000","77,241,000","95,961,000","92,034,000","91,399,000","78,377,000","90,340,000","84,805,000","86,516,000","76,356,000","88,816,000","82,345,000","83,657,000","74,405,000","81,822,000","67,345,000","92,461,000","79,401,000","79,446,000","67,739,000","-165,103,000","157,244,000","156,334,000","147,717,000","152,428,000","151,489,000","149,528,000","136,997,000","142,455,000","133,481,000","133,305,000","122,419,000","127,309,000","125,863,000","124,596,000","115,108,000","88,506,000","87,623,000","88,223,000","79,069,000","76,496,000","79,962,000","78,945,000","72,549,000","78,275,000","76,229,000","75,346,000","70,215,000","69,777,000","74,630,000","71,738,000","67,446,000","68,371,000","70,248,000","71,942,000","65,400,000","67,478,000","64,799,000","65,416,000","60,690,000","60,566,000","59,971,000","61,298,000","59,537,000","52,854,000","61,606,000","63,434,000","62,974,000","72,090,000","60,312,000","59,875,000","56,654,000","56,000,000","59,600,000","27,600,000","24,900,000","24,400,000","24,000,000","23,300,000","21,300,000","19,500,000","19,800,000","18,600,000","15,900,000","13,500,000","6,500,000","6,400,000","5,900,000","6,300,000","6,400,000","6,100,000","5,900,000","6,500,000","6,100,000","5,600,000","5,100,000","6,700,000","5,100,000","5,000,000","4,400,000","5,500,000","4,200,000","3,500,000","2,700,000",,,,,,,,,,,,
GrossProfit,"779,541,000","175,695,000","215,032,000","197,266,000","191,548,000","162,300,000","190,605,000","175,175,000","163,462,000","156,498,000","204,930,000","187,604,000","189,699,000","158,042,000","194,513,000","178,141,000","180,450,000","157,639,000","196,920,000","175,621,000","179,729,000","159,276,000","194,032,000","168,260,000","185,776,000","191,652,000","194,289,000","165,796,000","437,304,000","86,259,000","95,420,000","70,374,000","95,660,000","83,772,000","85,223,000","63,442,000","84,050,000","73,268,000","72,503,000","55,897,000","77,795,000","66,433,000","68,927,000","54,038,000","97,041,000","91,119,000","92,961,000","78,587,000","94,294,000","82,381,000","81,421,000","71,301,000","75,642,000","75,320,000","77,509,000","70,230,000","79,416,000","71,763,000","77,916,000","65,554,000","77,483,000","75,885,000","73,183,000","66,209,000","75,316,000","75,246,000","73,520,000","65,438,000","74,422,000","74,009,000","71,758,000","63,973,000","75,834,000","67,999,000","65,753,000","57,599,000","47,949,000","64,940,000","65,997,000","58,214,000","60,300,000","65,300,000","28,800,000","24,200,000","27,100,000","24,800,000","23,600,000","19,500,000","19,700,000","19,000,000","18,000,000","15,100,000","12,500,000","8,000,000","7,600,000","6,300,000","7,100,000","7,100,000","7,200,000","6,300,000","7,100,000","7,600,000","7,200,000","5,000,000","4,100,000","6,300,000","6,300,000","6,000,000","4,000,000","4,900,000","4,600,000","4,000,000",,,,,,,,,,,,
OperatingExpense,"711,436,000","178,240,000","190,144,000","171,598,000","171,454,000","160,279,000","161,461,000","162,100,000","124,601,000","165,671,000","178,029,000","170,201,000","166,596,000","160,021,000","171,559,000","162,217,000","160,121,000","157,016,000","178,334,000","166,081,000","163,265,000","168,817,000","167,629,000","152,230,000","151,178,000","151,746,000","157,645,000","143,007,000","533,416,000","8,709,000","59,694,000","50,418,000","60,561,000","52,530,000","52,341,000","45,058,000","52,933,000","54,953,000","49,355,000","41,685,000","50,324,000","42,671,000","44,771,000","38,907,000","75,136,000","70,881,000","71,574,000","64,388,000","75,105,000","63,816,000","63,592,000","58,905,000","57,238,000","58,199,000","61,510,000","59,315,000","61,977,000","55,015,000","61,937,000","54,446,000","61,739,000","106,679,000","58,904,000","50,448,000","58,958,000","50,654,000","48,332,000","47,219,000","54,142,000","50,941,000","48,876,000","47,561,000","65,505,000","53,774,000","58,720,000","50,409,000","60,658,000","48,209,000","49,505,000","45,998,000","46,200,000","43,900,000","19,900,000","18,900,000","19,000,000","17,500,000","16,800,000","16,000,000","14,300,000","14,100,000","13,000,000","12,400,000","9,800,000","6,100,000","5,800,000","5,700,000","5,700,000","5,400,000","5,600,000","5,300,000","7,000,000","6,200,000","5,600,000","5,700,000","5,200,000","5,100,000","4,900,000","4,600,000","4,500,000","4,100,000","3,800,000","3,200,000",,,,,,,,,,,,
	SellingGeneralAndAdministration,"538,660,000","134,117,000","145,316,000","128,568,000","130,726,000","120,821,000","127,371,000","123,362,000","107,445,000","120,954,000","134,134,000","128,057,000","124,095,000","117,693,000","131,385,000","122,268,000","120,313,000","116,590,000","136,572,000","123,265,000","121,579,000","125,991,000","102,755,000","96,431,000","91,841,000","94,768,000","93,176,000","89,953,000","335,328,000","0","0","0","496,000","272,000","42,000","376,000","2,224,000","7,975,000","4,185,000","2,059,000",,,,,"70,758,000","66,547,000","67,285,000","60,207,000","70,798,000","59,873,000","59,714,000","55,157,000","53,645,000","54,569,000","57,751,000","55,627,000","58,413,000","51,606,000","58,498,000","50,937,000","58,194,000","57,560,000","55,543,000","47,134,000","56,151,000","47,844,000","45,712,000","44,766,000","49,868,000","48,541,000","46,582,000","44,777,000","47,006,000","47,524,000","44,137,000","44,305,000","53,763,000","41,748,000","43,335,000","39,760,000","39,800,000","38,700,000","18,100,000","17,100,000","17,400,000","15,900,000","15,500,000","14,700,000","13,300,000","12,900,000","12,000,000","10,900,000","8,800,000","5,500,000","5,200,000","5,000,000","5,000,000","4,800,000","4,900,000","4,700,000","6,200,000","5,400,000","4,800,000","4,900,000","4,000,000","4,600,000","4,300,000","4,000,000","3,600,000","3,600,000","3,200,000","2,700,000",,,,,,,,,,,,
		GeneralAndAdministrativeExpense,"538,660,000","134,117,000","145,316,000","128,568,000","130,726,000","120,821,000","127,371,000","123,362,000","107,445,000","120,954,000","134,134,000","128,057,000","124,095,000","117,693,000","131,385,000","122,268,000","120,313,000","116,590,000","136,572,000","123,265,000","121,579,000","125,991,000","102,755,000","96,431,000","91,841,000","94,768,000","93,176,000","89,953,000","89,782,000",,,,,,,,,,,,,,,,,,,,,,,,,,,,,,,,,,,,,,,,,,,,,,,,,,,,,,,,,,,,,,,,,,,,,,,,,,,,,,,,,,,,,,,,,,,,,,,
			SalariesAndWages,"409,369,000","101,675,000","111,197,000","98,948,000","97,549,000","89,880,000","98,457,000","89,727,000","73,822,000","89,185,000","99,430,000","94,594,000","91,490,000","86,711,000","97,574,000","90,853,000","89,554,000","86,108,000","95,239,000","90,065,000","87,831,000","87,955,000","102,755,000","96,431,000","91,841,000","94,768,000","93,176,000","89,953,000","89,782,000",,,,,,,,,,,,,,,,,,,,,,,,,,,,,,,,,,,,,,,,,,,,,,,,,,,,,,,,,,,,,,,,,,,,,,,,,,,,,,,,,,,,,,,,,,,,,,,
			OtherGandA,"129,291,000","32,442,000","34,119,000","29,620,000","33,177,000","30,941,000","28,914,000","33,635,000","33,623,000","31,769,000","34,704,000","33,463,000","32,605,000","30,982,000","33,811,000","31,415,000","30,759,000","30,482,000","41,333,000","33,200,000","33,748,000","38,036,000",,,,,,,,,,,,,,,,,,,,,,,,,,,,,,,,,,,,,,,,,,,,,,,,,,,,,,,,,,,,,,,,,,,,,,,,,,,,,,,,,,,,,,,,,,,,,,,,,,,,,,
	DepreciationAmortizationDepletionIncomeStatement,"32,476,000","7,955,000","8,355,000","8,159,000","8,007,000","7,998,000","8,334,000","8,803,000","8,879,000","8,831,000","9,019,000","9,373,000","8,760,000","8,773,000","8,903,000","8,950,000","9,272,000","9,330,000","9,665,000","9,632,000","9,825,000","10,137,000","12,133,000","10,199,000","9,467,000","9,224,000","9,510,000","9,285,000","9,220,000","8,709,000","8,438,000","8,285,000","8,117,000","7,864,000","7,696,000","7,292,000","5,567,000","4,471,000","4,460,000","4,311,000","4,054,000","4,002,000","3,808,000","4,456,000","4,378,000","4,334,000","4,289,000","4,181,000","4,307,000","3,943,000","3,878,000","3,748,000","3,593,000","3,630,000","3,759,000","3,688,000","3,564,000","3,409,000","3,438,000","3,509,000","3,545,000","3,311,000","3,361,000","3,314,000","2,807,000","2,810,000","2,620,000","2,453,000","2,414,000","2,400,000","2,294,000","2,784,000","5,778,000","6,397,000","6,407,000","6,104,000","6,895,000","6,461,000","6,170,000","6,238,000","6,400,000","5,200,000","1,800,000","1,800,000","1,600,000","1,600,000","1,300,000","1,300,000","1,000,000","1,200,000","1,000,000","1,500,000","1,000,000","600,000","600,000","700,000","700,000","600,000","700,000","600,000","800,000","800,000","800,000","800,000","1,200,000","500,000","600,000","600,000","900,000","500,000","600,000","500,000",,,,,,,,,,,,
		DepreciationAndAmortizationInIncomeStatement,"32,476,000","7,955,000","8,355,000","8,159,000","8,007,000","7,998,000","8,334,000","8,803,000","8,879,000","8,831,000","9,019,000","9,373,000","8,760,000","8,773,000","8,903,000","8,950,000","9,272,000","9,330,000","9,665,000","9,632,000","9,825,000","10,137,000","12,133,000","10,199,000","9,467,000","9,224,000","9,510,000","9,285,000","9,220,000","8,709,000","8,438,000","8,285,000","8,117,000","7,864,000","7,696,000","7,292,000","5,567,000","4,471,000","4,460,000","4,311,000","4,054,000","4,002,000","3,808,000","4,456,000","4,378,000","4,334,000","4,289,000","4,181,000","4,307,000","3,943,000","3,878,000","3,748,000","3,593,000","3,630,000","3,759,000","3,688,000","3,564,000","3,409,000","3,438,000","3,509,000","3,545,000","3,311,000","3,361,000","3,314,000","2,807,000","2,810,000","2,620,000","2,453,000","2,414,000","2,400,000","2,294,000","2,784,000","5,778,000","6,397,000","6,407,000","6,104,000","6,895,000","6,461,000","6,170,000","6,238,000","6,400,000","5,200,000","1,800,000","1,800,000","1,600,000","1,600,000","1,300,000","1,300,000","1,000,000","1,200,000","1,000,000","1,500,000","1,000,000","600,000","600,000","700,000","700,000","600,000","700,000","600,000","800,000","800,000","800,000","800,000","1,200,000","500,000","600,000","600,000","900,000","500,000","600,000","500,000",,,,,,,,,,,,
			DepreciationIncomeStatement,,,,,,,,,,,,,,,,,,,,,,,,,,,,,,,,,,,,,,,,,,,,,,,,,,,,,,,,,,,,,,,,,,,,,,,,,"2,786,000","3,310,000","3,334,000","3,058,000",,,,,,,,,,,,,,,,,,,,,,,,,,,,,,,,,,,,,,,,,,,,,,,,
			Amortization,,,,,,,,,,,,,,,,,,,,,,,,,,,,,,,,,,,,,,,,,,,,,,,,,,,,,,,,,,,,,,,,,,,,,,,,,"2,992,000","3,087,000","3,073,000","3,046,000",,,,,,,,,,,,,,,,,,,,,,,,,,,,,,,,,,,,,,,,,,,,,,,,
				AmortizationOfIntangiblesIncomeStatement,,,,,,,,,,,,,,,,,,,,,,,,,,,,,,,,,,,,,,,,,,,,,,,,,,,,,,,,,,,,,,,,,,,,,,,,,"2,992,000","3,087,000","3,073,000","3,046,000",,,,,,,,,,,,,,,,,,,,,,,,,,,,,,,,,,,,,,,,,,,,,,,,
	OtherOperatingExpenses,"140,300,000","36,168,000","36,473,000","34,871,000","32,721,000","31,460,000","25,756,000","29,935,000","8,277,000","35,886,000","34,876,000","32,771,000","33,741,000","33,555,000","31,271,000","30,999,000","30,536,000","31,096,000","32,097,000","33,184,000","31,861,000","32,689,000","52,741,000","45,600,000","49,870,000","47,754,000","54,959,000","43,769,000","55,678,000","42,177,000","51,256,000","42,133,000","51,948,000","44,394,000","44,603,000","37,390,000","45,142,000","42,507,000","40,710,000","35,315,000","46,270,000","38,669,000","40,963,000","34,451,000",,,,,,,,,,,,,,,"1,000",,"0","45,808,000",,,,,,,,,,,"12,721,000","-147,000","8,176,000",,,,,,,,,,,,,,,,,,,,,,,,,,,,,,,,,,,,,,,,,,,,,,,,,
OperatingIncome,"68,105,000","-2,545,000","24,888,000","25,668,000","20,094,000","2,021,000","29,144,000","13,075,000","38,861,000","-9,173,000","26,901,000","17,403,000","23,103,000","-1,979,000","22,954,000","15,924,000","20,329,000","623,000","18,586,000","9,540,000","16,464,000","-9,541,000","26,403,000","16,030,000","34,598,000","39,906,000","36,644,000","22,789,000","-96,112,000","77,550,000","35,726,000","19,956,000","35,099,000","31,242,000","32,882,000","18,384,000","31,117,000","18,315,000","23,148,000","14,212,000","27,471,000","23,762,000","24,156,000","15,131,000","21,905,000","20,238,000","21,387,000","14,199,000","19,189,000","18,565,000","17,829,000","12,396,000","18,404,000","17,121,000","15,999,000","10,915,000","17,439,000","16,748,000","15,979,000","11,108,000","15,744,000","-30,794,000","14,279,000","15,761,000","16,358,000","24,592,000","25,188,000","18,219,000","20,280,000","23,068,000","22,882,000","16,412,000","10,329,000","14,225,000","7,033,000","7,190,000","-12,709,000","16,731,000","16,492,000","12,216,000","14,100,000","21,400,000","8,900,000","5,300,000","8,100,000","7,300,000","6,800,000","3,500,000","5,400,000","4,900,000","5,000,000","2,700,000","2,700,000","1,900,000","1,800,000","600,000","1,400,000","1,700,000","1,600,000","1,000,000","100,000","1,400,000","1,600,000","-700,000","-1,100,000","1,200,000","1,400,000","1,400,000","-500,000","800,000","800,000","800,000","-14,300,000","6,100,000","5,800,000","5,000,000","-13,100,000","5,000,000","4,700,000","4,300,000","-7,200,000","2,600,000","2,600,000","2,600,000"
NetNonOperatingInterestIncomeExpense,"-28,909,000","-7,385,000","-7,059,000","-7,313,000","-7,152,000","-7,340,000","-7,527,000","-8,013,000","-8,636,000","-8,269,000","-8,285,000","-8,954,000","-8,481,000","-8,538,000","-9,047,000","-8,939,000","-7,317,000","-12,263,000","-14,491,000","-15,097,000","-14,091,000","-14,009,000","-6,201,000","-6,098,000","-4,973,000","-6,017,000","-7,708,000","-7,777,000","-7,957,000","-7,751,000","-7,684,000","-7,777,000","-7,855,000","-7,796,000","-7,791,000","-8,379,000","-7,656,000","-7,636,000","-7,506,000","-7,542,000","-7,799,000","-7,692,000","-7,595,000","-7,607,000",,,,,,,,,,,,,,,,,,,,,,,,,,,,,,,,,,,,,,,,,,,,,,,,,,,,,,,,,,,,,,,,,,,,,,,,,,,,,,,,
	InterestExpenseNonOperating,"28,909,000","7,385,000","7,059,000","7,313,000","7,152,000","7,340,000","7,527,000","8,013,000","8,636,000","8,269,000","8,285,000","8,954,000","8,481,000","8,538,000","9,047,000","8,939,000","7,317,000","12,263,000","14,491,000","15,097,000","14,091,000","14,009,000","6,201,000","6,098,000","4,973,000","6,017,000","7,708,000","7,777,000","7,957,000","7,751,000","7,684,000","7,777,000","7,855,000","7,796,000","7,791,000","8,379,000","7,656,000","7,636,000","7,506,000","7,542,000","7,799,000","7,692,000","7,595,000","7,607,000",,,,,,,,,,,,,,,,,,,,,,,,,,,,,,,,,,,,,,,,,,,,,,,,,,,,,,,,,,,,,,,,,,,,,,,,,,,,,,,,
	TotalOtherFinanceCost,,,,,,,,,,,"8,285,000","8,954,000","8,481,000","8,538,000","9,047,000","8,939,000","7,317,000","12,263,000","14,491,000","15,097,000","14,091,000","14,009,000","6,201,000","6,098,000","4,973,000","6,017,000","7,708,000","7,777,000","7,958,000",,,,,,,,,,,,,,,,,,,,,,,,,,,,,,,,,,,,,,,,,,,,,,,,,,,,,,,,,,,,,,,,,,,,,,,,,,,,,,,,,,,,,,,,,,,,,,,
OtherIncomeExpense,"-660,000","-160,000","-166,000","-167,000","-167,000","-167,000","-158,000","-158,000","-158,000","-158,000","-172,000","-173,000","-173,000","-173,000","-358,000","-176,000","-176,000","-17,174,000","-54,183,000","-184,000","-184,000","-184,000",,,"0",,"-6,645,000","-73,000","-480,000",,,,,,,,,,,,"0",,"167,000",,,,,,,,,,"0","-537,000","-16,415,000",,,,,,"0","-45,808,000",,,,,,,,,,,"-13,067,000","352,000","-11,825,000","101,000","-702,000","-413,000","-31,000","-2,000","-2,600,000","-3,900,000","-100,000",,,,,,"-100,000",,,,"-2,600,000",,,,"0",,,,,,,,,,,,,,,,,,,,,,,,,,,
	SpecialIncomeCharges,,,,,,,,,,,"0","0","0","0","-183,000","0","0","-16,998,000","-54,735,000","0","0","0","0",,"0","0","-6,645,000","-73,000","-480,000",,,,,,,,,,,,"0","0","167,000",,,,,,,,,,"0","-537,000","-16,415,000",,,,,,"0","-45,808,000",,,,,,,,,,,"-13,067,000","352,000","-11,825,000","101,000","-702,000","-413,000","-31,000","-2,000","-2,600,000","-3,900,000","-100,000",,,,,,"-100,000",,,,"-2,600,000",,,,"0",,,,,,,,,,,,,,,,,,,,,,,,,,,
		RestructuringAndMergernAcquisition,,,,,,,,,,,,,,,,,,,,,,,,,,,"179,000","73,000","480,000",,,,,,,,,,,,,,,,,,,,,,,,,,,,,,,,,,,,,,,,,,,,"0",,"3,688,000",,,,,,,,,,,,,,,,,,,,,,,,,,,,,,,,,,,,,,,,,,,,,,,,,
		ImpairmentOfCapitalAssets,,,,,,,,,,,"0",,,,"183,000",,,,,,,,,,,,,,,,,,,,,,,,,,,,,,,,,,,,,,,,,,,,,,,,,,,,,,,,,,,,,,,,,,,,,,,,,,,,,,,,,,,,,,,,,,,,,,,,,,,,,,,,,,,,,
		OtherSpecialCharges,,,,,,,,,,,,,,,"0",,,"16,998,000",,,,,,,"0",,"6,645,000",,,,,,,,,,,,,,,,,,,,,,,,,,,,,,,,,,,,,,,,,,,,,,"13,067,000",,"8,137,000",,,,,,,,,,,,,,,,,,,,,,,,,,,,,,,,,,,,,,,,,,,,,,,,,
	OtherNonOperatingIncomeExpenses,"-660,000","-160,000","-166,000","-167,000","-167,000","-167,000","-158,000","-158,000","-158,000","-158,000","-172,000","-173,000","-173,000","-173,000","-175,000","-176,000","-176,000","-176,000",,"-184,000","-184,000","-184,000",,,,,,,,,,,,,,,,,,,,,,,,,,,,,,,,,,,,,,,,,,,,,,,,,,,,,,,,,,,,,,,,,,,,,,,,,,,,,,,,,,,,,,,,,,,,,,,,,,,,,,
PretaxIncome,"38,536,000","-10,090,000","17,663,000","18,188,000","12,775,000","-5,486,000","21,459,000","4,904,000","30,067,000","-17,600,000","18,444,000","8,276,000","14,449,000","-10,690,000","13,549,000","6,809,000","12,836,000","-28,814,000","-50,088,000","-5,741,000","2,189,000","-23,734,000","20,202,000","9,932,000","29,625,000","33,889,000","22,291,000","14,939,000","30,326,000","27,622,000","28,042,000","12,179,000","26,463,000","23,446,000","25,091,000","10,005,000","2,452,000","10,679,000","15,642,000","6,670,000","19,672,000","16,070,000","16,728,000","7,524,000","12,926,000","12,233,000","13,342,000","5,941,000","9,985,000","9,247,000","8,704,000","3,056,000","9,027,000","6,732,000","-10,330,000","1,415,000","7,947,000","7,343,000","6,579,000","2,265,000","6,836,000","-39,848,000","5,756,000","7,688,000","-11,553,000","14,806,000","15,834,000","9,123,000","10,892,000","13,198,000","12,905,000","7,333,000","977,000","3,662,000","-7,649,000","-4,967,000","-26,205,000","4,148,000","5,510,000","1,056,000","900,000","7,000,000","8,100,000","5,200,000","7,400,000","7,000,000","6,100,000","2,900,000","5,000,000","3,800,000","3,200,000","1,000,000","-1,000,000","1,500,000","1,300,000","300,000","900,000","1,200,000","1,200,000","400,000","-3,200,000","1,100,000","1,200,000","-900,000",,,,,"-700,000","700,000","500,000",,,,,,,,,,,,,
TaxProvision,"1,201,000","-2,113,000","3,627,000","-2,929,000","2,616,000","-2,156,000","5,388,000","-1,911,000","-987,000","-1,852,000","-306,000","2,585,000","4,414,000","-3,739,000","9,086,000","2,440,000","-92,000","-6,196,000","34,325,000","-1,580,000","552,000","-6,000,000","7,583,000","3,935,000","11,269,000","12,230,000","8,212,000","5,449,000","8,919,000","10,278,000","10,656,000","4,624,000","8,500,000","8,034,000","9,660,000","3,792,000","1,706,000","3,755,000","5,880,000","2,668,000","7,772,000","6,428,000","6,692,000","3,009,000","5,089,000","4,893,000","5,337,000","2,376,000","3,004,000","3,838,000","3,612,000","1,272,000","4,156,000","3,274,000","-4,606,000","586,000","-332,000","3,020,000","2,763,000","930,000","2,884,000","-4,946,000","2,590,000","3,152,000","-4,132,000","5,977,000","6,481,000","3,645,000","4,345,000","5,368,000","5,234,000","3,000,000","5,235,000","3,679,000","-2,908,000","-5,099,000","-8,487,000","2,552,000","3,103,000","1,335,000","1,300,000","3,600,000","3,200,000","2,100,000","3,000,000","2,900,000","2,500,000","1,200,000","2,100,000","1,600,000","1,300,000","400,000","-400,000","600,000","600,000","100,000","400,000","500,000","500,000","200,000","-200,000","500,000","600,000","-400,000",,,,,"-100,000","300,000","200,000",,,,,,,,,,,,,
NetIncomeCommonStockholders,"37,335,000","-7,977,000","14,036,000","21,117,000","10,159,000","-3,330,000","16,071,000","6,815,000","31,054,000","-15,748,000","18,750,000","5,691,000","10,035,000","-6,951,000","4,463,000","4,369,000","12,928,000","-22,618,000","-84,413,000","-4,161,000","1,637,000","-17,734,000","12,619,000","5,997,000","18,356,000","21,659,000","14,079,000","9,490,000","21,407,000","17,344,000","17,386,000","7,555,000","17,963,000","15,412,000","15,431,000","6,213,000","746,000","6,924,000","9,762,000","4,002,000","11,900,000","9,642,000","10,036,000","4,515,000","7,837,000","7,340,000","2,751,000","3,149,000","6,565,000","4,993,000","4,676,000","1,368,000","4,456,000","1,498,000","-9,301,000","-736,000","6,751,000","2,832,000","2,361,000","-84,000","2,567,000","-36,253,000","2,232,000","3,619,000","-10,741,000","7,425,000","7,972,000","4,121,000","5,213,000","6,519,000","6,380,000","256,000","-5,503,000","-1,242,000","-4,741,000","132,000","-18,676,000","1,596,000","2,407,000","-1,403,000","-1,500,000","2,300,000","4,900,000","3,100,000","4,400,000","4,100,000","3,600,000","1,700,000","2,900,000","-500,000","1,900,000","600,000","-700,000","900,000","700,000","200,000","500,000","700,000","700,000","200,000","-3,100,000","300,000","600,000","-500,000","-300,000","800,000","1,100,000","1,100,000","-700,000","700,000","-1,100,000","300,000",,,,,,,,,,,,
	NetIncome,"37,335,000","-7,977,000","14,036,000","21,117,000","10,159,000","-3,330,000","16,071,000","6,815,000","31,054,000","-15,748,000","18,750,000","5,691,000","10,035,000","-6,951,000","4,463,000","4,369,000","12,928,000","-22,618,000","-84,413,000","-4,161,000","1,637,000","-17,734,000","12,619,000","5,997,000","18,356,000","21,659,000","14,079,000","9,490,000","21,407,000","17,344,000","17,386,000","7,555,000","17,963,000","15,412,000","15,431,000","6,213,000","746,000","6,924,000","9,762,000","4,002,000","11,900,000","9,642,000","10,036,000","4,515,000","7,837,000","7,340,000","8,005,000","3,565,000","6,981,000","5,409,000","5,092,000","1,784,000","4,871,000","3,458,000","-5,724,000","829,000","8,279,000","4,323,000","3,816,000","1,335,000","3,952,000","-34,902,000","3,166,000","4,536,000","-7,421,000","8,829,000","9,353,000","5,478,000","6,547,000","7,830,000","7,671,000","1,522,000","-4,258,000","-17,000","-4,741,000","132,000","-17,718,000","1,596,000","2,407,000","-279,000","-400,000","3,400,000","4,900,000","3,100,000","4,400,000","4,100,000","3,600,000","1,700,000","2,900,000","-500,000","1,900,000","600,000","-700,000","900,000","700,000","200,000","500,000","700,000","700,000","200,000","-3,100,000","300,000","600,000","-500,000","-300,000","800,000","1,100,000","1,100,000","-700,000","700,000","-1,100,000","300,000",,,,,,,,,,,,
		NetIncomeIncludingNoncontrollingInterests,"37,335,000","-7,977,000","14,036,000","21,117,000","10,159,000","-3,330,000","16,071,000","6,815,000","31,054,000","-15,748,000","18,750,000","5,691,000","10,035,000","-6,951,000","4,463,000","4,369,000","12,928,000","-22,618,000","-84,413,000","-4,161,000","1,637,000","-17,734,000","12,619,000","5,997,000","18,356,000","21,659,000","14,079,000","9,490,000","21,407,000","17,344,000","17,386,000","7,555,000","17,963,000","15,412,000","15,431,000","6,213,000","746,000","6,924,000","9,762,000","4,002,000","11,900,000","9,642,000","10,036,000","4,515,000","7,837,000","7,340,000","8,005,000","3,565,000","6,981,000","5,409,000","5,092,000","1,784,000","4,871,000","3,458,000","-5,724,000","829,000","8,279,000","4,323,000","3,816,000","1,335,000","3,952,000","-34,902,000","3,166,000","4,536,000","-7,421,000","8,829,000","9,353,000","5,478,000","6,547,000","7,830,000","7,671,000","1,522,000","-4,258,000","-17,000","-4,741,000","132,000","-17,718,000","1,596,000","2,407,000","-279,000","-400,000","3,400,000","4,900,000","3,100,000","4,400,000","4,100,000","3,600,000","1,700,000","2,900,000","-500,000","1,900,000","600,000","-700,000","900,000","700,000","200,000","500,000","700,000","700,000","200,000","-3,100,000","300,000","600,000","-500,000","-300,000","800,000","1,100,000","1,100,000","-700,000","700,000","-1,100,000","300,000","1,000,000","300,000","-1,000,000","-300,000","-800,000","-100,000","-500,000","-200,000","-300,000","-200,000","-200,000","-200,000"
			NetIncomeContinuousOperations,"37,335,000","-7,977,000","14,036,000","21,117,000","10,159,000","-3,330,000","16,071,000","6,815,000","31,054,000","-15,748,000","18,750,000","5,691,000","10,035,000","-6,951,000","4,463,000","4,369,000","12,928,000","-22,618,000","-84,413,000","-4,161,000","1,637,000","-17,734,000","12,619,000","5,997,000","18,356,000","21,659,000","14,079,000","9,490,000","21,407,000","17,344,000","17,386,000","7,555,000","17,963,000","15,412,000","15,431,000","6,213,000","746,000","6,924,000","9,762,000","4,002,000","11,900,000","9,642,000","10,036,000","4,515,000","7,837,000","7,340,000","8,005,000","3,565,000","6,981,000","5,409,000","5,092,000","1,784,000","4,871,000","3,458,000","-5,724,000","829,000","8,279,000","4,323,000","3,816,000","1,335,000","3,952,000","-34,902,000","3,166,000","4,536,000","-7,421,000","8,829,000","9,353,000","5,478,000","6,547,000","7,830,000","7,671,000","4,333,000","-4,258,000","-17,000","-4,741,000","132,000","-17,718,000","1,596,000","2,407,000","-279,000","-400,000","3,400,000","4,900,000","3,100,000","4,400,000","4,100,000","3,600,000","1,700,000","2,900,000","2,200,000","1,900,000","600,000","-600,000","900,000","700,000","200,000","500,000","700,000","700,000","200,000","-3,000,000","600,000","600,000","-500,000","-1,500,000","800,000","1,100,000","1,100,000","-600,000","400,000","300,000","300,000","1,000,000","300,000","-1,000,000","-300,000","-800,000","-100,000","-500,000","-200,000","-300,000","-200,000","-200,000","-200,000"
			NetIncomeDiscontinuousOperations,,,,,,,,,,,,,,,,,,,,,,,,,,,,,,,,,,,,,,,,,,,,,,,,,,,,,,,,,,,,,,,,,,,,,,,,,,,,,,,,,,,,,,,,,,,,,,,,,,,,,"-100,000","-300,000",,,,,,,,,,,,,,,,,,,,,,
			NetIncomeFromTaxLossCarryforward,,,,,,,,,,,,,,,,,,,,,,,,,,,,,,,,,,,,,,,,,,,,,,,,,,,,,,,,,,,,,,,,,,,,,"0",,,"-2,811,000",,,,,,,,,,,,,,,,,"0","-2,700,000",,,,,,,,,,,,,,,,,,,"-100,000","300,000","-1,400,000",,,,,,,,,,,,,
	PreferredStockDividends,,,,,,,,,,,,,,,,,,,,,,,,,,,,,,,,,,,,,,,,,,,,,"0",,"5,254,000","416,000","416,000","416,000","416,000","416,000","415,000","1,960,000","3,577,000","1,565,000","1,528,000","1,491,000","1,455,000","1,419,000","1,385,000","1,351,000","934,000","917,000","3,320,000","1,404,000","1,381,000","1,357,000","1,334,000","1,311,000","1,291,000","1,266,000","1,245,000","1,225,000",,,"958,000",,,"1,124,000","1,100,000","1,100,000",,,,,,,,,,,,,,,,,,,,,,,,,,,,,,,,,,,,,,,,,,
DilutedNIAvailtoComStockholders,"37,335,000","-7,977,000","14,036,000","21,117,000","10,159,000","-3,330,000","16,071,000","6,815,000","31,054,000","-15,748,000","18,750,000","5,691,000","10,035,000","-6,951,000","4,463,000","4,369,000","12,928,000","-22,618,000","-84,413,000","-4,161,000","1,637,000","-17,734,000","12,619,000","5,997,000","18,356,000","21,659,000","14,079,000","9,490,000","21,407,000","17,344,000","17,386,000","7,555,000","17,963,000","15,412,000","15,431,000","6,213,000","746,000","6,924,000","9,762,000","4,002,000","11,900,000","9,642,000","10,036,000","4,515,000","7,837,000","7,340,000","2,751,000","3,149,000","6,565,000","4,993,000","4,676,000","1,368,000","4,456,000","1,498,000","-9,301,000","-736,000","6,751,000","2,832,000","2,361,000","-84,000","2,567,000","-36,253,000","2,232,000","3,619,000","-10,741,000","7,425,000","7,972,000","4,121,000","5,213,000","6,519,000","6,380,000","256,000","-5,503,000","-1,242,000","-4,741,000","132,000","-18,676,000","1,596,000","2,407,000","-1,403,000","-1,500,000","2,300,000","4,900,000","3,100,000","4,400,000","4,100,000","3,600,000","1,700,000","2,900,000","-500,000","1,900,000","600,000","-700,000","900,000","700,000","200,000","500,000","700,000","700,000","200,000","-3,100,000","300,000","600,000","-500,000","-300,000","800,000","1,100,000","1,100,000","-700,000","700,000","-1,100,000","300,000",,,,,,,,,,,,
BasicEPS,,"-0.21","0.36","0.55","0.26","-0.09","0.42","0.18","0.82","-0.42","0.5","0.15","0.27","-0.19","0.12","0.12","0.35","-0.62",,"-0.11","0.05","-0.49","0.36","0.17","0.53","0.62","0.4","0.27","0.63","0.5","0.51","0.22",,"0.46","0.46","0.19",,"0.21","0.3","0.13",,"0.31","0.32","0.15",,"0.27","0.12","0.14",,"0.22","0.21","0.06",,"0.07","-0.42","-0.03",,"0.13","0.11","0",,"-1.68","0.1","0.17",,"0.36","0.39","0.2",,"0.33","0.33","0.01",,"-0.07","-0.31","-0.06",,"0.02","0.06","-0.07",,"0.11","0.26","0.17",,"0.22","0.23","0.11",,"-0.03","0.18","0.06",,"0.1","0.09","0.02",,"0.08","0.08","0.03",,"0.03","0.08","-0.06",,"0.1","0.13","0.13",,"0.08","-0.15","0.05",,"0.05","-0.26","-0.14",,"-0.48","-0.8","-0.32",,"-0.48","-0.32","-0.32"
DilutedEPS,,"-0.21","0.36","0.54","0.26","-0.09","0.41","0.18","0.81","-0.42","0.49","0.15","0.26","-0.19","0.12","0.12","0.35","-0.62",,"-0.11","0.04","-0.49","0.35","0.17","0.52","0.61","0.4","0.27","0.62","0.5","0.5","0.22",,"0.45","0.45","0.18",,"0.21","0.3","0.12",,"0.3","0.31","0.14",,"0.23","0.11","0.12",,"0.18","0.17","0.06",,"0.07","-0.42","-0.03",,"0.13","0.11","0",,"-1.68","0.1","0.16",,"0.33","0.35","0.19",,"0.3","0.29","0.01",,"-0.07","-0.31","-0.06",,"0.02","0.06","-0.07",,"0.11","0.24","0.15",,"0.22","0.21","0.1",,"-0.03","0.18","0.06",,"0.1","0.09","0.02",,"0.08","0.08","0.03",,"0.03","0.08","-0.06",,"0.1","0.13","0.13",,"0.08","-0.15","0.05",,"0.05","-0.26","-0.14",,"-0.48","-0.8","-0.32",,"-0.48","-0.32","-0.32"
BasicAverageShares,,"38,802,420","38,744,681","38,730,468","38,647,042","38,268,332","38,157,402","38,133,598","37,958,408","37,541,452","37,411,847","37,349,144","37,299,766","37,001,977","36,906,938","36,856,881","36,790,401","36,498,482",,"36,340,089","36,286,528","36,084,630","35,469,769","35,076,828","34,922,599","34,902,103","34,849,659","34,598,494","34,453,084","34,362,757","34,268,941","34,036,539",,"33,571,967","33,499,268","33,360,840",,"32,377,237","32,032,265","31,881,750",,"31,578,889","31,250,047","30,926,725",,"27,004,581","23,017,282","22,880,973",,"22,606,453","22,399,292","22,191,920",,"22,030,207","21,946,319","21,837,069",,"21,713,704","21,661,157","21,615,850",,"21,548,925","21,427,599","21,335,806",,"20,658,239","20,572,473","20,408,262",,"19,554,942","19,336,954","19,137,586",,"18,910,002","18,910,002","18,910,002",,"18,910,002","18,910,002","18,910,002",,"20,909,091","18,846,154","18,235,294",,"18,636,364","15,652,174","15,454,545",,"16,666,667","10,555,556","10,000,000",,"9,000,000","7,777,778","10,000,000",,"8,750,000","8,750,000","6,666,667",,"10,000,000","7,500,000","8,333,333",,"8,000,000","8,461,538","8,461,538",,"8,750,000","7,333,333","6,000,000",,"5,766,000","5,766,000","2,282,000",,"2,305,000","2,305,000","2,305,000",,"2,277,000","2,277,000","2,277,000"
DilutedAverageShares,,"38,802,420","39,141,708","39,240,974","39,208,155","38,268,332","38,911,299","38,637,536","38,325,872","37,541,452","38,415,108","37,986,860","37,887,559","37,001,977","37,721,662","37,556,594","37,404,360","36,498,482",,"36,340,089","36,543,740","36,084,630","35,591,764","35,415,018","35,463,543","35,401,273","35,307,697","35,066,032","34,945,547","35,002,351","34,720,489","34,639,660",,"34,347,215","34,365,395","34,134,067",,"32,866,487","32,831,310","32,926,033",,"32,214,321","32,019,843","31,955,851",,"31,990,924","24,208,631","30,661,996",,"30,353,947","30,049,735","23,368,871",,"22,331,813","21,946,319","21,837,069",,"22,325,857","22,113,004","21,615,850",,"21,548,925","22,706,438","22,808,554",,"27,090,296","26,844,609","21,990,343",,"21,913,967","22,013,471","21,642,231",,"18,910,002","18,910,002","18,910,002",,"18,997,841","19,154,415","18,910,002",,"20,909,091","20,416,667","20,666,667",,"18,636,364","17,142,857","17,000,000",,"16,666,667","10,555,556","10,000,000",,"9,000,000","7,777,778","10,000,000",,"8,750,000","8,750,000","6,666,667",,"10,000,000","7,500,000","8,333,333",,"8,000,000","8,461,538","8,461,538",,"8,750,000","7,333,333","6,000,000",,"5,766,000","5,766,000","2,282,000",,"2,305,000","2,305,000","2,305,000",,"2,277,000","2,277,000","2,277,000"
TotalOperatingIncomeAsReported,"68,105,000","-2,545,000","24,888,000","25,668,000","20,094,000","2,021,000","29,144,000","13,075,000","38,861,000","-9,173,000","26,901,000","17,403,000","23,103,000","-1,979,000","22,771,000","15,924,000","20,329,000","623,000","-36,149,000","9,540,000","16,464,000","-9,541,000","26,403,000","16,030,000","34,598,000","39,906,000","36,644,000","22,716,000","38,283,000","35,373,000","35,726,000","19,956,000","34,318,000","31,242,000","32,882,000","18,384,000","25,703,000","18,315,000","23,148,000","14,212,000","27,471,000","23,762,000","24,156,000","15,131,000","21,905,000","20,238,000","21,387,000","14,199,000","19,189,000","18,565,000","17,829,000","12,396,000","18,404,000","17,121,000","15,999,000","10,915,000","17,439,000","16,748,000","15,979,000","11,108,000","15,744,000","-30,794,000","14,279,000","15,761,000","16,571,000","24,592,000","25,188,000","18,219,000","20,280,000","23,068,000","22,882,000","16,412,000","10,329,000","14,225,000","3,345,000","7,190,000","-12,709,000","16,731,000","16,492,000","12,216,000","14,100,000","21,400,000","8,900,000","5,300,000","8,100,000","7,300,000","6,800,000","3,500,000","5,400,000","4,900,000","5,000,000","2,700,000","2,700,000","1,900,000","1,800,000","600,000","1,400,000","1,700,000","1,600,000","1,000,000","100,000","1,400,000","1,600,000","-700,000","-1,100,000","1,200,000","1,400,000","1,400,000","-500,000","800,000","800,000","800,000",,,,,,,,,,,,
TotalExpenses,"1,076,200,000","263,832,000","287,484,000","264,159,000","260,725,000","235,449,000","248,196,000","243,562,000","194,573,000","242,912,000","273,990,000","262,235,000","257,995,000","238,398,000","261,899,000","247,022,000","246,637,000","233,372,000","267,150,000","248,426,000","246,922,000","243,222,000","249,451,000","219,575,000","243,639,000","231,147,000","237,091,000","210,746,000","368,313,000","165,953,000","216,028,000","198,135,000","212,989,000","204,019,000","201,869,000","182,055,000","195,388,000","188,434,000","182,660,000","164,104,000","177,633,000","168,534,000","169,367,000","154,015,000","163,642,000","158,504,000","159,797,000","143,457,000","151,601,000","143,778,000","142,537,000","131,454,000","135,513,000","134,428,000","136,856,000","129,530,000","131,754,000","129,645,000","133,675,000","121,892,000","130,110,000","176,927,000","130,846,000","115,848,000","126,436,000","115,453,000","113,748,000","107,909,000","114,708,000","110,912,000","110,174,000","107,098,000","118,359,000","115,380,000","122,154,000","113,383,000","132,748,000","108,521,000","109,380,000","102,652,000","102,200,000","103,500,000","47,500,000","43,800,000","43,400,000","41,500,000","40,100,000","37,300,000","33,800,000","33,900,000","31,600,000","28,300,000","23,300,000","12,600,000","12,200,000","11,600,000","12,000,000","11,800,000","11,700,000","11,200,000","13,500,000","12,300,000","11,200,000","10,800,000","11,900,000","10,200,000","9,900,000","9,000,000","10,000,000","8,300,000","7,300,000","5,900,000",,,,,,,,,,,,
NetIncomeFromContinuingAndDiscontinuedOperation,"37,335,000","-7,977,000","14,036,000","21,117,000","10,159,000","-3,330,000","16,071,000","6,815,000","31,054,000","-15,748,000","18,750,000","5,691,000","10,035,000","-6,951,000","4,463,000","4,369,000","12,928,000","-22,618,000","-84,413,000","-4,161,000","1,637,000","-17,734,000","12,619,000","5,997,000","18,356,000","21,659,000","14,079,000","9,490,000","21,407,000","17,344,000","17,386,000","7,555,000","17,963,000","15,412,000","15,431,000","6,213,000","746,000","6,924,000","9,762,000","4,002,000","11,900,000","9,642,000","10,036,000","4,515,000","7,837,000","7,340,000","8,005,000","3,565,000","6,981,000","5,409,000","5,092,000","1,784,000","4,871,000","3,458,000","-5,724,000","829,000","8,279,000","4,323,000","3,816,000","1,335,000","3,952,000","-34,902,000","3,166,000","4,536,000","-7,421,000","8,829,000","9,353,000","5,478,000","6,547,000","7,830,000","7,671,000","4,333,000","-4,258,000","-17,000","-4,741,000","132,000","-17,718,000","1,596,000","2,407,000","-279,000","-400,000","3,400,000","4,900,000","3,100,000","4,400,000","4,100,000","3,600,000","1,700,000","2,900,000","2,200,000","1,900,000","600,000","-600,000","900,000","700,000","200,000","500,000","700,000","700,000","200,000","-3,100,000","300,000","600,000","-500,000","-1,500,000","800,000","1,100,000","1,100,000","-600,000","400,000","300,000","300,000",,,,,,,,,,,,
NormalizedIncome,"37,335,000","-7,977,000","14,036,000","21,117,000","10,159,000","-3,330,000","16,071,000","6,815,000","31,054,000","-15,748,000","18,750,000","5,691,000","10,035,000","-6,951,000","4,596,590","4,369,000","12,928,000","-9,274,570","-51,572,000","-4,161,000","1,637,000","-17,734,000","12,619,000","5,997,000","18,356,000","21,659,000","18,275,983.312","9,536,373.251","21,407,000","17,344,000","17,386,000","7,555,000","17,963,000","15,412,000","15,431,000","6,213,000","746,000","6,924,000","9,762,000","4,002,000","11,900,000","9,642,000","9,935,800","4,515,000","7,837,000","7,340,000","8,005,000","3,565,000","6,981,000","5,409,000","5,092,000","1,784,000","4,871,000","3,780,200","4,125,000","829,000","8,279,000","4,323,000","3,816,000","1,335,000","3,952,000","5,220,234.893","3,166,000","4,536,000","-7,421,000","8,829,000","9,353,000","5,478,000","6,547,000","7,830,000","7,671,000","4,333,000","3,582,200","-228,200","2,588,366.584","71,400","-17,243,356.382","1,843,800","2,425,600","-277,800","1,160,000","5,740,000","4,960,493.827","3,100,000","4,400,000","4,100,000","3,600,000","1,700,000","2,960,000","2,200,000","1,900,000","600,000","960,000","900,000","700,000","200,000","500,000","700,000","700,000","200,000","-3,000,000","600,000","600,000","-500,000","-1,500,000","800,000","1,100,000","1,100,000","-600,000","400,000","300,000","300,000",,,,,,,,,,,,
InterestExpense,"28,909,000","7,385,000","7,059,000","7,313,000","7,152,000","7,340,000","7,527,000","8,013,000","8,636,000","8,269,000","8,285,000","8,954,000","8,481,000","8,538,000","9,047,000","8,939,000","7,317,000","12,263,000","14,491,000","15,097,000","14,091,000","14,009,000","6,201,000","6,098,000","4,973,000","6,017,000","7,708,000","7,777,000","7,957,000","7,751,000","7,684,000","7,777,000","7,855,000","7,796,000","7,791,000","8,379,000","7,656,000","7,636,000","7,506,000","7,542,000","7,799,000","7,692,000","7,595,000","7,607,000",,,,,,,,,,,,,,,,,,,,,,,,,,,,,,,,,,,,,,,,,,,,,,,,,,,,,,,,,,,,,,,,,,,,,,,,,,,,,,,,
NetInterestIncome,"-28,909,000","-7,385,000","-7,059,000","-7,313,000","-7,152,000","-7,340,000","-7,527,000","-8,013,000","-8,636,000","-8,269,000","-8,285,000","-8,954,000","-8,481,000","-8,538,000","-9,047,000","-8,939,000","-7,317,000","-12,263,000","-14,491,000","-15,097,000","-14,091,000","-14,009,000","-6,201,000","-6,098,000","-4,973,000","-6,017,000","-7,708,000","-7,777,000","-7,957,000","-7,751,000","-7,684,000","-7,777,000","-7,855,000","-7,796,000","-7,791,000","-8,379,000","-7,656,000","-7,636,000","-7,506,000","-7,542,000","-7,799,000","-7,692,000","-7,595,000","-7,607,000",,,,,,,,,,,,,,,,,,,,,,,,,,,,,,,,,,,,,,,,,,,,,,,,,,,,,,,,,,,,,,,,,,,,,,,,,,,,,,,,
EBIT,"67,445,000","-2,705,000","24,722,000","25,501,000","19,927,000","1,854,000","28,986,000","12,917,000","38,703,000","-9,331,000","26,729,000","17,230,000","22,930,000","-2,152,000","22,596,000","15,748,000","20,153,000","-16,551,000","-35,597,000","9,356,000","16,280,000","-9,725,000","26,403,000","16,030,000","34,598,000","39,906,000","29,999,000","22,716,000","38,283,000","35,373,000","35,726,000","19,956,000","34,318,000","31,242,000","32,882,000","18,384,000","10,108,000","18,315,000","23,148,000","14,212,000","27,471,000","23,762,000","24,323,000","15,131,000","21,905,000","20,238,000","21,387,000","14,199,000","19,189,000","18,565,000","17,829,000","12,396,000","18,404,000","17,121,000","15,999,000","10,915,000","17,439,000","16,748,000","15,979,000","11,108,000","15,744,000","-30,794,000","14,279,000","15,761,000","16,358,000","24,592,000","25,188,000","18,219,000","20,280,000","23,068,000","22,882,000","16,412,000","10,329,000","14,225,000","7,033,000","7,190,000","-12,709,000","16,731,000","16,492,000","12,216,000","14,100,000","21,400,000","8,900,000","5,300,000","8,100,000","7,300,000","6,800,000","3,500,000","5,400,000","4,900,000","5,000,000","2,700,000","2,700,000","1,900,000","1,800,000","600,000","1,400,000","1,700,000","1,600,000","1,000,000","100,000","1,400,000","1,600,000","-700,000","-1,100,000","1,200,000","1,400,000","1,400,000","-500,000","800,000","800,000","800,000","-14,300,000","6,100,000","5,800,000","5,000,000","-13,100,000","5,000,000","4,700,000","4,300,000","-7,200,000","2,600,000","2,600,000","2,600,000"
EBITDA,"99,921,000"
ReconciledCostOfRevenue,"364,764,000","85,592,000","97,340,000","92,561,000","89,271,000","75,170,000","86,735,000","81,462,000","69,972,000","77,241,000","123,618,000","82,666,000","82,271,000","69,216,000","90,340,000","84,805,000","86,516,000","76,356,000","88,816,000","82,345,000","83,657,000","74,405,000","81,822,000","67,345,000","92,461,000","79,401,000","79,446,000","67,739,000","-165,103,000","157,244,000","156,334,000","147,717,000","152,428,000","151,489,000","149,528,000","136,997,000","142,455,000","133,481,000","133,305,000","122,419,000","127,309,000","125,864,000","124,596,000","115,108,000","86,684,000","88,533,000","87,767,000","78,614,000","76,040,000","79,506,000","78,490,000","72,102,000","77,831,000","75,787,000","74,891,000","69,753,000","69,321,000","74,133,000","71,219,000","66,930,000","67,849,000","69,745,000","71,579,000","64,805,000","67,014,000","64,179,000","64,755,000","60,095,000","59,959,000","59,370,000","60,712,000","59,024,000","52,038,000","60,948,000","62,769,000","62,366,000","72,090,000","60,312,000","59,875,000","56,654,000","56,000,000","59,600,000","27,700,000","24,900,000","24,400,000","24,000,000","23,300,000","21,300,000","19,500,000","19,800,000","18,600,000","15,900,000","13,500,000","6,500,000","6,400,000","5,900,000","6,300,000","6,300,000","6,100,000","5,900,000","6,500,000","6,100,000","5,700,000","5,100,000","6,700,000","5,400,000","4,900,000","4,400,000","5,500,000","4,500,000","3,500,000","2,700,000",,,,,,,,,,,,
ReconciledDepreciation,"32,476,000","7,955,000","8,355,000","8,159,000","8,007,000","7,998,000","8,334,000","8,803,000","8,879,000","8,831,000","-18,638,000","18,741,000","17,888,000","17,934,000","8,903,000","8,950,000","9,272,000","9,330,000","9,665,000","9,632,000","9,825,000","10,137,000","12,133,000","10,199,000","9,467,000","9,224,000","9,510,000","9,285,000","9,220,000","8,709,000","8,438,000","8,285,000","8,117,000","7,864,000","7,696,000","7,292,000","5,567,000","4,471,000","4,460,000","4,311,000","4,054,000","4,001,000","3,808,000","4,456,000","6,200,000","3,424,000","4,745,000","4,636,000","4,763,000","4,399,000","4,333,000","4,195,000","4,037,000","4,072,000","4,214,000","4,150,000","4,020,000","3,906,000","3,957,000","4,025,000","4,067,000","3,814,000","3,724,000","3,909,000","3,271,000","3,430,000","3,281,000","3,048,000","3,021,000","3,001,000","2,880,000","3,297,000","6,594,000","7,055,000","7,072,000","6,712,000","6,895,000","6,461,000","6,170,000","6,238,000","6,400,000","5,200,000","1,700,000","1,800,000","1,600,000","1,600,000","1,300,000","1,300,000","1,000,000","1,200,000","1,000,000","1,500,000","1,000,000","600,000","600,000","700,000","700,000","700,000","700,000","600,000","800,000","800,000","700,000","800,000","1,200,000","200,000","700,000","600,000","900,000","200,000","600,000","500,000",,,,,,,,,,,,
NetIncomeFromContinuingOperationNetMinorityInterest,"37,335,000","-7,977,000","14,036,000","21,117,000","10,159,000","-3,330,000","16,071,000","6,815,000","31,054,000","-15,748,000","18,750,000","5,691,000","10,035,000","-6,951,000","4,463,000","4,369,000","12,928,000","-22,618,000","-84,413,000","-4,161,000","1,637,000","-17,734,000","12,619,000","5,997,000","18,356,000","21,659,000","14,079,000","9,490,000","21,407,000","17,344,000","17,386,000","7,555,000","17,963,000","15,412,000","15,431,000","6,213,000","746,000","6,924,000","9,762,000","4,002,000","11,900,000","9,642,000","10,036,000","4,515,000","7,837,000","7,340,000","8,005,000","3,565,000","6,981,000","5,409,000","5,092,000","1,784,000","4,871,000","3,458,000","-5,724,000","829,000","8,279,000","4,323,000","3,816,000","1,335,000","3,952,000","-34,902,000","3,166,000","4,536,000","-7,421,000","8,829,000","9,353,000","5,478,000","6,547,000","7,830,000","7,671,000","4,333,000","-4,258,000","-17,000","-4,741,000","132,000","-17,718,000","1,596,000","2,407,000","-279,000","-400,000","3,400,000","4,900,000","3,100,000","4,400,000","4,100,000","3,600,000","1,700,000","2,900,000","2,200,000","1,900,000","600,000","-600,000","900,000","700,000","200,000","500,000","700,000","700,000","200,000","-3,000,000","600,000","600,000","-500,000","-1,500,000","800,000","1,100,000","1,100,000","-600,000","400,000","300,000","300,000",,,,,,,,,,,,
TotalUnusualItemsExcludingGoodwill,,,,,,,,,,,"0","0","0","0","-183,000","0","0","-16,998,000","-54,735,000","0","0","0","0",,"0","0","-6,645,000","-73,000","-480,000",,,,,,,,,,,,"0","0","167,000",,,,,,,,,,"0","-537,000","-16,415,000",,,,,,"0","-45,808,000",,,,,,,,,,,"-13,067,000","352,000","-11,825,000","101,000","-702,000","-413,000","-31,000","-2,000","-2,600,000","-3,900,000","-100,000",,,,,,"-100,000",,,,"-2,600,000",,,,"0",,,,,,,,,,,,,,,,,,,,,,,,,,,
TotalUnusualItems,,,,,,,,,,,"0","0","0","0","-183,000","0","0","-16,998,000","-54,735,000","0","0","0","0",,"0","0","-6,645,000","-73,000","-480,000",,,,,,,,,,,,"0","0","167,000",,,,,,,,,,"0","-537,000","-16,415,000",,,,,,"0","-45,808,000",,,,,,,,,,,"-13,067,000","352,000","-11,825,000","101,000","-702,000","-413,000","-31,000","-2,000","-2,600,000","-3,900,000","-100,000",,,,,,"-100,000",,,,"-2,600,000",,,,"0",,,,,,,,,,,,,,,,,,,,,,,,,,,
NormalizedEBITDA,"99,921,000","5,250,000","33,077,000","33,660,000","27,934,000","9,852,000","37,320,000","21,720,000","47,582,000","-500,000","35,748,000","35,971,000","40,818,000","15,782,000","31,682,000","24,698,000","29,425,000","9,777,000","28,803,000","18,988,000","26,105,000","412,000","38,536,000","26,229,000","44,065,000","49,130,000","46,154,000","32,074,000","47,503,000","44,082,000","44,164,000","28,241,000","42,435,000","39,106,000","40,578,000","25,676,000","15,675,000","22,786,000","27,608,000","18,523,000","31,525,000","27,764,000","27,964,000","19,587,000","28,105,000","24,572,000","26,132,000","18,835,000","23,952,000","22,964,000","22,162,000","16,591,000","22,441,000","21,730,000","36,628,000","15,065,000","21,459,000","20,654,000","19,936,000","15,133,000","19,811,000","18,828,000","18,003,000","19,670,000","19,629,000","28,022,000","28,469,000","21,267,000","23,301,000","26,069,000","25,762,000","19,709,000","29,990,000","20,928,000","25,930,000","13,801,000","-5,112,000","23,605,000","22,693,000","18,456,000","23,100,000","30,500,000","10,800,000","7,100,000","9,700,000","8,900,000","8,100,000","4,800,000","6,500,000","6,100,000","6,000,000","4,200,000","6,300,000","2,500,000","2,400,000","1,300,000","2,100,000","2,400,000","2,300,000","1,600,000","900,000","2,200,000","2,400,000","100,000","100,000","1,700,000","2,100,000","2,000,000","400,000","1,300,000","1,400,000","1,300,000","-14,300,000","6,100,000","5,800,000","5,000,000","-13,100,000","5,000,000","4,700,000","4,300,000","-7,200,000","2,600,000","2,600,000","2,600,000"
TaxRateForCalcs,"0.031","0.209","0.205","0.27","0.205","0.393","0.251","0.27","0.27","0.105","0.27","0.312","0.305","0.35","0.27","0.358","0.27","0.215","0.4","0.275","0.252","0.253","0.375","0.396","0.38","0.361","0.368","0.365","0.294","0.372","0.38","0.38","0.321","0.343","0.385","0.379","0.35","0.352","0.376","0.4","0.395","0.4","0.4","0.4","0.394","0.4","0.4","0.4","0.301","0.35","0.35","0.35","0.4","0.4","0.4","0.4","0.4","0.4","0.4","0.4","0.4","0.124","0.4","0.4","0.358","0.4","0.4","0.4","0.399","0.4","0.4","0.4","0.4","0.4","0.38","0.4","0.324","0.4","0.4","0.4","0.4","0.4","0.395","0.4","0.4","0.4","0.4","0.4","0.4","0.4","0.4","0.4","0.4","0.4","0.4","0.333","0.4","0.4","0.4","0.4","0.063","0.4","0.4","0.4","0.4","0.4","0.4","0.4","0.143","0.4","0.4","0.4",,,,,,,,,,,,
TaxEffectOfUnusualItems,"0","0","0","0","0","0","0","0","0","0","0","0","0","0","-49,410","0","0","-3,654,570","-21,894,000","0","0","0","0","0","0","0","-2,448,016.688","-26,626.749","0","0","0","0","0","0","0","0","0","0","0","0","0","0","66,800","0","0","0","0","0","0","0","0","0","0","-214,800","-6,566,000","0","0","0","0","0","0","-5,685,765.107","0","0","0","0","0","0","0","0","0","0","-5,226,800","140,800","-4,495,633.416","40,400","-227,356.382","-165,200","-12,400","-800","-1,040,000","-1,560,000","-39,506.173","0","0","0","0","0","-40,000","0","0","0","-1,040,000","0","0","0","0","0","0","0","0","0","0","0","0","0","0","0","0","0","0","0",,,,,,,,,,,,