name,ttm,03/31/2022,12/31/2021,09/30/2021,06/30/2021,03/31/2021,12/31/2020,09/30/2020,06/30/2020,03/31/2020,12/31/2019,09/30/2019,06/30/2019,03/31/2019,12/31/2018,09/30/2018,06/30/2018,03/31/2018,12/31/2017,09/30/2017,06/30/2017,03/31/2017,12/31/2016,09/30/2016,06/30/2016,03/31/2016,12/31/2015,09/30/2015,06/30/2015,03/31/2015,12/31/2014,09/30/2014,06/30/2014,03/31/2014,12/31/2013,09/30/2013,06/30/2013,03/31/2013,12/31/2012,09/30/2012,06/30/2012,03/31/2012,12/31/2011,09/30/2011,06/30/2011,03/31/2011,12/31/2010,09/30/2010,06/30/2010,03/31/2010,12/31/2009,09/30/2009,06/30/2009,03/31/2009,12/31/2008,09/30/2008,06/30/2008,03/31/2008,12/31/2007,09/30/2007,06/30/2007,03/31/2007,12/31/2006,09/30/2006,06/30/2006,03/31/2006,12/31/2005,09/30/2005,06/30/2005,03/31/2005,12/31/2004,09/30/2004,06/30/2004,03/31/2004,12/31/2003,09/30/2003,06/30/2003,03/31/2003,12/31/2002,09/30/2002,06/30/2002,03/31/2002,12/31/2001,09/30/2001,06/30/2001,03/31/2001,12/31/2000,09/30/2000,06/30/2000,03/31/2000,12/31/1999,09/30/1999,06/30/1999,03/31/1999,12/31/1998,09/30/1998,06/30/1998,03/31/1998,12/31/1997,09/30/1997,06/30/1997,03/31/1997,12/31/1996,09/30/1996,06/30/1996,03/31/1996,12/31/1995,09/30/1995,06/30/1995,03/31/1995,12/31/1994,09/30/1994,06/30/1994,03/31/1994,12/31/1993,09/30/1993,06/30/1993,03/31/1993,12/31/1992,09/30/1992,06/30/1992,03/31/1992,12/31/1991,09/30/1991,06/30/1991,03/31/1991,12/31/1990,09/30/1990,06/30/1990,03/31/1990,12/31/1989,09/30/1989,06/30/1989,03/31/1989,12/31/1988,09/30/1988,06/30/1988,03/31/1988,12/31/1987,09/30/1987,06/30/1987,03/31/1987,12/31/1986,09/30/1986,06/30/1986,03/31/1986,12/31/1985,09/30/1985
TotalRevenue,"5,408,987,000","1,495,186,000","1,016,433,000","1,365,310,000","1,532,058,000","1,422,507,000","725,222,000","1,165,684,000","865,227,000","1,298,244,000","1,072,271,000","1,272,519,000","1,632,619,000","1,384,380,000","1,145,862,000","1,315,669,000","1,713,223,000","1,542,121,000","1,228,928,000","1,151,195,000","1,765,169,000","1,501,932,000","1,110,600,000","1,274,813,000","1,861,077,000","1,749,968,000","1,180,635,000","1,317,430,000","1,824,392,000","1,672,945,000","1,200,157,000","1,301,604,000","2,000,699,000","1,726,048,000","1,190,634,000","1,343,718,000","1,794,307,000","1,571,213,000","1,170,860,000","1,250,295,000","1,729,660,000","1,429,691,000","1,183,930,000","1,397,256,000","1,505,597,000","1,224,930,000","1,083,398,000","1,259,960,000","1,308,806,000","1,207,172,000","1,216,341,000","1,121,275,000","1,153,645,000","1,290,648,000","1,292,591,000","1,422,834,000","1,572,569,000","1,306,313,000","1,386,354,000","1,541,401,000","1,620,218,000","1,288,038,000","1,887,524,000","1,635,916,000","1,377,047,000","1,380,991,000","1,342,335,000","1,431,151,000","1,333,264,000","1,235,464,000","1,220,997,000","1,300,684,000","1,327,808,000","1,246,195,000","1,158,070,000","1,133,641,000","1,290,159,000","1,184,460,000","1,026,532,000","1,135,499,000","1,061,243,000","969,536,000","894,401,000","850,792,000","850,944,000","767,277,000","756,160,000","714,119,000","754,973,000","681,113,000","662,400,000","623,200,000","608,700,000","558,600,000","563,100,000","517,200,000","517,200,000","466,500,000","447,100,000","444,200,000","444,100,000","427,100,000","381,500,000","385,800,000","392,800,000","371,100,000","47,300,000","427,000,000","486,500,000","389,700,000","412,700,000","384,000,000","401,400,000","343,700,000","329,100,000","284,400,000","334,400,000","269,600,000","312,200,000","271,800,000","273,900,000","247,400,000","237,700,000","240,600,000","265,300,000","196,200,000","194,300,000","203,100,000","249,700,000","217,600,000","203,600,000","181,900,000","234,100,000","197,000,000","197,400,000","181,500,000","204,900,000","173,400,000","167,100,000","170,500,000","185,500,000","162,400,000","72,200,000","68,000,000","84,700,000","70,400,000","73,500,000","74,600,000"
	OperatingRevenue,"5,408,987,000","1,495,186,000","1,016,433,000","1,365,310,000","1,532,058,000","1,422,507,000","725,222,000","1,165,684,000","865,227,000","1,298,244,000","1,072,271,000","1,272,519,000","1,632,619,000","1,384,380,000","1,145,862,000","1,315,669,000","1,713,223,000","1,542,121,000","1,228,928,000","1,151,195,000","1,765,169,000","1,501,932,000","1,110,600,000","1,274,813,000","1,861,077,000","1,749,968,000","1,180,635,000","1,317,430,000","1,824,392,000","1,672,945,000","1,200,157,000","1,301,604,000","2,000,699,000","1,726,048,000","1,190,634,000","1,343,718,000","1,794,307,000","1,571,213,000","1,170,860,000","1,250,295,000","1,729,660,000","1,429,691,000","1,183,930,000","1,397,256,000","1,505,597,000","1,224,930,000","1,083,398,000","1,259,960,000","1,308,806,000","1,207,172,000","1,216,341,000","1,121,275,000","1,153,645,000","1,290,648,000","1,292,591,000","1,422,834,000","1,572,569,000","1,306,313,000","1,386,354,000","1,541,401,000","1,620,218,000","1,288,038,000","1,887,524,000","1,635,916,000","1,377,047,000","1,380,991,000","1,342,335,000","1,431,151,000","1,333,264,000","1,235,464,000","1,220,997,000","1,300,684,000","1,327,808,000","1,246,195,000","1,158,070,000","1,133,641,000","1,290,159,000","1,184,460,000","1,026,532,000","1,135,499,000","1,061,243,000","969,536,000","894,401,000","850,792,000","850,944,000","767,277,000","756,160,000","714,119,000","754,973,000","681,113,000","662,400,000","623,200,000","608,700,000","558,600,000","563,100,000","517,200,000","517,200,000","466,500,000","447,100,000","444,200,000","444,100,000","427,100,000","381,500,000","385,800,000","392,800,000","371,100,000","47,300,000","427,000,000","486,500,000","389,700,000","412,700,000","384,000,000","401,400,000","343,700,000","329,100,000","284,400,000","334,400,000","269,600,000","312,200,000","271,800,000","273,900,000","247,400,000","237,700,000","240,600,000","265,300,000","196,200,000","194,300,000","203,100,000","249,700,000","217,600,000","203,600,000","181,900,000","234,100,000","197,000,000","197,400,000","181,500,000","204,900,000","173,400,000","167,100,000","170,500,000","185,500,000","162,400,000","72,200,000","68,000,000","84,700,000","70,400,000","73,500,000","74,600,000"
CostOfRevenue,"3,506,537,000","937,635,000","700,869,000","894,963,000","973,070,000","867,329,000","480,689,000","744,329,000","623,833,000","833,341,000","705,507,000","802,268,000","1,031,939,000","900,522,000","740,154,000","821,226,000","1,044,979,000","938,624,000","770,111,000","731,330,000","1,045,920,000","894,515,000","688,583,000","767,184,000","1,105,450,000","1,032,249,000","727,183,000","787,496,000","1,044,757,000","958,831,000","761,677,000","776,099,000","1,150,887,000","1,018,414,000","747,034,000","803,913,000","1,075,102,000","935,360,000","738,732,000","757,595,000","1,053,942,000","868,115,000","758,885,000","879,215,000","928,467,000","769,213,000","918,494,000","707,309,000","807,238,000","657,788,000","569,513,000","750,189,000","767,367,000","813,865,000","883,905,000","938,762,000","1,010,645,000","830,176,000","891,820,000","950,048,000","1,015,051,000","806,055,000","1,105,748,000","983,661,000","860,721,000","836,146,000","827,825,000","869,879,000","832,830,000","771,181,000","759,575,000","806,116,000","824,392,000","755,753,000","742,044,000","730,351,000","802,475,000","738,071,000","655,906,000","738,649,000","689,115,000","642,108,000","574,773,000","548,485,000","555,991,000","504,160,000","458,657,000","441,252,000","464,827,000","417,463,000","402,100,000","389,000,000","369,100,000","343,100,000","346,300,000","323,800,000","318,300,000","297,600,000","275,800,000","281,100,000","277,000,000","272,300,000","236,800,000","251,600,000","254,300,000","243,200,000","-30,100,000","305,600,000","346,200,000","275,100,000","291,300,000","268,600,000","279,200,000","243,800,000","203,400,000","199,600,000","234,700,000","185,200,000","213,800,000","199,100,000","194,800,000","177,900,000","172,300,000","176,600,000","190,200,000","144,300,000","134,400,000","145,700,000","177,800,000","155,300,000","144,500,000","131,400,000",,,,,,,,,,,,,,,,
GrossProfit,"1,902,450,000","557,551,000","315,564,000","470,347,000","558,988,000","555,178,000","244,533,000","421,355,000","241,394,000","464,903,000","366,764,000","470,251,000","600,680,000","483,858,000","405,708,000","494,443,000","668,244,000","603,497,000","458,817,000","419,865,000","719,249,000","607,417,000","422,017,000","507,629,000","755,627,000","717,719,000","453,452,000","529,934,000","779,635,000","714,114,000","438,480,000","525,505,000","849,812,000","707,634,000","443,600,000","539,805,000","719,205,000","635,853,000","432,128,000","492,700,000","675,718,000","561,576,000","425,045,000","518,041,000","577,130,000","455,717,000","164,904,000","552,651,000","501,568,000","549,384,000","646,828,000","371,086,000","386,278,000","476,783,000","408,686,000","484,072,000","561,924,000","476,137,000","494,534,000","591,353,000","605,167,000","481,983,000","781,776,000","652,255,000","516,326,000","544,845,000","514,510,000","561,272,000","500,434,000","464,283,000","461,422,000","494,568,000","503,416,000","490,442,000","416,026,000","403,290,000","487,684,000","446,389,000","370,626,000","396,850,000","372,128,000","327,428,000","319,628,000","302,307,000","294,953,000","263,117,000","297,503,000","272,867,000","290,146,000","263,650,000","260,300,000","234,200,000","239,600,000","215,500,000","216,800,000","193,400,000","198,900,000","168,900,000","171,300,000","163,100,000","167,100,000","154,800,000","144,700,000","134,200,000","138,500,000","127,900,000","77,400,000","121,400,000","140,300,000","114,600,000","121,400,000","115,400,000","122,200,000","99,900,000","125,700,000","84,800,000","99,700,000","84,400,000","98,400,000","72,700,000","79,100,000","69,500,000","65,400,000","64,000,000","75,100,000","51,900,000","59,900,000","57,400,000","71,900,000","62,300,000","59,100,000","50,500,000",,,,,,,,,,,,,,,,
OperatingExpense,"1,132,300,000","268,447,000","320,623,000","265,520,000","277,710,000","209,370,000","320,007,000","239,556,000","315,544,000","357,390,000","353,698,000","342,778,000","334,000,000","303,116,000","382,608,000","330,195,000","331,927,000","320,238,000","357,322,000","323,157,000","317,667,000","315,939,000","352,607,000","329,253,000","343,305,000","328,891,000","386,227,000","314,098,000","317,119,000","303,996,000","340,147,000","301,432,000","302,117,000","296,752,000","321,982,000","287,620,000","292,681,000","284,609,000","314,391,000","266,428,000","277,985,000","274,667,000","313,695,000","262,924,000","261,634,000","239,721,000","323,617,000","270,025,000","252,691,000","267,156,000","517,356,000","200,261,000","457,827,000","221,080,000","367,345,000","216,070,000","216,061,000","185,084,000","208,879,000","185,891,000","160,135,000","192,571,000","396,903,000","168,268,000","141,852,000","134,028,000","163,862,000","150,410,000","137,075,000","119,141,000","145,223,000","141,254,000","124,360,000","127,207,000","1,118,517,000","118,471,000","180,648,000","167,880,000","135,438,000","147,376,000","118,771,000","145,705,000","198,449,000","133,101,000","121,843,000","125,384,000","168,733,000","158,447,000","165,177,000","154,015,000","152,200,000","140,300,000","142,100,000","126,800,000","129,100,000","116,900,000","117,900,000","100,800,000","105,900,000","101,800,000","96,700,000","94,400,000","86,700,000","85,100,000","77,300,000","75,600,000","29,200,000","85,100,000","86,700,000","75,600,000","80,700,000","77,600,000","73,500,000","66,800,000","148,900,000","56,900,000","59,600,000","59,200,000","73,500,000","48,600,000","47,500,000","52,800,000","52,400,000","47,700,000","45,600,000","42,000,000","46,600,000","43,800,000","40,000,000","37,800,000","46,000,000","35,900,000",,,,,,,,,,,,,,,,
	SellingGeneralAndAdministration,"1,055,955,000","239,625,000","300,509,000","254,312,000","261,509,000","231,844,000","316,570,000","231,721,000","224,365,000","277,971,000","313,783,000","309,031,000","307,617,000","268,625,000","348,200,000","306,665,000","313,047,000","290,186,000","323,937,000","293,904,000","291,450,000","272,350,000","313,117,000","292,710,000","319,844,000","291,768,000","353,537,000","286,865,000","301,944,000","277,749,000","316,990,000","279,935,000","286,156,000","276,421,000","300,985,000","273,016,000","281,384,000","271,499,000","304,975,000","257,359,000","283,244,000","265,653,000","301,669,000","256,735,000","268,424,000","234,115,000","299,616,000","241,976,000","243,429,000","235,350,000","348,150,000","200,261,000","209,893,000","221,080,000","259,658,000","251,703,000","253,208,000","219,991,000","247,433,000","235,360,000","225,344,000","192,571,000","233,825,000","223,458,000","198,109,000","185,659,000","203,327,000","197,985,000","188,096,000","172,700,000","278,368,000","191,328,000","173,367,000","177,520,000","260,838,000","164,684,000","180,648,000","167,880,000","246,752,000","177,055,000","155,811,000","145,705,000","154,146,000","149,339,000","144,929,000","130,363,000","133,983,000","125,194,000","132,177,000","121,670,000","120,800,000","110,800,000","115,500,000","100,500,000","104,400,000","94,600,000","96,600,000","81,700,000","87,000,000","83,900,000","79,900,000","77,800,000","70,900,000","71,300,000","63,700,000","63,500,000","18,800,000","74,500,000","75,400,000","65,600,000","70,600,000","68,700,000","64,700,000","57,200,000","117,900,000","48,300,000","50,800,000","50,300,000","64,600,000","48,600,000","40,400,000","45,600,000","47,000,000","42,600,000","39,600,000","35,900,000","40,800,000","37,200,000","34,400,000","33,300,000","39,700,000","31,300,000",,,,,,,,,,,,,,,,
	DepreciationAmortizationDepletionIncomeStatement,,,,,,,,,,,,,,,,,,,,,,,,,,,,,,,,,,,,,,,,,,,,,,,,,,,,,,,,,,,,,,,,,,,,,,,,,,,,,,,,,,,,,,,"34,750,000","33,253,000","33,000,000","32,345,000","31,400,000","29,500,000","26,600,000","26,300,000","24,700,000","22,300,000","21,300,000","19,100,000","18,900,000","17,900,000","16,800,000","16,600,000","15,800,000","13,800,000","13,600,000","12,100,000","10,400,000","10,600,000","11,300,000","10,000,000","10,100,000","8,900,000","8,800,000","9,600,000","31,000,000","8,600,000","8,800,000","8,900,000","8,900,000",,"7,100,000","7,200,000","5,400,000","5,100,000","6,000,000","6,100,000","5,800,000","6,600,000","5,600,000","4,500,000","6,300,000","4,600,000",,,,,,,,,,,,,,,,
		DepreciationAndAmortizationInIncomeStatement,,,,,,,,,,,,,,,,,,,,,,,,,,,,,,,,,,,,,,,,,,,,,,,,,,,,,,,,,,,,,,,,,,,,,,,,,,,,,,,,,,,,,,,"34,750,000","33,253,000","33,000,000","32,345,000","31,400,000","29,500,000","26,600,000","26,300,000","24,700,000","22,300,000","21,300,000","19,100,000","18,900,000","17,900,000","16,800,000","16,600,000","15,800,000","13,800,000","13,600,000","12,100,000","10,400,000","10,600,000","11,300,000","10,000,000","10,100,000","8,900,000","8,800,000","9,600,000","31,000,000","8,600,000","8,800,000","8,900,000","8,900,000",,"7,100,000","7,200,000","5,400,000","5,100,000","6,000,000","6,100,000","5,800,000","6,600,000","5,600,000","4,500,000","6,300,000","4,600,000",,,,,,,,,,,,,,,,
	ProvisionForDoubtfulAccounts,,,,,"16,201,000","-22,474,000","3,437,000","7,835,000","91,179,000","79,419,000","39,915,000","33,747,000","26,383,000","34,491,000","34,408,000","23,530,000","18,880,000","30,052,000","33,385,000","29,253,000","26,217,000","43,589,000","39,490,000","36,543,000","23,461,000","37,123,000","32,690,000","27,233,000","15,175,000","26,247,000","23,157,000","21,497,000","15,961,000","20,331,000","20,997,000","14,604,000","11,297,000","13,110,000","9,416,000","9,069,000","-5,259,000","9,014,000","12,026,000","6,189,000","-6,790,000","5,606,000","24,001,000","28,049,000","9,262,000","31,806,000",,,,,,,,,,,,,,,,,,,,,,,,,,,,,,,,,,,,,,,,,,,,,,,,,,,,,,,,,,,,,,,,,,,,,,,,,,,,,,,,,,,,,,,,,,,,,,,,,,
	OtherOperatingExpenses,"76,345,000","28,822,000","20,114,000","11,208,000","16,201,000","-22,474,000","3,437,000","7,835,000","91,179,000","79,419,000","39,915,000","33,747,000","26,383,000","34,491,000","34,408,000","23,530,000","18,880,000","30,052,000","33,385,000","29,253,000","26,217,000","43,589,000","39,490,000","36,543,000","23,461,000","37,123,000","32,690,000","27,233,000","15,175,000","26,247,000","23,157,000","21,497,000","15,961,000","20,331,000","20,997,000","14,604,000","11,297,000","13,110,000",,,,,,,,,,"-172,845,000","-173,705,000","-26,682,000",,,"247,934,000",,,"-35,633,000","-37,147,000","-34,907,000","-38,554,000","-49,469,000","-65,209,000",,,"-55,190,000","-56,257,000","-51,631,000","-39,465,000","-47,575,000","-51,021,000","-53,559,000","-133,145,000","-50,074,000","-49,007,000","-50,313,000","857,679,000","-46,213,000",,,"-111,314,000","-29,679,000","-37,040,000",,,"-16,238,000","-23,086,000","-4,979,000",,,,,,,,,,,,,,,,,,,,,,,,,,,,,,,,,,,,,,,,,,,,,,,,,,,,,,,,,,,,,,
OperatingIncome,"770,150,000","289,104,000","-5,059,000","204,827,000","281,278,000","345,808,000","-75,474,000","181,799,000","-74,150,000","107,513,000","13,066,000","127,473,000","266,680,000","180,742,000","23,100,000","164,248,000","336,317,000","283,259,000","101,495,000","96,708,000","401,582,000","291,478,000","69,410,000","178,376,000","412,322,000","388,828,000","67,225,000","215,836,000","462,516,000","410,118,000","98,333,000","224,073,000","547,695,000","410,882,000","121,618,000","252,185,000","426,524,000","351,244,000","117,737,000","226,272,000","397,733,000","286,909,000","111,350,000","255,117,000","315,496,000","215,996,000","-158,713,000","282,626,000","248,877,000","282,228,000","129,472,000","170,825,000","-71,549,000","255,703,000","41,341,000","268,002,000","345,863,000","291,053,000","285,655,000","405,462,000","445,032,000","289,412,000","384,873,000","483,987,000","374,474,000","410,817,000","350,648,000","410,862,000","363,359,000","345,142,000","316,199,000","353,314,000","379,056,000","363,235,000","-702,491,000","284,819,000","307,036,000","278,509,000","235,188,000","249,474,000","253,357,000","181,723,000","121,179,000","169,206,000","173,110,000","137,733,000","128,770,000","114,420,000","124,969,000","109,635,000","108,100,000","93,900,000","97,500,000","88,700,000","87,700,000","76,500,000","81,000,000","68,100,000","65,400,000","61,300,000","70,400,000","60,400,000","58,000,000","49,100,000","61,200,000","52,300,000","48,200,000","36,300,000","53,600,000","39,000,000","40,700,000","37,800,000","48,700,000","33,100,000","-23,200,000","27,900,000","40,100,000","25,200,000","24,900,000","24,100,000","31,600,000","16,700,000","13,000,000","16,300,000","29,500,000","9,900,000","13,300,000","13,600,000","31,900,000","24,500,000","13,100,000","14,600,000","234,100,000","197,000,000","-493,700,000","181,500,000","204,900,000","173,400,000","-462,400,000","170,500,000","185,500,000","162,400,000","-207,100,000","68,000,000","84,700,000","70,400,000","-201,100,000","74,600,000"
NetNonOperatingInterestIncomeExpense,"-30,975,000","-7,711,000","-7,763,000","-7,779,000","-7,722,000","-7,708,000","-7,814,000","-7,783,000","-7,769,000","-7,755,000","-7,774,000","-7,789,000","-7,784,000","-7,731,000","-7,704,000","-7,762,000","-7,728,000","-7,690,000","-7,709,000","-7,896,000","-7,726,000","-7,673,000","-7,702,000","-7,706,000","-7,094,000","-7,168,000","-7,220,000","-4,879,000","-9,000","-9,000","-15,000","-77,000","-393,000","-3,677,000","-11,258,000","-11,369,000","-11,238,000","-11,391,000","-17,116,000","-9,991,000","-9,364,000","-9,562,000","-8,827,000","-8,791,000","-9,602,000","-10,083,000","198,337,000","-85,882,000","-22,040,000","-104,658,000","-210,950,000","-31,652,000","-63,657,000","945,000",,,,,,,,,,,,,,,,,,,,,,,,,,,,,,,,,,,,,,,,,,,,,,,,,,,,,,,,,,,,,,,,,,,,,,,,,,,,,,,,,,,,,,,,,,,,,,
	InterestIncomeNonOperating,,,,,,,,,,,,,,,,,,,,,,,,,,,,,,,,,,,,,,,,"1,447,000","2,231,000","1,933,000","2,338,000","2,479,000","1,748,000","1,398,000",,,"1,551,000",,,"136,993,000","123,967,000","104,667,000",,,,,,,,,,,,,,,,,,,,,,,,,,,,,,,,,,,,,,,,,,,,,,,,,,,,,,,,,,,,,,,,,,,,,,,,,,,,,,,,,,,,,,,,,,,,,,
	InterestExpenseNonOperating,"30,975,000","7,711,000","7,763,000","7,779,000","7,722,000","7,708,000","7,814,000","7,783,000","7,769,000","7,755,000","7,774,000","7,789,000","7,784,000","7,731,000","7,704,000","7,762,000","7,728,000","7,690,000","7,709,000","7,896,000","7,726,000","7,673,000","7,702,000","7,706,000","7,094,000","7,168,000","7,220,000","4,879,000","9,000","9,000","15,000","77,000","393,000","3,677,000","11,258,000","11,369,000","11,238,000","11,391,000","11,505,000","11,438,000","11,595,000","11,495,000","11,165,000","11,270,000","11,350,000","11,481,000","-192,895,000","85,882,000","23,591,000","104,658,000","-154,677,000","168,645,000","187,624,000","103,722,000",,,,,,,,,,,,,,,,,,,,,,,,,,,,,,,,,,,,,,,,,,,,,,,,,,,,,,,,,,,,,,,,,,,,,,,,,,,,,,,,,,,,,,,,,,,,,,
OtherIncomeExpense,"30,489,000","9,179,000","18,366,000","441,000","2,503,000","2,045,000","-41,981,000","-41,088,000","-36,036,000","-5,192,000","8,387,000","-2,428,000","-2,815,000","-2,612,000","-19,506,000","-15,294,000","-9,192,000","-45,419,000","1,041,000","1,083,000","577,000","879,000","891,000","2,300,000","688,000","766,000","602,000","3,211,000","1,450,000","1,322,000","1,559,000","1,509,000","1,772,000","1,659,000","1,731,000","515,000","7,067,000","-1,323,000","5,735,000","-9,170,000","-6,220,000","-11,451,000","-18,970,000","-12,429,000","-13,594,000","-22,999,000","63,910,000","-66,237,000","-30,125,000","-47,360,000","-102,411,000","-69,890,000","-43,201,000","-32,909,000","2,462,000","2,751,000","2,240,000","93,289,000","99,667,000","5,353,000","5,335,000","8,744,000","3,859,000","4,659,000","5,885,000",,"-48,241,000","47,496,000","55,710,000","53,559,000","61,466,000","51,773,000","53,271,000","-713,000","53,132,000","45,938,000","-4,659,000","-216,000","40,533,000","27,246,000","-366,000","-765,000","13,208,000","14,413,000","23,069,000","4,059,000","10,789,000","8,997,000","11,471,000","21,922,000","6,300,000","6,900,000","10,500,000","4,300,000","8,400,000","5,900,000","6,400,000","2,200,000","3,500,000","4,000,000","7,600,000","3,600,000","1,100,000","3,500,000","2,300,000","500,000","-200,000","1,500,000","200,000",,"400,000","300,000","600,000","1,300,000",,,"400,000","300,000","800,000","-2,000,000","-400,000","-900,000","-800,000","-200,000","-900,000","-400,000","-5,800,000","-1,000,000","-1,300,000","-1,100,000","4,000,000","100,000",,,,,,,,,,,,,,,,
	GainOnSaleOfSecurity,"3,313,000","-1,979,000","2,363,000","198,000","2,731,000","1,402,000","4,478,000","2,672,000","5,757,000","-5,347,000","4,401,000","2,041,000","3,571,000","6,358,000","-1,679,000","-1,106,000","2,533,000","1,203,000","1,041,000","1,083,000","577,000","879,000","891,000","2,300,000","688,000","766,000","602,000","3,211,000","1,450,000","1,322,000","1,559,000","1,509,000","1,772,000","1,659,000","1,313,000","1,161,000","1,770,000","1,615,000","1,758,000",,,,,,,,,,,,,,,,,,,,,,,,,,,,,,,,,,,,,,,,,,,,,,,,,,,,,,,,,,,,,,,,,,,,,,,,,,,,,,,,,,,,,,,,,,,,,,,,,,,,,,,,,,,,,
	SpecialIncomeCharges,"-3,653,000","128,000","-2,248,000","-615,000","-918,000","366,000","-44,145,000","-43,915,000","-41,949,000","0","-671,000","-7,629,000","-10,423,000","-13,630,000","-19,357,000","-14,832,000","-12,370,000","-46,842,000",,,,,,,,,,,,,"0","0","0","0","418,000","-646,000","5,297,000","-2,938,000","-1,634,000","-9,170,000","-6,220,000","-11,451,000","-18,970,000","-12,429,000","-13,594,000","-22,999,000","63,910,000","-66,237,000","-30,125,000","-47,360,000","-102,411,000","-69,890,000","-43,201,000","-32,909,000","2,462,000","2,751,000","2,240,000","93,289,000","99,667,000","5,353,000","5,335,000","8,744,000","3,859,000","4,659,000","5,885,000",,"-48,241,000","47,496,000","55,710,000","53,559,000","61,466,000","51,773,000","53,271,000","-713,000","53,132,000","45,938,000","-4,659,000","-216,000","40,533,000","27,246,000","-366,000","-765,000","13,208,000","14,413,000","23,069,000","4,059,000","10,789,000","8,997,000","11,471,000","21,922,000","6,300,000","6,900,000","10,500,000","4,300,000","8,400,000","5,900,000","6,400,000","2,200,000","3,500,000","4,000,000","7,600,000","3,600,000","1,100,000","3,500,000","2,300,000","500,000","-200,000","1,500,000","200,000",,"400,000","300,000","600,000","1,300,000",,,"400,000","300,000","800,000","-2,000,000","-400,000","-900,000","-800,000","-200,000","-900,000","-400,000","-5,800,000","-1,000,000","-1,300,000","-1,100,000","4,000,000","100,000",,,,,,,,,,,,,,,,
		RestructuringAndMergernAcquisition,"3,653,000","-128,000","2,248,000","615,000","918,000","-366,000","44,145,000","43,915,000","41,949,000","0","671,000","7,629,000","10,423,000","13,630,000","19,357,000","14,832,000","12,370,000","46,842,000",,,,,,,,,,,,,"0","0","0","0","-418,000","646,000","-5,297,000","2,938,000","1,634,000","9,170,000","6,220,000","11,451,000","18,970,000","12,429,000","13,594,000","22,999,000","17,671,000","67,476,000","30,125,000","48,236,000","122,336,000","51,949,000","15,131,000","34,862,000",,,,,,,,,,,,,,,,,,,,,,,,,,,,,,,,,,,,,,,,,,,,,,,,,,,,,,,,,,,,,,,,,,,,,,,,,,,,,,,,,,,,,,,,,,,,,,
		ImpairmentOfCapitalAssets,,,,,,,,,,,,,,,,,,,,,,,,,,,,,,,,,,,,,,,,,,,,,,,,"0","0",,"-18,888,000","18,888,000","28,387,000",,,,,,,,,,,,,,,,,,,,,,,,,,,,,,,,,,,,,,,,,,,,,,,,,,,,,,,,,,,,,,,,,,,,,,,,,,,,,,,,,,,,,,,,,,,,,,,
		OtherSpecialCharges,,,,,,,,,,,,,,,,,,,,,,,,,,,,,,,,,,,,,,,,"-1,447,000","-2,231,000","-1,933,000",,"-2,479,000","-1,748,000","-1,398,000","-81,581,000","-1,239,000","-1,551,000","-876,000","-1,037,000","-947,000","-317,000","-1,953,000",,,,,,,,,,,,,,,,,,,,,,,,,,,,,,,,,,,,,,,,,,,,,,,,,,,,,,,,,,,,,,,,,,,,,,,,,,,,,,,,,,,,,,,,,,,,,,
	OtherNonOperatingIncomeExpenses,"30,829,000","11,030,000","18,251,000","858,000","690,000","277,000","-2,314,000","155,000","156,000","155,000","4,657,000","3,160,000","4,037,000","4,660,000","1,530,000","644,000","645,000","220,000",,,,,,,,,,,,,,,,,,,,,,,,,,,,,,,,,,,,,,,,,,,,,,,,,,,,,,,,,,,,,,,,,,,,,,,,,,,,,,,,,,,,,,,,,,,,,,,,,,,,,,,,,,,,,,,,,,,,,,,,,,,,,,,,,,
PretaxIncome,"769,664,000","290,572,000","5,544,000","197,489,000","276,059,000","340,145,000","-125,269,000","132,928,000","-117,955,000","94,566,000","13,679,000","117,256,000","256,081,000","170,399,000","-4,110,000","141,192,000","319,397,000","230,150,000","94,827,000","89,895,000","394,433,000","284,684,000","62,599,000","172,970,000","405,916,000","382,426,000","60,607,000","214,168,000","463,957,000","411,431,000","99,877,000","225,505,000","549,074,000","408,864,000","112,091,000","241,331,000","422,353,000","338,530,000","106,356,000","207,111,000","382,149,000","265,896,000","83,553,000","233,897,000","292,300,000","182,914,000","-66,960,000","130,507,000","196,712,000","130,210,000","-183,889,000","69,283,000","69,527,000","223,739,000","123,252,000","269,527,000","348,103,000","293,095,000","288,481,000","410,815,000","450,367,000","298,156,000","388,732,000","488,646,000","380,359,000","366,503,000","356,657,000","410,783,000","368,048,000","352,271,000","323,974,000","355,013,000","383,320,000","317,179,000","282,836,000","290,184,000","308,765,000","284,250,000","230,322,000","251,935,000","220,366,000","183,204,000","182,076,000","171,880,000","177,887,000","141,612,000","145,523,000","128,740,000","139,864,000","134,429,000","116,900,000","103,000,000","108,000,000","92,900,000","96,100,000","82,500,000","87,200,000","70,400,000","69,000,000","65,200,000","78,100,000","64,000,000","59,200,000","52,700,000","63,400,000","52,400,000","47,800,000","37,800,000","53,000,000","37,500,000","40,800,000","38,000,000","49,200,000","34,100,000","-25,700,000","27,100,000","40,200,000","25,000,000","23,700,000","20,900,000","29,800,000","14,300,000","10,700,000","13,300,000","26,700,000","7,400,000","3,600,000","10,400,000","27,900,000","20,600,000","12,300,000","11,000,000",,,,,,,,,,,,,,,,
TaxProvision,"156,282,000","68,070,000","-16,023,000","34,516,000","69,719,000","81,001,000","-28,871,000","12,710,000","-25,738,000","24,871,000","183,000","30,693,000","60,450,000","42,454,000","-4,605,000","27,337,000","77,059,000","55,387,000","86,513,000","21,686,000","135,566,000","98,315,000","15,420,000","58,905,000","125,485,000","131,937,000","18,411,000","73,821,000","164,147,000","141,577,000","25,402,000","75,439,000","194,921,000","142,947,000","36,682,000","78,615,000","150,614,000","114,401,000","35,717,000","73,110,000","134,899,000","93,861,000","28,909,000","50,303,000","101,720,000","63,654,000","-24,884,000","36,790,000","57,425,000","61,469,000","-90,950,000","42,800,000","49,777,000","106,392,000","45,443,000","102,986,000","125,316,000","105,514,000","102,404,000","145,849,000","159,877,000","105,846,000","136,306,000","175,912,000","136,929,000","131,940,000","126,613,000","145,829,000","130,657,000","125,056,000","115,012,000","126,030,000","136,079,000","112,599,000","100,406,000","100,112,000","106,523,000","98,066,000","79,461,000","86,918,000","76,025,000","63,206,000","63,726,000","60,159,000","62,260,000","49,564,000","51,662,000","45,702,000","49,277,000","54,202,000","42,700,000","37,600,000","39,400,000","33,900,000","35,100,000","30,100,000","31,800,000","25,700,000","25,500,000","24,100,000","28,900,000","23,700,000","21,900,000","19,500,000","23,500,000","19,400,000","17,400,000","14,100,000","19,600,000","13,900,000","15,700,000","14,200,000","14,600,000","13,300,000","11,200,000","10,700,000","16,400,000","9,900,000","9,200,000","7,700,000","12,000,000","5,600,000","3,400,000","4,400,000","10,400,000","2,900,000","700,000","3,200,000","11,800,000","8,500,000","4,600,000","4,100,000",,,,,,,,,,,,,,,,
NetIncomeCommonStockholders,"613,382,000","222,502,000","21,567,000","162,973,000","206,340,000","259,144,000","-96,398,000","120,218,000","-92,217,000","69,695,000","13,496,000","86,563,000","195,631,000","127,945,000","495,000","113,855,000","242,338,000","174,763,000","8,314,000","68,209,000","258,867,000","186,369,000","47,179,000","114,065,000","280,431,000","250,489,000","42,196,000","140,347,000","299,810,000","269,854,000","74,475,000","150,066,000","354,153,000","265,917,000","75,409,000","162,716,000","271,739,000","224,129,000","70,639,000","134,001,000","247,250,000","172,035,000","105,680,000","183,594,000","190,580,000","119,260,000","-46,766,000","88,829,000","71,157,000","33,325,000","-218,696,000","26,483,000","19,750,000","117,347,000","77,809,000","166,541,000","222,787,000","187,581,000","186,077,000","264,966,000","290,490,000","192,310,000","252,426,000","312,734,000","243,430,000","234,563,000","230,044,000","264,954,000","237,391,000","227,215,000","208,962,000","228,983,000","247,241,000","204,580,000","182,430,000","190,072,000","202,242,000","186,184,000","150,861,000","165,017,000","144,341,000","119,998,000","118,350,000","111,721,000","115,627,000","92,048,000","93,861,000","83,038,000","90,587,000","80,227,000","74,200,000","65,400,000","68,600,000","59,000,000","61,000,000","52,400,000","55,400,000","44,700,000","43,500,000","41,100,000","49,200,000","40,300,000","59,900,000","33,200,000","39,900,000","33,000,000","31,800,000","23,700,000","33,400,000","23,600,000","25,100,000","23,800,000","34,600,000","20,800,000","-36,900,000","16,400,000","23,800,000","-15,200,000","14,500,000","13,200,000","17,400,000","8,700,000","7,300,000","8,900,000","16,300,000","4,500,000","2,900,000","7,200,000","16,100,000","12,100,000","10,100,000","7,300,000",,,,,,,,,,,,,,,,
	NetIncome,"613,382,000","222,502,000","21,567,000","162,973,000","206,340,000","259,144,000","-96,398,000","120,218,000","-92,217,000","69,695,000","13,496,000","86,563,000","195,631,000","127,945,000","495,000","113,855,000","242,338,000","174,763,000","8,314,000","68,209,000","258,867,000","186,369,000","47,179,000","114,065,000","280,431,000","250,489,000","42,196,000","140,347,000","299,810,000","269,854,000","74,475,000","150,066,000","354,153,000","265,917,000","75,409,000","162,716,000","271,739,000","224,129,000","70,639,000","134,001,000","247,250,000","172,035,000","105,680,000","183,594,000","190,580,000","119,260,000","-46,766,000","88,829,000","71,157,000","33,325,000","-218,696,000","26,483,000","19,750,000","117,347,000","77,809,000","166,541,000","222,787,000","187,581,000","186,077,000","264,966,000","290,490,000","192,310,000","252,426,000","312,734,000","243,430,000","234,563,000","230,044,000","264,954,000","237,391,000","227,215,000","208,962,000","228,983,000","247,241,000","204,580,000","182,430,000","190,072,000","202,242,000","186,184,000","150,861,000","165,017,000","144,341,000","119,998,000","118,350,000","111,721,000","115,627,000","92,048,000","93,861,000","83,038,000","90,587,000","80,227,000","74,200,000","65,400,000","68,600,000","59,000,000","61,000,000","52,400,000","55,400,000","44,700,000","43,500,000","41,100,000","49,200,000","40,300,000","59,900,000","33,200,000","39,900,000","33,000,000","31,800,000","23,700,000","33,400,000","23,600,000","25,100,000","23,800,000","34,600,000","20,800,000","-36,900,000","16,400,000","23,800,000","-15,200,000","14,500,000","13,200,000","17,400,000","8,700,000","7,300,000","8,900,000","16,300,000","4,500,000","2,900,000","7,200,000","16,100,000","12,100,000","10,100,000","7,300,000",,,,,,,,,,,,,,,,
		NetIncomeIncludingNoncontrollingInterests,"613,382,000","222,502,000","21,567,000","162,973,000","206,340,000","259,144,000","-96,398,000","120,218,000","-92,217,000","69,695,000","13,496,000","86,563,000","195,631,000","127,945,000","495,000","113,855,000","242,338,000","174,763,000","8,314,000","68,209,000","258,867,000","186,369,000","47,179,000","114,065,000","280,431,000","250,489,000","42,196,000","140,347,000","299,810,000","269,854,000","74,475,000","150,066,000","354,153,000","265,917,000","75,409,000","162,716,000","271,739,000","224,129,000","70,639,000","134,001,000","247,250,000","172,035,000","105,680,000","183,594,000","190,580,000","119,260,000","-46,766,000","88,829,000","71,157,000","33,325,000","-218,696,000","26,483,000","19,750,000","117,347,000","77,809,000","166,541,000","222,787,000","187,581,000","186,077,000","264,966,000","290,490,000","192,310,000","252,426,000","312,734,000","243,430,000","234,563,000","230,044,000","264,954,000","237,391,000","227,215,000","208,962,000","228,983,000","247,241,000","204,580,000","182,430,000","190,072,000","202,242,000","186,184,000","150,861,000","165,017,000","144,341,000","119,998,000","118,350,000","111,721,000","115,627,000","92,048,000","93,861,000","83,038,000","90,587,000","80,227,000","74,200,000","65,400,000","68,600,000","59,000,000","61,000,000","52,400,000","55,400,000","44,700,000","43,500,000","41,100,000","49,200,000","40,300,000","59,900,000","33,200,000","39,900,000","33,000,000","31,800,000","23,700,000","33,400,000","23,600,000","25,100,000","23,800,000","34,600,000","20,800,000","-36,900,000","16,400,000","23,800,000","-15,200,000","14,500,000","13,200,000","17,400,000","8,700,000","7,300,000","8,900,000","16,300,000","4,500,000","2,900,000","7,200,000","16,100,000","12,100,000","10,100,000","7,300,000","10,900,000","7,800,000","6,100,000","6,300,000","8,700,000","6,200,000","4,400,000","4,100,000","5,400,000","3,700,000","1,300,000","300,000","3,100,000","-400,000","1,800,000","-400,000"
			NetIncomeContinuousOperations,"613,382,000","222,502,000","21,567,000","162,973,000","206,340,000","259,144,000","-96,398,000","120,218,000","-92,217,000","69,695,000","13,496,000","86,563,000","195,631,000","127,945,000","495,000","113,855,000","242,338,000","174,763,000","8,314,000","68,209,000","258,867,000","186,369,000","47,179,000","114,065,000","280,431,000","250,489,000","42,196,000","140,347,000","299,810,000","269,854,000","74,475,000","150,066,000","354,153,000","265,917,000","75,409,000","162,716,000","271,739,000","224,129,000","70,639,000","134,001,000","247,250,000","172,035,000","54,644,000","183,594,000","190,580,000","119,260,000","-42,076,000","93,717,000","139,287,000","68,741,000","-92,939,000","26,483,000","19,750,000","117,347,000","77,809,000","166,541,000","222,787,000","187,581,000","186,077,000","264,966,000","290,490,000","192,310,000","252,426,000","312,734,000","243,430,000","234,563,000","230,044,000","264,954,000","237,391,000","227,215,000","208,962,000","228,983,000","247,241,000","204,580,000","182,430,000","190,072,000","202,242,000","186,184,000","150,861,000","165,017,000","144,341,000","119,998,000","118,350,000","111,721,000","115,627,000","92,048,000","93,861,000","83,038,000","90,587,000","80,227,000","74,200,000","65,400,000","68,600,000","59,000,000","61,000,000","52,400,000","55,400,000","44,700,000","43,500,000","41,100,000","49,200,000","40,300,000","37,300,000","33,200,000","39,900,000","33,000,000","30,400,000","23,700,000","33,400,000","23,600,000","25,100,000","23,800,000","34,600,000","20,800,000","-36,900,000","16,400,000","23,800,000","15,100,000","14,500,000","13,200,000","17,800,000","8,700,000","7,300,000","8,900,000","16,300,000","4,500,000","2,900,000","7,200,000","16,100,000","12,100,000","7,700,000","6,900,000","10,900,000","7,800,000","6,100,000","6,300,000","8,700,000","6,200,000","4,400,000","4,100,000","5,400,000","3,700,000","1,300,000","300,000","3,100,000","-400,000","1,800,000","-400,000"
			NetIncomeDiscontinuousOperations,,,,,,,,,,,,,,,,,,,,,,,,,,,,,,,,,,,,,,,"0","0","0","0","51,036,000","0","0","0","-4,690,000","-4,888,000","-68,130,000","-35,416,000",,,,,,,,,,,,,,,,,,,,,,,,,,,,,,,,,,,,,,,,,,,,,,,,,,,,,,,,,,,,,,,,,,,,,,,,,,,,,,,,,"2,400,000","400,000",,,,,,,,,,,,,,,,
			NetIncomeExtraordinary,,,,,,,,,,,,,,,,,,,,,,,,,,,,,,,,,,,,,,,,,,,,,,,,,,,,,,,,,,,,,,,,,,,,,,,,,,,,,,,,,,,,,,,,,,,,,,,,,,,,,,,,,,,,,,,,,,,"0",,,"-30,300,000",,,,,,,,,,,,,,,,,,,,,,,,,,,,,,
			NetIncomeFromTaxLossCarryforward,,,,,,,,,,,,,,,,,,,,,,,,,,,,,,,,,,,,,,,,,,,,,,,,,,,,,,,,,,,,,,,,,,,,,,,,,,,,,,,,,,,,,,,,,,,,,,,,,,,,,,,,,,,,,,,,,,,,,,,"0",,"-400,000",,,,,,,,,,,,,,,,,,,,,,,,,,,
DilutedNIAvailtoComStockholders,"613,382,000","222,502,000","21,567,000","162,973,000","206,340,000","259,144,000","-96,398,000","120,218,000","-92,217,000","69,695,000","13,496,000","86,563,000","195,631,000","127,945,000","495,000","113,855,000","242,338,000","174,763,000","8,314,000","68,209,000","258,867,000","186,369,000","47,179,000","114,065,000","280,431,000","250,489,000","42,196,000","140,347,000","299,810,000","269,854,000","74,475,000","150,066,000","354,153,000","265,917,000","75,409,000","162,716,000","271,739,000","224,129,000","70,639,000","134,001,000","247,250,000","172,035,000","105,680,000","183,594,000","190,580,000","119,260,000","-46,766,000","88,829,000","71,157,000","33,325,000","-218,696,000","26,483,000","19,750,000","117,347,000","77,809,000","166,541,000","222,787,000","187,581,000","186,077,000","264,966,000","290,490,000","192,310,000","252,426,000","312,734,000","243,430,000","234,563,000","230,044,000","264,954,000","237,391,000","227,215,000","208,962,000","228,983,000","247,241,000","204,580,000","182,430,000","190,072,000","202,242,000","186,184,000","150,861,000","165,017,000","144,341,000","119,998,000","118,350,000","111,721,000","115,627,000","92,048,000","93,861,000","83,038,000","90,587,000","80,227,000","74,200,000","65,400,000","68,600,000","59,000,000","61,000,000","52,400,000","55,400,000","44,700,000","43,500,000","41,100,000","49,200,000","40,300,000","59,900,000","33,200,000","39,900,000","33,000,000","31,800,000","23,700,000","33,400,000","23,600,000","25,100,000","23,800,000","34,600,000","20,800,000","-36,900,000","16,400,000","23,800,000","-15,200,000","14,500,000","13,200,000","17,400,000","8,700,000","7,300,000","8,900,000","16,300,000","4,500,000","2,900,000","7,200,000","16,100,000","12,100,000","10,100,000","7,300,000",,,,,,,,,,,,,,,,
BasicEPS,,"1.46","0.14","1.06","1.34","1.69","-0.63","0.78","-0.6","0.46","0.09","0.55","1.23","0.8","0.003","0.69","1.45","1.04","0.05","0.4","1.48","1.06","0.27","0.64","1.55","1.37","0.22","0.69","1.44","1.28","0.35","0.7","1.63","1.21","0.34","0.73","1.22","1","0.31","0.59","1.08","0.75",,"0.79","0.81","0.51",,"0.38","0.3","0.14",,"0.11","0.08","0.51",,"0.71","0.95","0.79",,"1.07","1.15","0.75",,"1.2","0.91","0.86",,"0.97","0.85","0.78",,"0.78","0.84","0.69",,"0.63","0.67","0.62",,"0.55","0.48","0.4",,"0.37","0.38","0.3",,"0.27","0.3","0.26",,"0.22","0.23","0.2",,"0.17","0.18","0.15",,"0.14","0.16","0.14",,"0.11","0.13","0.11",,"0.08","0.12","0.08",,"0.08","0.12","0.07",,"0.06","0.08","-0.05",,"0.05","0.06","0.03",,"0.04","0.06","0.02",,"0.03","0.06","0.05",,"0.04","0.04","0.03",,"0.03","0.04","0.03",,"0.02","0.03","0.02",,"0.01","0.03","-0.01",,"-0.01"
DilutedEPS,,"1.45","0.14","1.05","1.33","1.68","-0.63","0.78","-0.6","0.45","0.09","0.55","1.23","0.8","0.003","0.68","1.45","1.03","0.05","0.4","1.48","1.05","0.27","0.64","1.55","1.36","0.22","0.69","1.44","1.27","0.35","0.69","1.62","1.21","0.34","0.73","1.21","0.99","0.31","0.59","1.07","0.74",,"0.78","0.81","0.51",,"0.38","0.3","0.14",,"0.11","0.08","0.5",,"0.71","0.95","0.79",,"1.07","1.14","0.74",,"1.2","0.91","0.86",,"0.96","0.84","0.77",,"0.77","0.83","0.68",,"0.62","0.66","0.61",,"0.54","0.47","0.39",,"0.36","0.38","0.3",,"0.27","0.29","0.26",,"0.21","0.22","0.19",,"0.17","0.18","0.15",,"0.14","0.16","0.13",,"0.11","0.13","0.11",,"0.08","0.12","0.08",,"0.08","0.12","0.07",,"0.06","0.08","-0.05",,"0.05","0.05","0.03",,"0.04","0.06","0.02",,"0.03","0.06","0.05",,"0.04","0.04","0.03",,"0.03","0.04","0.03",,"0.02","0.03","0.02",,"0.01","0.03","-0.01",,"-0.01"
BasicAverageShares,,"152,819,000","153,879,000","153,863,000","153,748,000","153,478,000","153,281,000","153,252,000","153,199,000","153,004,000","153,947,000","156,239,000","158,813,000","159,311,000","162,073,000","165,927,000","166,589,000","168,139,000","168,271,000","169,850,000","174,409,000","176,001,000","176,616,000","178,438,000","180,587,000","183,429,000","189,681,000","203,598,000","207,650,000","210,629,000","213,064,000","215,572,000","217,762,000","218,986,000","220,546,000","221,936,000","223,052,000","224,429,000","224,635,000","226,020,000","228,838,000","228,988,000",,"233,800,000","234,336,000","233,820,000",,"233,504,000","233,314,000","232,864,000",,"232,677,000","232,616,000","232,263,000",,"233,081,000","235,067,000","237,078,000",,"247,631,776","252,600,000","257,326,000",,"260,611,667","267,505,495","272,966,000",,"274,415,000","280,577,000","293,148,000",,"294,031,000","294,304,000","297,832,000",,"302,313,000","302,164,000","302,364,000",,"302,109,000","302,209,000","302,475,000",,"303,108,000","302,621,000","301,922,000",,"302,674,000","303,337,000","302,898,000",,"297,272,727","298,260,870","295,000,000",,"308,235,294","307,777,778","298,000,000",,"293,571,429","307,500,000","287,857,143",,"301,818,182","306,923,077","300,000,000",,"296,250,000","278,333,333","295,000,000",,"297,500,000","288,333,333","297,142,857",,"273,333,333","297,500,000","304,000,000",,"264,000,000","290,000,000","290,000,000",,"222,500,000","271,666,667","225,000,000",,"240,000,000","268,333,333","242,000,000",,"276,320,000","276,320,000","276,320,000",,"276,320,000","269,120,000","269,120,000",,"221,120,000","218,240,000","181,760,000",,"181,760,000","181,760,000","181,760,000",,"117,760,000"
DilutedAverageShares,,"153,924,000","155,200,000","155,117,000","155,093,000","153,490,000","153,281,000","153,915,000","153,199,000","153,744,000","154,913,000","156,944,000","159,425,000","160,026,000","163,014,000","166,664,000","167,204,000","169,174,000","169,195,000","170,688,000","175,324,000","177,070,000","177,642,000","179,320,000","181,339,000","184,204,000","190,621,000","204,580,000","208,590,000","211,788,000","214,439,000","216,893,000","219,161,000","220,493,000","222,241,000","223,486,000","224,470,000","226,148,000","226,726,000","227,989,000","230,923,000","231,284,000",,"235,861,000","236,168,000","235,903,000",,"234,786,000","234,853,000","234,228,000",,"233,875,000","233,520,000","232,650,000",,"233,420,000","235,314,000","237,250,000",,"247,631,776","254,815,789","258,158,000",,"260,611,667","267,505,495","273,623,000",,"275,460,000","281,181,000","294,161,000",,"295,824,000","296,396,000","299,932,000",,"304,580,000","304,339,000","304,560,000",,"304,783,000","305,194,000","305,618,000",,"306,818,000","306,569,000","306,063,000",,"307,612,000","308,104,000","307,712,000",,"311,428,571","311,818,182","310,526,316",,"308,235,294","307,777,778","298,000,000",,"293,571,429","307,500,000","310,000,000",,"301,818,182","306,923,077","300,000,000",,"296,250,000","278,333,333","295,000,000",,"297,500,000","288,333,333","297,142,857",,"273,333,333","297,500,000","304,000,000",,"264,000,000","348,000,000","290,000,000",,"222,500,000","271,666,667","225,000,000",,"240,000,000","268,333,333","242,000,000",,"276,320,000","276,320,000","276,320,000",,"276,320,000","269,120,000","269,120,000",,"221,120,000","218,240,000","181,760,000",,"181,760,000","181,760,000","181,760,000",,"117,760,000"
TotalOperatingIncomeAsReported,"766,497,000","289,232,000","-7,307,000","204,212,000","280,360,000","346,174,000","-119,619,000","137,884,000","-116,099,000","107,513,000","12,395,000","119,844,000","256,257,000","167,112,000","3,743,000","149,416,000","323,947,000","236,417,000","101,495,000","96,708,000","401,582,000","291,478,000","69,410,000","178,376,000","412,322,000","388,828,000","67,225,000","215,836,000","462,516,000","410,118,000","98,333,000","224,073,000","547,695,000","410,882,000","122,036,000","251,539,000","431,821,000","348,306,000","116,103,000","217,102,000","391,513,000","275,458,000","92,380,000","242,688,000","301,902,000","192,997,000","36,720,000","152,370,000","218,752,000","152,789,000","-176,356,000","69,648,000","70,748,000","232,046,000","124,106,000","268,002,000","345,863,000","291,053,000","285,655,000","405,462,000","445,032,000","289,412,000","384,873,000","483,987,000","374,474,000","359,186,000","350,648,000","410,862,000","363,359,000","345,142,000","316,199,000","353,314,000","379,056,000","312,922,000","-702,491,000","284,819,000","307,036,000","278,509,000","235,188,000","249,474,000","216,317,000","181,723,000","121,179,000","169,206,000","173,110,000","137,733,000","128,770,000","114,420,000","124,969,000","109,635,000","108,100,000","93,900,000","97,500,000","88,700,000","87,700,000","76,500,000","81,000,000","68,100,000","65,400,000","61,300,000","70,400,000","60,400,000","58,000,000","49,100,000","61,200,000","52,300,000","48,200,000","36,300,000","53,600,000","39,000,000","40,700,000","37,800,000","48,700,000","33,100,000","-23,200,000","27,900,000","40,100,000","25,200,000","24,900,000","24,100,000","31,600,000","16,700,000","13,000,000","16,300,000","29,500,000","9,900,000","13,300,000","13,600,000","31,900,000","24,500,000","13,100,000","14,600,000",,,,,,,,,,,,,,,,
TotalExpenses,"4,638,837,000","1,206,082,000","1,021,492,000","1,160,483,000","1,250,780,000","1,076,699,000","800,696,000","983,885,000","939,377,000","1,190,731,000","1,059,205,000","1,145,046,000","1,365,939,000","1,203,638,000","1,122,762,000","1,151,421,000","1,376,906,000","1,258,862,000","1,127,433,000","1,054,487,000","1,363,587,000","1,210,454,000","1,041,190,000","1,096,437,000","1,448,755,000","1,361,140,000","1,113,410,000","1,101,594,000","1,361,876,000","1,262,827,000","1,101,824,000","1,077,531,000","1,453,004,000","1,315,166,000","1,069,016,000","1,091,533,000","1,367,783,000","1,219,969,000","1,053,123,000","1,024,023,000","1,331,927,000","1,142,782,000","1,072,580,000","1,142,139,000","1,190,101,000","1,008,934,000","1,242,111,000","977,334,000","1,059,929,000","924,944,000","1,086,869,000","950,450,000","1,225,194,000","1,034,945,000","1,251,250,000","1,154,832,000","1,226,706,000","1,015,260,000","1,100,699,000","1,135,939,000","1,175,186,000","998,626,000","1,502,651,000","1,151,929,000","1,002,573,000","970,174,000","991,687,000","1,020,289,000","969,905,000","890,322,000","904,798,000","947,370,000","948,752,000","882,960,000","1,860,561,000","848,822,000","983,123,000","905,951,000","791,344,000","886,025,000","807,886,000","787,813,000","773,222,000","681,586,000","677,834,000","629,544,000","627,390,000","599,699,000","630,004,000","571,478,000","554,300,000","529,300,000","511,200,000","469,900,000","475,400,000","440,700,000","436,200,000","398,400,000","381,700,000","382,900,000","373,700,000","366,700,000","323,500,000","336,700,000","331,600,000","318,800,000","-900,000","390,700,000","432,900,000","350,700,000","372,000,000","346,200,000","352,700,000","310,600,000","352,300,000","256,500,000","294,300,000","244,400,000","287,300,000","247,700,000","242,300,000","230,700,000","224,700,000","224,300,000","235,800,000","186,300,000","181,000,000","189,500,000","217,800,000","193,100,000","190,500,000","167,300,000",,,,,,,,,,,,,,,,
NetIncomeFromContinuingAndDiscontinuedOperation,"613,382,000","222,502,000","21,567,000","162,973,000","206,340,000","259,144,000","-96,398,000","120,218,000","-92,217,000","69,695,000","13,496,000","86,563,000","195,631,000","127,945,000","495,000","113,855,000","242,338,000","174,763,000","8,314,000","68,209,000","258,867,000","186,369,000","47,179,000","114,065,000","280,431,000","250,489,000","42,196,000","140,347,000","299,810,000","269,854,000","74,475,000","150,066,000","354,153,000","265,917,000","75,409,000","162,716,000","271,739,000","224,129,000","70,639,000","134,001,000","247,250,000","172,035,000","105,680,000","183,594,000","190,580,000","119,260,000","-46,766,000","88,829,000","71,157,000","33,325,000","-218,696,000","26,483,000","19,750,000","117,347,000","77,809,000","166,541,000","222,787,000","187,581,000","186,077,000","264,966,000","290,490,000","192,310,000","252,426,000","312,734,000","243,430,000","234,563,000","230,044,000","264,954,000","237,391,000","227,215,000","208,962,000","228,983,000","247,241,000","204,580,000","182,430,000","190,072,000","202,242,000","186,184,000","150,861,000","165,017,000","144,341,000","119,998,000","118,350,000","111,721,000","115,627,000","92,048,000","93,861,000","83,038,000","90,587,000","80,227,000","74,200,000","65,400,000","68,600,000","59,000,000","61,000,000","52,400,000","55,400,000","44,700,000","43,500,000","41,100,000","49,200,000","40,300,000","59,900,000","33,200,000","39,900,000","33,000,000","31,800,000","23,700,000","33,400,000","23,600,000","25,100,000","23,800,000","34,600,000","20,800,000","-36,900,000","16,400,000","23,800,000","15,100,000","14,500,000","13,200,000","17,800,000","8,700,000","7,300,000","8,900,000","16,300,000","4,500,000","2,900,000","7,200,000","16,100,000","12,100,000","10,100,000","7,300,000",,,,,,,,,,,,,,,,
NormalizedIncome,"613,652,962.238","223,919,866","21,483,050","163,317,025","204,985,689","257,796,784","-65,873,133.784","157,501,672","-63,914,856","73,635,739","9,815,900.578","90,686,944","200,865,928","133,406,272","15,851,280","126,701,028","249,804,283","209,403,001","7,689,400","67,387,003","258,488,488","185,793,255","46,507,479.864","112,549,300","279,955,592","249,987,270","41,776,873.628","138,243,795","298,873,300","268,986,768","73,312,504.881","149,062,515","353,010,060","264,838,650","74,244,473.151","162,368,890","267,194,919","225,004,826","66,829,956.175","139,933,998.102","251,274,333.441","179,443,809.403","67,050,456.74","193,349,960.213","199,443,306.603","134,255,357.053","-82,235,455.795","141,281,750.772","160,617,782.438","99,525,000","-26,371,850","71,911,500","47,830,650","138,737,850","76,254,739.152","164,841,154.378","221,353,393.05","127,875,976.342","121,789,451.222","261,513,441.067","287,048,886.086","186,670,138.183","249,920,129.802","309,752,234.661","239,663,596.287","234,563,000","261,159,476.786","234,319,199.67","201,458,043.945","192,669,413.832","169,316,663.362","195,589,471.146","212,881,260.589","205,039,883.977","148,159,713.474","159,982,375.706","205,293,658.957","186,325,480.19","124,311,869.161","147,170,915.962","144,580,732.109","120,499,072.411","109,764,756.475","102,352,633.855","100,632,091.642","89,409,644.267","86,902,193.976","77,234,886.08","83,157,472.194","67,073,800","70,201,197.605","61,018,834.951","61,930,555.556","56,269,106.566","55,668,054.11","48,652,606.061","51,333,944.954","43,303,125","41,293,478.261","38,578,527.607","44,412,291.933","38,033,125","36,606,925.676","30,995,066.414","38,452,523.659","32,685,114.504","30,527,196.653","22,759,523.81","33,273,962.264","23,600,000","24,853,921.569","23,612,105.263","34,178,048.78","20,007,038.123","-36,900,000","16,400,000","23,560,000","14,918,800","14,010,548.523","14,463,157.895","18,040,000","9,247,552.448","7,845,794.393","9,033,834.586","16,849,438.202","4,743,243.243","7,572,222.222","7,892,307.692","16,880,000","12,760,000","5,195,934.959","6,837,272.727",,,,,,,,,,,,,,,,
InterestIncome,,,,,,,,,,,,,,,,,,,,,,,,,,,,,,,,,,,,,,,,"1,447,000","2,231,000","1,933,000","2,338,000","2,479,000","1,748,000","1,398,000",,,"1,551,000",,,"136,993,000","123,967,000","104,667,000",,,,,,,,,,,,,,,,,,,,,,,,,,,,,,,,,,,,,,,,,,,,,,,,,,,,,,,,,,,,,,,,,,,,,,,,,,,,,,,,,,,,,,,,,,,,,,
InterestExpense,"30,975,000","7,711,000","7,763,000","7,779,000","7,722,000","7,708,000","7,814,000","7,783,000","7,769,000","7,755,000","7,774,000","7,789,000","7,784,000","7,731,000","7,704,000","7,762,000","7,728,000","7,690,000","7,709,000","7,896,000","7,726,000","7,673,000","7,702,000","7,706,000","7,094,000","7,168,000","7,220,000","4,879,000","9,000","9,000","15,000","77,000","393,000","3,677,000","11,258,000","11,369,000","11,238,000","11,391,000","11,505,000","11,438,000","11,595,000","11,495,000","11,165,000","11,270,000","11,350,000","11,481,000","-192,895,000","85,882,000","23,591,000","104,658,000","-154,677,000","168,645,000","187,624,000","103,722,000",,,,,,,,,,,,,,,,,,,,,,,,,,,,,,,,,,,,,,,,,,,,,,,,,,,,,,,,,,,,,,,,,,,,,,,,,,,,,,,,,,,,,,,,,,,,,,
NetInterestIncome,"-30,975,000","-7,711,000","-7,763,000","-7,779,000","-7,722,000","-7,708,000","-7,814,000","-7,783,000","-7,769,000","-7,755,000","-7,774,000","-7,789,000","-7,784,000","-7,731,000","-7,704,000","-7,762,000","-7,728,000","-7,690,000","-7,709,000","-7,896,000","-7,726,000","-7,673,000","-7,702,000","-7,706,000","-7,094,000","-7,168,000","-7,220,000","-4,879,000","-9,000","-9,000","-15,000","-77,000","-393,000","-3,677,000","-11,258,000","-11,369,000","-11,238,000","-11,391,000","-17,116,000","-9,991,000","-9,364,000","-9,562,000","-8,827,000","-8,791,000","-9,602,000","-10,083,000","198,337,000","-85,882,000","-22,040,000","-104,658,000","-210,950,000","-31,652,000","-63,657,000","945,000",,,,,,,,,,,,,,,,,,,,,,,,,,,,,,,,,,,,,,,,,,,,,,,,,,,,,,,,,,,,,,,,,,,,,,,,,,,,,,,,,,,,,,,,,,,,,,
EBIT,"800,639,000","298,283,000","13,307,000","205,268,000","283,781,000","347,853,000","-117,455,000","140,711,000","-110,186,000","102,321,000","21,453,000","125,045,000","263,865,000","178,130,000","3,594,000","148,954,000","327,125,000","237,840,000","102,536,000","97,791,000","402,159,000","292,357,000","70,301,000","180,676,000","413,010,000","389,594,000","67,827,000","219,047,000","463,966,000","411,440,000","99,892,000","225,582,000","549,467,000","412,541,000","123,349,000","252,700,000","433,591,000","349,921,000","117,861,000","218,549,000","393,744,000","277,391,000","94,718,000","245,167,000","303,650,000","194,395,000","-259,855,000","216,389,000","220,303,000","234,868,000","-338,566,000","237,928,000","257,151,000","327,461,000","427,806,000","268,002,000","345,863,000","291,053,000","285,655,000","405,462,000","445,032,000","289,412,000","384,873,000","483,987,000","374,474,000","410,817,000","350,648,000","410,862,000","363,359,000","345,142,000","316,199,000","353,314,000","379,056,000","363,235,000","-702,491,000","284,819,000","307,036,000","278,509,000","235,188,000","249,474,000","253,357,000","181,723,000","121,179,000","169,206,000","173,110,000","137,733,000","128,770,000","114,420,000","124,969,000","109,635,000","108,100,000","93,900,000","97,500,000","88,700,000","87,700,000","76,500,000","81,000,000","68,100,000","65,400,000","61,300,000","70,400,000","60,400,000","58,000,000","49,100,000","61,200,000","52,300,000","48,200,000","36,300,000","53,600,000","39,000,000","40,700,000","37,800,000","48,700,000","33,100,000","-23,200,000","27,900,000","40,100,000","25,200,000","24,900,000","24,100,000","31,600,000","16,700,000","13,000,000","16,300,000","29,500,000","9,900,000","13,300,000","13,600,000","31,900,000","24,500,000","13,100,000","14,600,000","234,100,000","197,000,000","-493,700,000","181,500,000","204,900,000","173,400,000","-462,400,000","170,500,000","185,500,000","162,400,000","-207,100,000","68,000,000","84,700,000","70,400,000","-201,100,000","74,600,000"
EBITDA,"964,861,000"
ReconciledCostOfRevenue,"3,506,537,000","937,635,000","700,869,000","894,963,000","973,070,000","867,329,000","480,689,000","744,329,000","623,833,000","833,341,000","705,507,000","802,268,000","1,031,939,000","900,522,000","740,154,000","821,226,000","1,044,979,000","938,624,000","770,111,000","731,330,000","1,045,920,000","894,515,000","688,583,000","767,184,000","1,105,450,000","1,032,249,000","727,183,000","787,496,000","1,044,757,000","958,831,000","761,677,000","776,099,000","1,150,887,000","1,018,414,000","747,034,000","803,913,000","1,075,102,000","935,360,000","738,732,000","757,595,000","1,053,942,000","868,115,000","758,885,000","879,215,000","928,467,000","769,213,000","918,494,000","707,309,000","807,238,000","657,788,000","569,513,000","750,189,000","767,367,000","813,865,000","883,905,000","938,762,000","1,010,645,000","830,176,000","891,820,000","950,048,000","1,015,051,000","806,055,000","1,105,748,000","983,661,000","860,721,000","836,146,000","827,825,000","869,879,000","832,830,000","771,181,000","759,575,000","806,116,000","824,392,000","755,753,000","742,044,000","730,351,000","802,475,000","738,071,000","655,906,000","738,649,000","689,115,000","642,108,000","574,773,000","548,485,000","555,991,000","504,160,000","458,657,000","441,252,000","464,827,000","417,463,000","402,100,000","389,000,000","369,100,000","343,100,000","346,300,000","323,800,000","318,300,000","297,600,000","275,800,000","281,100,000","277,000,000","272,300,000","236,800,000","251,600,000","254,300,000","243,200,000","-30,100,000","305,600,000","346,200,000","275,100,000","291,300,000","268,300,000","280,000,000","243,800,000","203,400,000","199,800,000","234,800,000","185,200,000","213,800,000","199,100,000","194,900,000","177,900,000","172,300,000","176,600,000","190,200,000","144,300,000","134,400,000","145,800,000","177,800,000","155,300,000","144,500,000","131,400,000",,,,,,,,,,,,,,,,
ReconciledDepreciation,"164,222,000","39,258,000","42,702,000","41,160,000","41,102,000","40,221,000","45,658,000","44,603,000","48,027,000","47,427,000","57,928,000","49,223,000","61,014,000","64,372,000","68,402,000","66,400,000","67,588,000","62,473,000","58,214,000","56,396,000","52,678,000","54,900,000","54,990,000","53,609,000","50,929,000","50,027,000","56,050,000","48,384,000","47,612,000","46,028,000","48,612,000","43,565,000","43,725,000","43,398,000","44,414,000","39,252,000","40,556,000","42,850,000","41,535,000","36,425,000","47,815,000","43,203,000","51,089,000","44,733,000","49,322,000","46,054,000","75,160,000","63,029,000","69,208,000","67,392,000","59,518,000","59,934,000","70,727,000","56,165,000","87,888,000","51,774,000","52,897,000","49,722,000","51,206,000","47,157,000","54,345,000","51,464,000","49,047,000","56,705,000","53,785,000","54,232,000","45,932,000","53,299,000","53,149,000","53,325,000","53,347,000","55,901,000","53,917,000","50,947,000","50,855,000","50,801,000","49,385,000","45,877,000","44,112,000","44,152,000","44,913,000","42,601,000","40,324,000","39,926,000","37,187,000","35,624,000","34,750,000","33,253,000","33,000,000","32,345,000","31,400,000","29,500,000","26,600,000","26,300,000","24,700,000","22,300,000","21,300,000","19,100,000","18,900,000","17,900,000","16,800,000","16,600,000","15,800,000","13,800,000","13,600,000","12,100,000","10,400,000","10,600,000","11,300,000","10,000,000","10,100,000","9,200,000","8,000,000","9,600,000","31,000,000","8,400,000","8,700,000","8,900,000","8,900,000","6,300,000","7,000,000","7,200,000","5,400,000","5,100,000","6,000,000","6,100,000","5,800,000","6,500,000","5,600,000","4,500,000","6,300,000","4,600,000",,,,,,,,,,,,,,,,
NetIncomeFromContinuingOperationNetMinorityInterest,"613,382,000","222,502,000","21,567,000","162,973,000","206,340,000","259,144,000","-96,398,000","120,218,000","-92,217,000","69,695,000","13,496,000","86,563,000","195,631,000","127,945,000","495,000","113,855,000","242,338,000","174,763,000","8,314,000","68,209,000","258,867,000","186,369,000","47,179,000","114,065,000","280,431,000","250,489,000","42,196,000","140,347,000","299,810,000","269,854,000","74,475,000","150,066,000","354,153,000","265,917,000","75,409,000","162,716,000","271,739,000","224,129,000","70,639,000","134,001,000","247,250,000","172,035,000","54,644,000","183,594,000","190,580,000","119,260,000","-42,076,000","93,717,000","139,287,000","68,741,000","-92,939,000","26,483,000","19,750,000","117,347,000","77,809,000","166,541,000","222,787,000","187,581,000","186,077,000","264,966,000","290,490,000","192,310,000","252,426,000","312,734,000","243,430,000","234,563,000","230,044,000","264,954,000","237,391,000","227,215,000","208,962,000","228,983,000","247,241,000","204,580,000","182,430,000","190,072,000","202,242,000","186,184,000","150,861,000","165,017,000","144,341,000","119,998,000","118,350,000","111,721,000","115,627,000","92,048,000","93,861,000","83,038,000","90,587,000","80,227,000","74,200,000","65,400,000","68,600,000","59,000,000","61,000,000","52,400,000","55,400,000","44,700,000","43,500,000","41,100,000","49,200,000","40,300,000","37,300,000","33,200,000","39,900,000","33,000,000","30,400,000","23,700,000","33,400,000","23,600,000","25,100,000","23,800,000","34,600,000","20,800,000","-36,900,000","16,400,000","23,800,000","15,100,000","14,500,000","13,200,000","17,800,000","8,700,000","7,300,000","8,900,000","16,300,000","4,500,000","2,900,000","7,200,000","16,100,000","12,100,000","7,700,000","6,900,000",,,,,,,,,,,,,,,,
TotalUnusualItemsExcludingGoodwill,"-340,000","-1,851,000","115,000","-417,000","1,813,000","1,768,000","-39,667,000","-41,243,000","-36,192,000","-5,347,000","3,730,000","-5,588,000","-6,852,000","-7,272,000","-21,036,000","-15,938,000","-9,837,000","-45,639,000","1,041,000","1,083,000","577,000","879,000","891,000","2,300,000","688,000","766,000","602,000","3,211,000","1,450,000","1,322,000","1,559,000","1,509,000","1,772,000","1,659,000","1,731,000","515,000","7,067,000","-1,323,000","5,735,000","-9,170,000","-6,220,000","-11,451,000","-18,970,000","-12,429,000","-13,594,000","-22,999,000","63,910,000","-66,237,000","-30,125,000","-47,360,000","-102,411,000","-69,890,000","-43,201,000","-32,909,000","2,462,000","2,751,000","2,240,000","93,289,000","99,667,000","5,353,000","5,335,000","8,744,000","3,859,000","4,659,000","5,885,000",,"-48,241,000","47,496,000","55,710,000","53,559,000","61,466,000","51,773,000","53,271,000","-713,000","53,132,000","45,938,000","-4,659,000","-216,000","40,533,000","27,246,000","-366,000","-765,000","13,208,000","14,413,000","23,069,000","4,059,000","10,789,000","8,997,000","11,471,000","21,922,000","6,300,000","6,900,000","10,500,000","4,300,000","8,400,000","5,900,000","6,400,000","2,200,000","3,500,000","4,000,000","7,600,000","3,600,000","1,100,000","3,500,000","2,300,000","500,000","-200,000","1,500,000","200,000",,"400,000","300,000","600,000","1,300,000",,,"400,000","300,000","800,000","-2,000,000","-400,000","-900,000","-800,000","-200,000","-900,000","-400,000","-5,800,000","-1,000,000","-1,300,000","-1,100,000","4,000,000","100,000",,,,,,,,,,,,,,,,
TotalUnusualItems,"-340,000","-1,851,000","115,000","-417,000","1,813,000","1,768,000","-39,667,000","-41,243,000","-36,192,000","-5,347,000","3,730,000","-5,588,000","-6,852,000","-7,272,000","-21,036,000","-15,938,000","-9,837,000","-45,639,000","1,041,000","1,083,000","577,000","879,000","891,000","2,300,000","688,000","766,000","602,000","3,211,000","1,450,000","1,322,000","1,559,000","1,509,000","1,772,000","1,659,000","1,731,000","515,000","7,067,000","-1,323,000","5,735,000","-9,170,000","-6,220,000","-11,451,000","-18,970,000","-12,429,000","-13,594,000","-22,999,000","63,910,000","-66,237,000","-30,125,000","-47,360,000","-102,411,000","-69,890,000","-43,201,000","-32,909,000","2,462,000","2,751,000","2,240,000","93,289,000","99,667,000","5,353,000","5,335,000","8,744,000","3,859,000","4,659,000","5,885,000",,"-48,241,000","47,496,000","55,710,000","53,559,000","61,466,000","51,773,000","53,271,000","-713,000","53,132,000","45,938,000","-4,659,000","-216,000","40,533,000","27,246,000","-366,000","-765,000","13,208,000","14,413,000","23,069,000","4,059,000","10,789,000","8,997,000","11,471,000","21,922,000","6,300,000","6,900,000","10,500,000","4,300,000","8,400,000","5,900,000","6,400,000","2,200,000","3,500,000","4,000,000","7,600,000","3,600,000","1,100,000","3,500,000","2,300,000","500,000","-200,000","1,500,000","200,000",,"400,000","300,000","600,000","1,300,000",,,"400,000","300,000","800,000","-2,000,000","-400,000","-900,000","-800,000","-200,000","-900,000","-400,000","-5,800,000","-1,000,000","-1,300,000","-1,100,000","4,000,000","100,000",,,,,,,,,,,,,,,,
NormalizedEBITDA,"965,201,000","339,392,000","55,894,000","246,845,000","323,070,000","386,306,000","-32,130,000","226,557,000","-25,967,000","155,095,000","75,651,000","179,856,000","331,731,000","249,774,000","93,032,000","231,292,000","404,550,000","345,952,000","159,709,000","153,104,000","454,260,000","346,378,000","124,400,000","231,985,000","463,251,000","438,855,000","123,275,000","264,220,000","510,128,000","456,146,000","146,945,000","267,638,000","591,420,000","454,280,000","166,032,000","291,437,000","467,080,000","394,094,000","153,661,000","264,144,000","447,779,000","332,045,000","164,777,000","302,329,000","366,566,000","263,448,000","-248,605,000","345,655,000","319,636,000","349,620,000","-176,637,000","367,752,000","371,079,000","416,535,000","513,232,000","317,025,000","396,520,000","247,486,000","237,194,000","447,266,000","494,042,000","332,132,000","430,061,000","536,033,000","422,374,000","465,049,000","444,821,000","416,665,000","360,798,000","344,908,000","308,080,000","357,442,000","379,702,000","414,895,000","-704,768,000","289,682,000","361,080,000","324,602,000","238,767,000","266,380,000","298,636,000","225,089,000","148,295,000","194,719,000","187,228,000","169,298,000","152,731,000","138,676,000","146,498,000","120,058,000","133,200,000","116,500,000","113,600,000","110,700,000","104,000,000","92,900,000","95,900,000","85,000,000","80,800,000","75,200,000","79,600,000","73,400,000","72,700,000","59,400,000","72,500,000","63,900,000","58,800,000","45,400,000","64,700,000","49,000,000","50,400,000","46,700,000","56,900,000","41,400,000","7,800,000","36,500,000","48,500,000","33,800,000","33,000,000","32,400,000","39,100,000","24,800,000","19,200,000","21,600,000","36,400,000","16,400,000","24,900,000","21,200,000","38,800,000","30,100,000","15,400,000","19,100,000","234,100,000","197,000,000","-493,700,000","181,500,000","204,900,000","173,400,000","-462,400,000","170,500,000","185,500,000","162,400,000","-207,100,000","68,000,000","84,700,000","70,400,000","-201,100,000","74,600,000"
TaxRateForCalcs,"0.203","0.234","0.27","0.175","0.253","0.238","0.23","0.096","0.218","0.263","0.013","0.262","0.236","0.249","0.27","0.194","0.241","0.241","0.4","0.241","0.344","0.345","0.246","0.341","0.309","0.345","0.304","0.345","0.354","0.344","0.254","0.335","0.355","0.35","0.327","0.326","0.357","0.338","0.336","0.353","0.353","0.353","0.346","0.215","0.348","0.348","0.372","0.282","0.292","0.35","0.35","0.35","0.35","0.35","0.369","0.382","0.36","0.36","0.355","0.355","0.355","0.355","0.351","0.36","0.36","0.36","0.355","0.355","0.355","0.355","0.355","0.355","0.355","0.355","0.355","0.345","0.345","0.345","0.345","0.345","0.345","0.345","0.35","0.35","0.35","0.35","0.355","0.355","0.352","0.4","0.365","0.365","0.365","0.365","0.365","0.365","0.365","0.365","0.37","0.37","0.37","0.37","0.37","0.37","0.371","0.37","0.364","0.373","0.37","0.371","0.385","0.374","0.297","0.39","0.4","0.395","0.4","0.396","0.388","0.368","0.4","0.392","0.318","0.331","0.39","0.392","0.194","0.308","0.4","0.4","0.374","0.373",,,,,,,,,,,,,,,,
TaxEffectOfUnusualItems,"-69,037.762","-433,134","31,050","-72,975","458,689","420,784","-9,142,133.784","-3,959,328","-7,889,856","-1,406,261","49,900.578","-1,464,056","-1,617,072","-1,810,728","-5,679,720","-3,091,972","-2,370,717","-10,998,999","416,400","261,003","198,488","303,255","219,479.864","784,300","212,592","264,270","182,873.628","1,107,795","513,300","454,768","396,504.881","505,515","629,060","580,650","566,473.151","167,890","2,522,919","-447,174","1,925,956.175","-3,237,001.898","-2,195,666.559","-4,042,190.597","-6,563,543.26","-2,673,039.787","-4,730,693.397","-8,003,642.947","23,750,544.205","-18,672,249.228","-8,794,217.562","-16,576,000","-35,843,850","-24,461,500","-15,120,350","-11,518,150","907,739.152","1,051,154.378","806,393.05","33,583,976.342","35,379,451.222","1,900,441.067","1,893,886.086","3,104,138.183","1,353,129.802","1,677,234.661","2,118,596.287","0","-17,125,523.214","16,861,199.67","19,777,043.945","19,013,413.832","21,820,663.362","18,379,471.146","18,911,260.589","-253,116.023","18,861,713.474","15,848,375.706","-1,607,341.043","-74,519.81","13,983,869.161","9,399,915.962","-126,267.891","-263,927.589","4,622,756.475","5,044,633.855","8,074,091.642","1,420,644.267","3,830,193.976","3,193,886.08","4,041,472.194","8,768,800","2,301,197.605","2,518,834.951","3,830,555.556","1,569,106.566","3,068,054.11","2,152,606.061","2,333,944.954","803,125","1,293,478.261","1,478,527.607","2,812,291.933","1,333,125","406,925.676","1,295,066.414","852,523.659","185,114.504","-72,803.347","559,523.81","73,962.264","0","153,921.569","112,105.263","178,048.78","507,038.123","0","0","160,000","118,800","310,548.523","-736,842.105","-160,000","-352,447.552","-254,205.607","-66,165.414","-350,561.798","-156,756.757","-1,127,777.778","-307,692.308","-520,000","-440,000","1,495,934.959","37,272.727",,,,,,,,,,,,,,,,