name,ttm,03/31/2022,12/31/2021,09/30/2021,06/30/2021,03/31/2021,12/31/2020,09/30/2020,06/30/2020,03/31/2020,12/31/2019,09/30/2019,06/30/2019,03/31/2019,12/31/2018,09/30/2018,06/30/2018,03/31/2018,12/31/2017,09/30/2017,06/30/2017,03/31/2017,12/31/2016,09/30/2016,06/30/2016,03/31/2016,12/31/2015,09/30/2015,06/30/2015,03/31/2015,12/31/2014,09/30/2014,06/30/2014,03/31/2014,12/31/2013,09/30/2013,06/30/2013,03/31/2013,12/31/2012,09/30/2012,06/30/2012,03/31/2012,12/31/2011,09/30/2011,06/30/2011,03/31/2011,12/31/2010,09/30/2010,06/30/2010,03/31/2010,12/31/2009,09/30/2009,06/30/2009,03/31/2009,12/31/2008,09/30/2008,06/30/2008,03/31/2008,12/31/2007,09/30/2007,06/30/2007,03/31/2007,12/31/2006,09/30/2006,06/30/2006,03/31/2006,12/31/2005,09/30/2005,06/30/2005,03/31/2005,12/31/2004,09/30/2004,06/30/2004,03/31/2004,12/31/2003,09/30/2003,06/30/2003,03/31/2003,12/31/2002,09/30/2002,06/30/2002,03/31/2002,12/31/2001,09/30/2001,06/30/2001,03/31/2001,12/31/2000,09/30/2000,06/30/2000,03/31/2000,12/31/1999,09/30/1999,06/30/1999,03/31/1999,12/31/1998,09/30/1998,06/30/1998,03/31/1998,12/31/1997,09/30/1997,06/30/1997,03/31/1997,12/31/1996,09/30/1996,06/30/1996,03/31/1996,12/31/1995,09/30/1995,06/30/1995,03/31/1995,12/31/1994,09/30/1994,06/30/1994,03/31/1994,12/31/1993,09/30/1993,06/30/1993,03/31/1993,12/31/1992,09/30/1992,06/30/1992,03/31/1992,12/31/1991,09/30/1991,06/30/1991,03/31/1991,12/31/1990,09/30/1990,06/30/1990,03/31/1990,12/31/1989,09/30/1989,06/30/1989,03/31/1989,12/31/1988,09/30/1988,06/30/1988,03/31/1988,12/31/1987,09/30/1987,06/30/1987,03/31/1987,12/31/1986,09/30/1986,06/30/1986,03/31/1986,12/31/1985,09/30/1985
TotalRevenue,"606,157,000","151,275,000","148,142,000","152,612,000","154,128,000","152,402,000","155,789,000","162,282,000","160,873,000","166,318,000","167,226,000","147,908,000","142,144,000","139,536,000","147,003,000","151,279,000","155,826,000","156,695,000","165,704,000","182,114,000","129,616,000","129,903,000","140,044,000","149,316,000","160,791,000","162,786,000","174,606,000","182,533,000","191,684,000","187,523,000","202,997,000","217,092,000","226,785,000","224,481,000","183,348,000","130,645,000","133,992,000","134,273,000","136,193,000","135,010,000","139,710,000","134,833,000","131,210,000","132,529,000","137,192,000","127,692,000","129,243,000","127,245,000","127,411,000","115,617,000","114,196,000","113,390,000","116,974,000","114,979,000","142,023,000","169,935,000","164,592,000","149,049,000","152,786,021","146,574,527","149,103,425","143,429,027","146,803,756","147,057,490","143,058,628","134,999,299","140,054,231","136,209,698","128,851,347","118,677,472","119,438,580","117,299,278","113,511,541","106,836,912","103,015,958","104,460,615","102,799,789","94,839,735","91,991,577","91,123,367","84,359,840","73,270,242","73,524,647","73,917,920","75,251,349","71,923,347","70,268,854","68,107,430","69,261,481","67,189,786","66,461,985","65,350,697","66,094,335","63,097,105","62,410,931","65,015,412","69,222,503","66,840,310","67,055,605","70,179,846","65,381,405","59,887,300","57,086,505","58,177,937","59,383,574","54,363,092","49,421,839","47,527,998","46,973,780","47,583,123","49,600,000","53,900,000","59,300,000","61,300,000","30,300,000","29,200,000","29,400,000","27,100,000","25,700,000","24,900,000","24,500,000","21,500,000","19,000,000","18,900,000","18,600,000","17,400,000","16,900,000","16,200,000","15,200,000","14,600,000","12,100,000","11,900,000","13,100,000","11,200,000","9,200,000","8,900,000","8,400,000","8,100,000","7,400,000","6,900,000","6,000,000","5,700,000","5,200,000","5,500,000","5,500,000","5,400,000","4,700,000","4,700,000"
	OperatingRevenue,"606,157,000","151,275,000","148,142,000","152,612,000","154,128,000","152,402,000","155,789,000","162,282,000","160,873,000","166,318,000","167,226,000","147,908,000","142,144,000","139,536,000","147,003,000","151,279,000","155,826,000","156,695,000","165,704,000","182,114,000","129,616,000","129,903,000","140,044,000","149,316,000","160,791,000","162,786,000","174,606,000","182,533,000","191,684,000","187,523,000","202,997,000","217,092,000","226,785,000","224,481,000","183,348,000","130,645,000","133,992,000","134,273,000","136,193,000","135,010,000","139,710,000","134,833,000","131,210,000","132,529,000","137,192,000","127,692,000","129,243,000","127,245,000","127,411,000","115,617,000","114,196,000","113,390,000","116,974,000","114,979,000","142,023,000","169,935,000","164,592,000","149,049,000","152,786,021","146,574,527","149,103,425","143,429,027","146,803,756","147,057,490","143,058,628","134,999,299","140,054,231","136,209,698","128,851,347","118,677,472","119,438,580","117,299,278","113,511,541","106,836,912","103,015,958","104,460,615","102,799,789","94,839,735","91,991,577","91,123,367","84,359,840","73,270,242","73,524,647","73,917,920","75,251,349","71,923,347","70,268,854","68,107,430","69,261,481","67,189,786","66,461,985","65,350,697","66,094,335","63,097,105","62,410,931","65,015,412","69,222,503","66,840,310","67,055,605","70,179,846","65,381,405","59,887,300","57,086,505","58,177,937","59,383,574","54,363,092","49,421,839","47,527,998","46,973,780","47,583,123","49,600,000","53,900,000","59,300,000","61,300,000","30,300,000","29,200,000","29,400,000","27,100,000","25,700,000","24,900,000","24,500,000","21,500,000","19,000,000","18,900,000","18,600,000","17,400,000","16,900,000","16,200,000","15,200,000","14,600,000","12,100,000","11,900,000","13,100,000","11,200,000","9,200,000","8,900,000","8,400,000","8,100,000","7,400,000","6,900,000","6,000,000","5,700,000","5,200,000","5,500,000","5,500,000","5,400,000","4,700,000","4,700,000"
CostOfRevenue,"487,200,000","120,696,000","119,818,000","122,904,000","123,783,000","126,138,000","123,934,000","127,802,000","125,951,000","135,079,000","144,109,000","123,304,000","110,380,000","111,351,000","116,975,000","122,193,000","127,503,000","134,492,000","149,003,000","161,073,000","104,459,000","106,635,000","111,441,000","124,361,000","128,858,000","129,595,000","142,406,000","148,765,000","153,944,000","153,500,000","165,461,000","177,561,000","186,082,000","188,220,000","151,700,000","102,005,000","104,127,000","107,797,000","275,385,000","53,284,000","51,952,000","52,841,000","48,777,000","51,225,000","53,428,000","49,132,000","40,522,000","42,144,000","26,842,000","29,462,000","24,053,000","25,522,000","22,956,000","24,508,000","28,118,000","54,283,000","55,968,000","52,004,000","76,205,529","64,628,946","70,297,865","65,765,660","68,298,316","64,481,950","68,523,212","54,478,750","67,551,567","65,289,566","59,760,650","53,457,296","62,835,069","51,600,374","55,959,320","50,480,118","29,287,137","54,070,020","56,323,647","54,513,080","53,930,508","57,697,045","55,622,779","47,555,188","48,515,434","51,293,070","53,325,013","51,548,365","52,144,091","52,234,474","54,504,578","57,019,462","56,279,405","57,197,535","59,495,603","57,923,308","56,326,597","61,643,130","66,904,559","63,551,986","62,972,359","66,594,444","67,637,499","61,413,801","58,397,094","60,210,521","63,047,134","55,070,284","47,408,065","43,232,774","41,297,790","39,200,533","78,100,000","21,000,000","27,500,000","30,500,000","-10,200,000","8,500,000","9,700,000","10,000,000","10,800,000","2,800,000","2,700,000","2,600,000","8,500,000","8,600,000","8,600,000","8,300,000","7,800,000","7,500,000","6,900,000","6,900,000","5,700,000","6,200,000",,,,,,,,,,,,,,,,
GrossProfit,"118,957,000","30,579,000","28,324,000","29,708,000","30,345,000","26,264,000","31,855,000","34,480,000","34,922,000","31,239,000","23,117,000","24,604,000","31,764,000","28,185,000","30,028,000","29,086,000","28,323,000","22,203,000","16,701,000","21,041,000","25,157,000","23,268,000","28,603,000","24,955,000","31,933,000","33,191,000","32,200,000","33,768,000","37,740,000","34,023,000","37,536,000","39,531,000","40,703,000","36,261,000","31,648,000","28,640,000","29,865,000","26,476,000","-139,192,000","81,726,000","87,758,000","81,992,000","82,433,000","81,304,000","83,764,000","78,560,000","88,721,000","85,101,000","100,569,000","86,155,000","90,143,000","87,868,000","94,018,000","90,471,000","113,905,000","115,652,000","108,624,000","97,045,000","76,580,492","81,945,581","78,805,560","77,663,367","78,505,440","82,575,540","74,535,416","80,520,549","72,502,664","70,920,132","69,090,697","65,220,176","56,603,511","65,698,904","57,552,221","56,356,794","73,728,821","50,390,595","46,476,142","40,326,655","38,061,069","33,426,322","28,737,061","25,715,054","25,009,213","22,624,850","21,926,336","20,374,982","18,124,763","15,872,956","14,756,903","10,170,324","10,182,580","8,153,162","6,598,732","5,173,797","6,084,334","3,372,282","2,317,944","3,288,324","4,083,246","3,585,402","-2,256,094","-1,526,501","-1,310,589","-2,032,584","-3,663,560","-707,192","2,013,774","4,295,224","5,675,990","8,382,590","-28,500,000","32,900,000","31,800,000","30,800,000","40,500,000","20,700,000","19,700,000","17,100,000","14,900,000","22,100,000","21,800,000","18,900,000","10,500,000","10,300,000","10,000,000","9,100,000","9,100,000","8,700,000","8,300,000","7,700,000","6,400,000","5,700,000",,,,,,,,,,,,,,,,
OperatingExpense,"46,898,000","12,442,000","11,917,000","11,689,000","10,849,000","12,217,000","14,181,000","12,862,000","13,180,000","13,684,000","12,818,000","10,460,000","10,276,000","11,183,000","10,022,000","11,110,000","11,562,000","12,124,000","13,661,000","15,513,000","10,143,000","9,980,000","9,637,000","6,516,000","11,937,000","14,229,000","12,271,000","16,308,000","11,669,000","15,944,000","9,673,000","14,498,000","13,920,000","17,616,000","13,899,000","7,117,000","9,134,000","7,447,000","-148,792,000","62,059,000","61,010,000","58,214,000","55,567,000","56,172,000","51,077,000","56,687,000","64,197,000","56,040,000","67,692,000","64,929,000","64,674,000","58,142,000","63,060,000","64,403,000","71,109,000","74,145,000","73,690,000","69,722,000","133,506,198","125,317,573","126,676,880","117,363,349","124,841,921","120,616,804","114,332,176","106,900,411","115,252,776","118,340,249","111,400,012","104,323,381","102,954,970","100,218,164","99,532,994","97,579,491","85,061,066","95,063,034","97,297,535","92,585,527","91,073,397","92,164,787","85,115,324","74,501,591","74,708,374","77,453,425","79,105,869","76,642,479","75,214,966","75,024,864","76,734,212","75,300,790","174,804,361","43,626,123","44,593,408","43,610,906","179,717,498","44,070,728","47,479,923","46,269,123","186,989,152","47,012,843","45,106,259","41,378,684","166,318,806","40,426,574","41,316,526","38,022,769","129,038,642","31,719,378","31,539,208","32,098,336","-22,400,000","22,100,000","20,800,000","22,100,000","33,600,000","13,700,000","12,400,000","10,700,000","9,100,000","15,900,000","16,000,000","13,700,000","6,500,000","5,300,000","5,300,000","4,900,000","5,600,000","4,900,000","4,700,000","4,100,000","3,700,000","2,800,000",,,,,,,,,,,,,,,,
	SellingGeneralAndAdministration,"25,252,000","6,644,000","6,690,000","6,271,000","5,645,000","6,665,000","7,385,000","6,225,000","7,124,000","6,775,000","6,388,000","4,467,000","5,089,000","6,012,000","5,599,000","5,823,000","5,797,000","6,094,000","7,669,000","7,466,000","4,619,000","4,877,000","7,907,000","5,692,000","6,039,000","9,296,000","5,433,000","9,078,000","4,922,000","8,187,000","2,872,000","6,719,000","5,923,000","8,925,000","6,581,000","2,783,000","5,443,000","3,634,000","-130,674,000","49,483,000","50,561,000","48,489,000","49,087,000","48,071,000","49,075,000","48,177,000","51,322,000","48,852,000","52,137,000","47,383,000","49,306,000","49,037,000","51,657,000","51,972,000","61,196,000","63,217,000","60,673,000","57,711,000","198,741,941","6,247,947","6,656,430","6,077,682","208,314,458","7,006,203","7,715,397","952,339","196,152,538","8,431,843","51,276,817","50,429,053","-22,475,412","74,182,049","10,503,264","11,480,808","41,902,260","50,423,746","14,074,081","14,846,916","48,173,102","49,043,104","46,037,608","40,041,360","39,938,501","40,171,083","41,252,775","39,811,572","38,701,572","38,326,843","39,520,011","39,195,255","38,517,389","39,293,770","39,872,644","38,653,878","36,550,598","39,112,831","42,205,572","41,024,942","40,043,074","41,880,763","41,563,990","37,619,946","35,379,551","36,668,239","37,763,822","34,385,808","29,693,719","27,894,035","27,532,609","27,604,480","-34,100,000","18,900,000","17,200,000","18,700,000","32,100,000","12,200,000","11,200,000","9,400,000","8,000,000","14,800,000","14,900,000","12,800,000","5,600,000","4,500,000","4,700,000","4,300,000","5,000,000","4,300,000","4,000,000","3,600,000","3,400,000","2,400,000",,,,,,,,,,,,,,,,
		GeneralAndAdministrativeExpense,"25,252,000","6,644,000","6,690,000","6,271,000","5,645,000","6,665,000","7,385,000","6,225,000","7,124,000","6,775,000","6,388,000","4,467,000","5,089,000","6,012,000","5,599,000","5,823,000","5,797,000","6,094,000","7,669,000","7,466,000","4,619,000","4,877,000","7,907,000","5,692,000","6,039,000","9,296,000","5,433,000","9,078,000","4,922,000","8,187,000","2,872,000","6,719,000","5,923,000","8,925,000","6,581,000","2,783,000","5,443,000","3,634,000","-130,674,000","49,483,000","50,561,000","48,489,000","49,087,000","48,071,000","49,075,000","48,177,000","51,322,000","48,852,000","52,137,000","47,383,000","49,306,000","49,037,000","51,657,000","51,972,000","61,196,000","63,217,000","60,673,000","57,711,000","198,741,941","6,247,947","6,656,430","6,077,682","208,314,458","7,006,203","7,715,397","952,339","196,152,538","8,431,843","51,276,817","50,429,053","-22,475,412","74,182,049","10,503,264","11,480,808","41,902,260","50,423,746","14,074,081","14,846,916","48,173,102","49,043,104","46,037,608","40,041,360","39,938,501","40,171,083","41,252,775","39,811,572","38,701,572","38,326,843","39,520,011","39,195,255","38,517,389","39,293,770","39,872,644","38,653,878","36,550,598","39,112,831","42,205,572","41,024,942","40,043,074","41,880,763","41,563,990","37,619,946","35,379,551","36,668,239","37,763,822","34,385,808","29,693,719","27,894,035","27,532,609","27,604,480",,,,,,,,,,,,,,,,,,,,,,,,,,,,,,,,,,,,,,
			SalariesAndWages,,,,,,,,,,,,,,,,,,,,,,,,,,,,,,,,,,,,,,,,"40,899,000","42,962,000","41,996,000","41,885,000","40,903,000","41,728,000","42,201,000","42,541,000","42,581,000","42,320,000","40,538,000","39,964,000","41,755,000","42,938,000","44,059,000","49,346,000","51,462,000","48,591,000","48,592,000","-49,243,130","-48,095,554","-50,950,587","-48,013,729","-48,842,109","-47,925,921","-46,040,770","-46,370,582","-42,987,613","-45,028,528","-43,447,096","-42,716,841","-38,341,494","-40,305,667","-39,091,825","-39,766,096","-38,840,605","-34,949,275","-35,190,604","-32,312,307","-31,028,763","-29,341,346","-26,315,038","-23,274,625","-22,455,088","-21,969,335","-21,967,432","-21,251,332","-20,141,017","-18,722,396","-18,404,429","-16,578,699","-15,783,750","-15,640,809","-14,718,890","-14,114,982","-12,640,524","-12,386,792","-13,212,053","-13,755,590","-13,463,257","-13,478,023","-11,688,827","-10,904,279","-10,073,791","-10,129,576","-9,750,869","-10,306,288","-9,535,312","-9,403,056","-10,028,816","-11,747,603",,,,,,,,,,,,,,,,,,,,,,,,,,,,,,,,,,,,,,
			InsuranceAndClaims,"20,953,000","5,566,000","5,655,000","5,053,000","4,678,000","5,439,000","6,195,000","4,827,000","5,852,000","5,354,000","4,973,000","3,256,000","3,985,000","4,789,000","4,365,000","4,407,000","4,231,000","4,224,000","5,511,000","5,979,000","3,581,000","3,779,000","6,842,000","4,536,000","4,979,000","8,092,000","4,127,000","7,379,000","3,469,000","6,644,000","1,325,000","5,155,000","4,370,000","7,095,000","5,268,000","2,016,000","4,744,000","2,860,000","3,609,000","4,832,000","3,952,000","2,514,000","2,769,000","3,920,000","3,958,000","2,494,000","2,160,000","1,993,000","5,422,000","2,951,000","4,832,000","3,658,000","4,625,000","3,514,000","7,070,000","6,443,000","7,012,000","3,782,000","-4,006,183","-2,826,087","-5,687,899","-5,589,831","-5,076,975","-2,620,921","-4,835,933","-4,086,849","-6,120,904","-5,015,569","-3,969,432","-2,832,265","-6,089,455","-2,562,377","-5,395,577","-2,496,641","7,732,134","-3,384,300","-4,164,378","-2,370,993","-1,819,128","-2,530,868","-2,983,966","-1,842,075","-2,235,994","-1,726,834","-1,975,020","-1,681,071","-1,616,184","-1,591,330","-1,522,292","-1,976,441","-1,116,304","-1,395,942","-1,456,670","-1,773,251","-1,015,717","-1,762,395","-2,025,573","-2,006,134","-2,012,934","-2,456,295","-3,073,478","-2,861,619","-2,280,492","-2,614,319","-2,726,671","-2,354,234","-1,547,958","-1,857,006","-2,274,998","-2,286,797",,,,,,,,,,,,,,,,,,,,,,,,,,,,,,,,,,,,,,
			OtherGandA,"4,299,000","1,078,000","1,035,000","1,218,000","967,000","1,226,000","1,190,000","1,398,000","1,272,000","1,421,000","1,415,000","1,211,000","1,104,000","1,223,000","1,234,000","1,416,000","1,566,000","1,870,000","2,158,000","1,487,000","1,038,000","1,098,000","1,065,000","1,156,000","1,060,000","1,204,000","1,306,000","1,699,000","1,453,000","1,543,000","1,547,000","1,564,000","1,553,000","1,830,000","1,313,000","767,000","699,000","774,000","-8,426,000","3,752,000","3,647,000","3,979,000","4,433,000","3,248,000","3,389,000","3,482,000","6,621,000","4,278,000","4,395,000","3,894,000","4,510,000","3,624,000","4,094,000","4,399,000","4,780,000","5,312,000","5,070,000","5,337,000","251,991,254","57,169,588","63,294,916","59,681,242","262,233,542","57,553,045","58,592,100","51,409,770","245,261,055","58,475,940","98,693,345","95,978,159","21,955,537","117,050,093","54,990,666","53,743,545","73,010,731","88,757,321","53,429,063","49,530,216","81,020,993","80,915,318","75,336,612","65,158,060","64,629,583","63,867,252","65,195,227","62,743,975","60,458,773","58,640,569","59,446,732","57,750,395","55,417,443","56,330,521","56,048,204","54,542,111","50,206,839","53,262,018","57,443,198","56,786,666","55,519,265","57,815,081","56,326,295","51,385,844","47,733,834","49,412,134","50,241,362","47,046,330","40,776,989","39,154,097","39,836,423","41,638,880",,,,,,,,,,,,,,,,,,,,,,,,,,,,,,,,,,,,,,
	DepreciationAmortizationDepletionIncomeStatement,,,,,,,,,,,,,,,,,,,,,,,,,,,,,,,,,,,,,,,,"14,250,000","13,995,000","13,939,000","16,284,000","14,900,000","13,664,000","12,378,000","15,708,000","15,139,000","15,379,000","15,723,000","18,287,000","15,468,000","13,160,000","11,814,000","13,529,000","11,504,000","10,663,000","10,412,000","12,532,152","12,365,139","11,876,953","11,703,756","13,545,636","12,446,339","11,181,612","10,177,659","10,967,604","9,819,033","9,053,013","8,388,684","8,413,915","7,842,781","6,757,757","6,613,704","7,100,937","7,139,016","6,926,441","5,367,543","6,350,883","5,666,127","4,461,581","3,900,129","4,276,931","4,279,356","4,261,061","4,183,579","4,381,842","4,143,218","3,892,272","3,867,218","4,178,305","3,913,127","4,056,077","4,068,078","4,359,466","4,504,616","4,580,527","4,663,099","5,314,169","4,787,204","3,345,012","3,302,138","3,330,662","3,235,931","3,541,140","3,463,551","3,468,286","3,629,116","4,012,392","4,179,287","4,300,000","4,900,000","5,500,000","5,800,000","2,400,000","2,200,000","2,100,000","2,000,000","2,000,000","1,800,000","1,700,000","1,500,000","1,500,000","1,400,000","1,100,000","1,100,000","1,100,000","1,100,000","1,100,000","900,000","700,000","700,000",,,,,,,,,,,,,,,,
		DepreciationAndAmortizationInIncomeStatement,,,,,,,,,,,,,,,,,,,,,,,,,,,,,,,,,,,,,,,,"14,250,000","13,995,000","13,939,000","16,284,000","14,900,000","13,664,000","12,378,000","15,708,000","15,139,000","15,379,000","15,723,000","18,287,000","15,468,000","13,160,000","11,814,000","13,529,000","11,504,000","10,663,000","10,412,000","12,532,152","12,365,139","11,876,953","11,703,756","13,545,636","12,446,339","11,181,612","10,177,659","10,967,604","9,819,033","9,053,013","8,388,684","8,413,915","7,842,781","6,757,757","6,613,704","7,100,937","7,139,016","6,926,441","5,367,543","6,350,883","5,666,127","4,461,581","3,900,129","4,276,931","4,279,356","4,261,061","4,183,579","4,381,842","4,143,218","3,892,272","3,867,218","4,178,305","3,913,127","4,056,077","4,068,078","4,359,466","4,504,616","4,580,527","4,663,099","5,314,169","4,787,204","3,345,012","3,302,138","3,330,662","3,235,931","3,541,140","3,463,551","3,468,286","3,629,116","4,012,392","4,179,287","4,300,000","4,900,000","5,500,000","5,800,000","2,400,000","2,200,000","2,100,000","2,000,000","2,000,000","1,800,000","1,700,000","1,500,000","1,500,000","1,400,000","1,100,000","1,100,000","1,100,000","1,100,000","1,100,000","900,000","700,000","700,000",,,,,,,,,,,,,,,,
			DepreciationIncomeStatement,,,,,,,,,,,,,,,,,,,,,,,,,,,,,,,,,,,,,,,,"14,250,000","13,995,000","13,939,000","16,284,000","14,900,000","13,664,000","12,378,000","15,708,000","15,139,000","15,379,000","15,723,000","18,287,000","15,468,000","13,160,000","11,814,000","13,529,000","11,504,000","10,663,000","10,412,000","12,532,152","12,365,139","11,876,953","11,703,756","13,545,636","12,446,339","11,181,612","10,177,659","10,967,604","9,819,033","9,053,013","8,388,684","8,413,915","7,842,781","6,757,757","6,613,704","7,100,937","7,139,016","6,926,441","5,367,543","6,350,883","5,666,127","4,461,581","3,900,129","4,276,931","4,279,356","4,261,061","4,183,579","4,381,842","4,143,218","3,892,272","3,867,218","4,178,305","3,913,127","4,056,077","4,068,078","4,359,466","4,504,616","4,580,527","4,663,099","5,314,169","4,787,204","3,345,012","3,302,138","3,330,662","3,235,931","3,541,140","3,463,551","3,468,286","3,629,116","4,012,392","4,179,287","4,300,000","4,900,000","5,500,000","5,800,000","2,400,000","2,200,000","2,100,000","2,000,000","2,000,000","1,800,000","1,700,000","1,500,000","1,500,000","1,400,000","1,100,000","1,100,000","1,100,000","1,100,000","1,100,000","900,000","700,000","700,000",,,,,,,,,,,,,,,,
	OtherTaxes,,,,,,,,,,,,,,,,,,,,,,,,,,,,,,,,,,,,,,,,,,,,,,,,,,,,,,,,,,,"-2,283,872","-2,551,510","-2,338,260","-2,280,358","-2,612,939","-2,259,227","-2,203,726","-2,067,167","-2,463,156","-2,249,347","-2,180,646","-2,075,290","-2,357,922","-2,143,218","-2,204,958","-2,290,282","-2,139,066","-2,265,221","-2,125,293","-1,873,406","-1,894,192","-1,953,378","-1,689,400","-1,607,108","-1,699,386","-1,586,127","-1,517,960","-1,385,155","-1,675,787","-1,516,106","-1,455,225","-1,305,330","-1,464,243","-1,604,825","-1,494,517","-1,371,059","-1,558,303","-1,531,871","-1,548,562","-1,511,671","-1,647,712","-1,645,831","-1,413,861","-1,341,751","-1,551,178","-1,379,260","-1,450,383","-1,311,771","-1,511,046","-1,227,778","-1,200,796","-1,306,806",,"-1,700,000","-1,900,000","-2,400,000","-900,000","-700,000","-900,000","-700,000","-900,000","-700,000","-600,000","-600,000","-600,000","-600,000","-500,000","-500,000","-500,000","-500,000","-400,000","-400,000","-400,000","-300,000",,,,,,,,,,,,,,,,
	OtherOperatingExpenses,"21,646,000","5,798,000","5,227,000","5,418,000","5,204,000","5,552,000","6,796,000","6,637,000","6,056,000","6,909,000","6,430,000","5,993,000","5,187,000","5,171,000","4,423,000","5,287,000","5,765,000","6,030,000","5,992,000","8,047,000","5,524,000","5,103,000","1,730,000","824,000","5,898,000","4,933,000","6,838,000","7,230,000","6,747,000","7,757,000","6,801,000","7,779,000","7,997,000","8,691,000","7,318,000","4,334,000","3,691,000","3,813,000","24,066,000","-1,674,000","-3,546,000","-4,214,000","-9,804,000","-6,799,000","-11,662,000","-3,868,000","-2,833,000","-7,951,000","176,000","1,823,000","-2,919,000","-6,363,000","-1,757,000","617,000","-3,616,000","-576,000","2,354,000","1,599,000","-75,484,023","109,255,997","110,481,757","101,862,269","-94,405,234","103,423,489","97,638,893","97,837,580","-89,404,210","102,338,720","53,250,828","47,580,934","119,374,389","20,336,552","84,476,931","81,775,261","38,196,935","39,765,493","78,422,306","74,244,474","38,443,604","39,408,934","36,305,535","32,167,210","32,192,328","34,589,113","35,109,993","34,032,483","33,807,339","34,070,909","34,777,154","33,543,647","133,572,910","2,024,051","2,159,204","2,260,009","140,365,737","1,985,152","2,242,386","2,092,753","143,279,621","1,990,707","1,611,118","1,798,351","129,159,771","1,901,664","1,461,947","1,485,181","97,387,683","1,424,005","1,195,003","1,621,375",,,,,,,,,,,,,,,,,,,,,,,,,,,,,,,,,,,,,,
OperatingIncome,"72,059,000","18,137,000","16,407,000","18,019,000","19,496,000","14,047,000","17,674,000","21,618,000","21,742,000","17,555,000","10,299,000","14,144,000","21,488,000","17,002,000","20,006,000","17,976,000","16,761,000","10,079,000","3,040,000","5,528,000","15,014,000","13,288,000","18,966,000","18,439,000","19,996,000","18,962,000","19,929,000","17,460,000","26,071,000","18,079,000","27,863,000","25,033,000","26,783,000","18,645,000","17,749,000","21,523,000","20,731,000","19,029,000","9,600,000","19,667,000","26,748,000","23,778,000","26,866,000","25,132,000","32,687,000","21,873,000","24,524,000","29,061,000","32,877,000","21,226,000","25,469,000","29,726,000","30,958,000","26,068,000","42,796,000","41,507,000","34,934,000","27,323,000","-56,925,706","-43,371,992","-47,871,320","-39,699,982","-46,336,481","-38,041,264","-39,796,760","-26,379,862","-42,750,112","-47,420,117","-42,309,315","-39,103,205","-46,351,459","-34,519,260","-41,980,773","-41,222,697","-11,332,245","-44,672,439","-50,821,393","-52,258,872","-53,012,328","-58,738,465","-56,378,263","-48,786,537","-49,699,161","-54,828,575","-57,179,533","-56,267,497","-57,090,203","-59,151,908","-61,977,309","-65,130,466","-164,621,781","-35,472,961","-37,994,676","-38,437,109","-173,633,164","-40,698,446","-45,161,979","-42,980,799","-182,905,906","-43,427,441","-47,362,353","-42,905,185","-167,629,395","-42,459,158","-44,980,086","-38,729,961","-127,024,868","-27,424,154","-25,863,218","-23,715,746","-6,100,000","10,800,000","11,000,000","8,700,000","6,900,000","7,000,000","7,300,000","6,400,000","5,800,000","6,200,000","5,800,000","5,200,000","4,000,000","5,000,000","4,700,000","4,200,000","3,500,000","3,800,000","3,600,000","3,600,000","2,700,000","2,900,000","13,100,000","11,200,000","-15,700,000","8,900,000","8,400,000","8,100,000","-12,000,000","6,900,000","6,000,000","5,700,000","-10,500,000","5,500,000","5,500,000","5,400,000","-10,200,000","4,700,000"
NetNonOperatingInterestIncomeExpense,"648,000","146,000","147,000","181,000","175,000","138,000","138,000","171,000","157,000","377,000","-147,000","676,000","1,229,000","1,145,000","779,000","586,000","423,000","342,000","179,000","63,000","424,000","288,000","173,000","124,000","109,000","75,000","54,000","64,000","61,000","12,000","-30,000","-76,000","-26,000","-119,000","-124,000","126,000","129,000","123,000","174,000","191,000","167,000","142,000","153,000","174,000","208,000","237,000","258,000","347,000","416,000","403,000","416,000","489,000","563,000","871,000","2,090,000","1,943,000","2,236,000","2,863,000",,,,,,,,,,,,,,,,,,,,,,,,,,,,,,,,,,,,,,,,,,,,,,,,,,,,,,,,,,,,,,,,,,,,,,,,,,,,,,,,,,,,,,,,,,
	InterestIncomeNonOperating,"648,000","146,000","147,000","181,000","175,000","138,000","138,000","171,000","157,000","377,000","453,000","1,128,000","1,229,000","1,145,000","779,000","586,000","423,000","342,000","179,000","238,000","424,000","288,000","173,000","124,000","109,000","75,000","54,000","64,000","61,000","31,000","32,000","21,000","106,000","36,000","84,000","126,000","129,000","123,000","174,000","191,000","167,000","142,000","153,000","174,000","208,000","237,000","258,000","347,000","416,000","403,000","416,000","489,000","563,000","871,000","2,090,000","1,943,000","2,236,000","2,863,000",,,,,,,,,,,,,,,,,,,,,,,,,,,,,,,,,,,,,,,,,,,,,,,,,,,,,,,,,,,,,,,,,,,,,,,,,,,,,,,,,,,,,,,,,,
	InterestExpenseNonOperating,,,,,,,"0","0",,,"600,000","452,000",,,"0","0",,,"0","175,000",,"0","0",,"0","0","0","0","0","19,000","62,000","97,000","132,000","155,000","208,000",,,,,,,,,,,,,,,,,,,,,,,,,,,,,,,,,,,,,,,,,,,,,,,,,,,,,,,,,,,,,,,,,,,,,,,,,,,,,,,,,,,,,,,,,,,,,,,,,,,,,,,,,,,,,,,,,
OtherIncomeExpense,"37,464,000","4,258,000","10,097,000","15,254,000","7,855,000","4,232,000","6,091,000","5,721,000","3,247,000","-229,000","7,363,000","12,595,000","7,542,000","3,841,000","9,553,000","7,156,000","5,386,000","2,869,000","6,829,000","7,471,000","6,299,000","6,075,000","1,932,000","1,474,000","4,511,000","1,288,000","7,790,000","7,401,000","9,668,000","10,181,000","6,384,000","11,257,000","13,859,000","2,043,000","8,971,000","4,477,000","8,644,000","11,178,000","5,676,000",,,,,,,,,,,"507,000",,,,,,,,,,,,,,,,,,,,,,,,,,,,,,,,,,,,,,"23,235","200",,,"934,812",,,,,"5,645","326,610",,"6,739","24,980","800",,,,"189,041",,"5,022","2,281","19,831","-3,300,000",,,,"400,000","200,000","100,000","100,000","200,000","100,000","200,000","200,000","200,000","200,000","100,000","100,000","100,000","100,000","100,000","100,000","300,000","200,000",,,,,,,,,,,,,,,,
	SpecialIncomeCharges,"37,464,000","4,258,000","10,097,000","15,254,000","7,855,000","4,232,000","6,091,000","5,721,000","3,247,000","-229,000","7,363,000","12,595,000","7,542,000","3,841,000","9,553,000","7,156,000","5,386,000","2,869,000","6,829,000","7,471,000","6,299,000","6,075,000","1,932,000","1,474,000","4,511,000","1,288,000","7,790,000","7,401,000","9,668,000","10,181,000","6,384,000","11,257,000","13,859,000","2,043,000","8,971,000","4,477,000","8,644,000","11,178,000","5,676,000",,,,,,,,,,,"507,000",,,,,,,,,"0","0","0","0","0","0","0","0","0","0","0","0","0","0","0","0","0","0","0","0","0","0","0","0","0","0","0","0","-1,516,913","23,235","200","0","-934,812","934,812",,,"-332,255",,"5,645","326,610","-32,519","6,739","24,980","800","-189,041",,,"189,041","-27,134","5,022","2,281","19,831","-3,300,000",,,,"400,000","200,000","100,000","100,000","200,000","100,000","200,000","200,000","200,000","200,000","100,000","100,000","100,000","100,000","100,000","100,000","300,000","200,000",,,,,,,,,,,,,,,,
		GainOnSaleOfPPE,"37,464,000","4,258,000","10,097,000","15,254,000","7,855,000","4,232,000","6,091,000","5,721,000","3,247,000","-229,000","7,363,000","12,595,000","7,542,000","3,841,000","9,553,000","7,156,000","5,386,000","2,869,000","6,829,000","7,471,000","6,299,000","6,075,000","1,932,000","1,474,000","4,511,000","1,288,000","7,790,000","7,401,000","9,668,000","10,181,000","6,384,000","11,257,000","13,859,000","2,043,000","8,971,000","4,477,000","8,644,000","11,178,000","5,676,000",,,,,,,,,,,"507,000",,,,,,,,,,,,,,,,,,,,,,,,,,,,,,,,,,,,,,,,,,,,,,,,,,,,,,,,,,,,,,,,,,,,,,,,,,,,,,,,,,,,,,,,,,,,,,,,,,
PretaxIncome,"110,171,000","22,541,000","26,651,000","33,454,000","27,526,000","18,417,000","23,903,000","27,510,000","25,146,000","17,703,000","17,515,000","27,415,000","30,259,000","21,988,000","30,338,000","25,718,000","22,570,000","13,290,000","10,048,000","13,062,000","21,737,000","19,651,000","21,071,000","20,037,000","24,616,000","20,325,000","27,773,000","24,925,000","35,800,000","28,272,000","34,217,000","36,214,000","40,616,000","20,569,000","26,596,000","26,126,000","29,504,000","30,330,000","24,883,000","19,858,000","26,915,000","23,920,000","27,019,000","25,306,000","32,895,000","22,110,000","24,782,000","29,408,000","22,449,000","16,234,000","16,221,000","22,899,000","22,271,000","19,911,000","30,746,000","30,564,000","23,146,000","22,622,000","26,905,445","28,250,395","30,975,655","34,603,505","30,462,211","35,675,396","38,405,729","30,604,835","33,551,600","27,197,604","27,333,123","23,401,528","25,667,191","26,465,056","24,153,333","20,343,562","29,292,481","21,958,724","19,145,701","16,745,896","16,925,941","16,777,829","16,705,283","14,451,420","14,929,472","13,961,881","14,633,658","13,528,844","11,961,959","12,711,852","13,449,878","13,851,996","12,893,251","13,126,000","13,002,295","11,637,602","12,850,776","12,972,898","13,104,284","12,008,742","11,249,934","12,928,027","12,269,061","10,520,843","9,964,656","10,459,608","10,207,222","9,096,272","8,136,159","8,969,851","8,290,805","7,282,058","5,100,000","7,000,000","6,800,000","2,900,000","5,200,000","5,900,000","5,700,000","5,200,000","4,100,000","4,900,000","4,800,000","4,100,000","3,000,000","3,900,000","3,800,000","3,300,000","2,600,000","2,900,000","2,800,000","2,800,000","2,000,000","2,500,000",,,,,,,,,,,,,,,,
TaxProvision,"27,853,000","5,766,000","6,316,000","8,988,000","6,784,000","4,683,000","6,231,000","6,796,000","5,964,000","4,465,000","4,728,000","6,914,000","7,898,000","4,670,000","7,898,000","6,662,000","4,767,000","-88,000","-28,557,000","5,146,000","7,121,000","5,615,000","7,957,000","7,510,000","8,248,000","5,948,000","10,758,000","9,812,000","12,484,000","10,661,000","12,672,000","13,477,000","14,144,000","6,490,000","10,754,000","10,258,000","10,366,000","10,596,000","10,591,000","7,424,000","8,688,000","7,332,000","9,897,000","9,907,000","10,363,000","7,231,000","9,403,000","11,111,000","5,796,000","4,347,000","5,535,000","8,392,000","4,656,000","5,770,000","11,396,000","11,841,000","5,915,000","7,959,000","10,274,668","11,105,619","11,134,509","12,050,204","10,814,084","12,664,766","13,634,068","10,864,684","11,912,142","9,655,150","9,703,258","8,307,543","9,111,854","9,395,071","8,453,664","7,221,965","10,252,369","7,465,967","6,509,537","5,693,604","5,754,818","5,704,463","5,679,795","4,913,483","5,076,023","4,746,965","4,975,445","4,599,806","4,067,067","4,322,021","4,572,958","4,709,679","4,448,173","4,528,469","4,485,791","4,073,277","4,495,956","4,542,309","4,586,522","4,203,060","3,937,491","4,525,214","4,539,695","3,892,572","3,684,656","3,870,265","3,776,728","3,365,619","3,010,326","3,323,647","3,065,028","2,694,400","2,000,000","2,600,000","2,500,000","4,600,000","2,000,000","2,200,000","2,000,000","1,800,000","1,400,000","1,700,000","1,700,000","1,400,000","1,100,000","1,400,000","1,400,000","1,200,000","900,000","900,000","1,000,000","1,000,000","700,000","900,000",,,,,,,,,,,,,,,,
NetIncomeCommonStockholders,"82,318,000","16,775,000","20,335,000","24,466,000","20,742,000","13,734,000","17,672,000","20,714,000","19,182,000","13,238,000","12,787,000","20,501,000","22,361,000","17,318,000","22,440,000","19,056,000","17,803,000","13,378,000","38,605,000","7,916,000","14,616,000","14,036,000","13,114,000","12,527,000","16,368,000","14,377,000","17,015,000","15,113,000","23,316,000","17,611,000","21,545,000","22,737,000","26,472,000","14,079,000","15,842,000","15,868,000","19,138,000","19,734,000","14,292,000","12,434,000","18,227,000","16,588,000","17,122,000","15,399,000","22,532,000","14,879,000","15,379,000","18,297,000","16,653,000","11,887,000","10,686,000","14,507,000","17,615,000","14,141,000","19,350,000","18,723,000","17,231,000","14,663,000","16,630,777","17,144,776","19,841,146","22,553,301","19,648,127","23,010,630","24,771,661","19,740,151","21,639,458","17,542,454","17,629,865","15,093,985","16,555,337","17,069,985","15,699,669","13,121,597","19,040,112","14,492,757","12,636,164","11,052,292","11,171,123","11,073,366","11,025,488","9,537,937","9,853,449","9,214,916","9,658,213","8,929,038","7,894,892","8,389,831","8,876,920","9,142,317","8,445,078","8,597,531","8,516,504","7,564,325","8,354,820","8,430,589","8,517,762","7,805,682","7,312,443","8,402,813","7,729,366","6,628,271","6,280,000","6,589,343","6,430,494","5,730,653","5,125,833","5,646,204","5,225,777","4,587,658","3,100,000","4,400,000","4,300,000","-1,700,000","3,200,000","3,700,000","3,700,000","4,100,000","2,700,000","3,200,000","3,100,000","2,700,000","1,900,000","2,500,000","2,400,000","2,100,000","1,700,000","2,000,000","1,800,000","1,800,000","1,300,000","1,600,000","1,500,000","1,500,000","1,200,000","1,300,000","1,300,000","1,300,000","700,000","1,000,000","900,000","900,000","600,000","700,000","900,000","800,000","500,000","500,000"
	NetIncome,"82,318,000","16,775,000","20,335,000","24,466,000","20,742,000","13,734,000","17,672,000","20,714,000","19,182,000","13,238,000","12,787,000","20,501,000","22,361,000","17,318,000","22,440,000","19,056,000","17,803,000","13,378,000","38,605,000","7,916,000","14,616,000","14,036,000","13,114,000","12,527,000","16,368,000","14,377,000","17,015,000","15,113,000","23,316,000","17,611,000","21,545,000","22,737,000","26,472,000","14,079,000","15,842,000","15,868,000","19,138,000","19,734,000","14,292,000","12,434,000","18,227,000","16,588,000","17,122,000","15,399,000","22,532,000","14,879,000","15,379,000","18,297,000","16,653,000","11,887,000","10,686,000","14,507,000","17,615,000","14,141,000","19,350,000","18,723,000","17,231,000","14,663,000","16,630,777","17,144,776","19,841,146","22,553,301","19,648,127","23,010,630","24,771,661","19,740,151","21,639,458","17,542,454","17,629,865","15,093,985","16,555,337","17,069,985","15,699,669","13,121,597","19,040,112","14,492,757","12,636,164","11,052,292","11,171,123","11,073,366","11,025,488","9,537,937","9,853,449","9,214,916","9,658,213","8,929,038","7,894,892","8,389,831","8,876,920","9,142,317","8,445,078","8,597,531","8,516,504","7,564,325","8,354,820","8,430,589","8,517,762","7,805,682","7,312,443","8,402,813","7,729,366","6,628,271","6,280,000","6,589,343","6,430,494","5,730,653","5,125,833","5,646,204","5,225,777","4,587,658","3,100,000","4,400,000","4,300,000","-1,700,000","3,200,000","3,700,000","3,700,000","4,100,000","2,700,000","3,200,000","3,100,000","2,700,000","1,900,000","2,500,000","2,400,000","2,100,000","1,700,000","2,000,000","1,800,000","1,800,000","1,300,000","1,600,000","1,500,000","1,500,000","1,200,000","1,300,000","1,300,000","1,300,000","700,000","1,000,000","900,000","900,000","600,000","700,000","900,000","800,000","500,000","500,000"
		NetIncomeIncludingNoncontrollingInterests,"82,318,000","16,775,000","20,335,000","24,466,000","20,742,000","13,734,000","17,672,000","20,714,000","19,182,000","13,238,000","12,787,000","20,501,000","22,361,000","17,318,000","22,440,000","19,056,000","17,803,000","13,378,000","38,605,000","7,916,000","14,616,000","14,036,000","13,114,000","12,527,000","16,368,000","14,377,000","17,015,000","15,113,000","23,316,000","17,611,000","21,545,000","22,737,000","26,472,000","14,079,000","15,842,000","15,868,000","19,138,000","19,734,000","14,292,000","12,434,000","18,227,000","16,588,000","17,122,000","15,399,000","22,532,000","14,879,000","15,379,000","18,297,000","16,653,000","11,887,000","10,686,000","14,507,000","17,615,000","14,141,000","19,350,000","18,723,000","17,231,000","14,663,000","16,630,777","17,144,776","19,841,146","22,553,301","19,648,127","23,010,630","24,771,661","19,740,151","21,639,458","17,542,454","17,629,865","15,093,985","16,555,337","17,069,985","15,699,669","13,121,597","19,040,112","14,492,757","12,636,164","11,052,292","11,171,123","11,073,366","11,025,488","9,537,937","9,853,449","9,214,916","9,658,213","8,929,038","7,894,892","8,389,831","8,876,920","9,142,317","8,445,078","8,597,531","8,516,504","7,564,325","8,354,820","8,430,589","8,517,762","7,805,682","7,312,443","8,402,813","7,729,366","6,628,271","6,280,000","6,589,343","6,430,494","5,730,653","5,125,833","5,646,204","5,225,777","4,587,658","3,100,000","4,400,000","4,300,000","-1,700,000","3,200,000","3,700,000","3,700,000","4,100,000","2,700,000","3,200,000","3,100,000","2,700,000","1,900,000","2,500,000","2,400,000","2,100,000","1,700,000","2,000,000","1,800,000","1,800,000","1,300,000","1,600,000","1,500,000","1,500,000","1,200,000","1,300,000","1,300,000","1,300,000","700,000","1,000,000","900,000","900,000","600,000","700,000","900,000","800,000","500,000","500,000"
			NetIncomeContinuousOperations,"82,318,000","16,775,000","20,335,000","24,466,000","20,742,000","13,734,000","17,672,000","20,714,000","19,182,000","13,238,000","12,787,000","20,501,000","22,361,000","17,318,000","22,440,000","19,056,000","17,803,000","13,378,000","38,605,000","7,916,000","14,616,000","14,036,000","13,114,000","12,527,000","16,368,000","14,377,000","17,015,000","15,113,000","23,316,000","17,611,000","21,545,000","22,737,000","26,472,000","14,079,000","15,842,000","15,868,000","19,138,000","19,734,000","14,292,000","12,434,000","18,227,000","16,588,000","17,122,000","15,399,000","22,532,000","14,879,000","15,379,000","18,297,000","16,653,000","11,887,000","10,686,000","14,507,000","17,615,000","14,141,000","19,350,000","18,723,000","17,231,000","14,663,000","16,630,777","17,144,776","19,841,146","22,553,301","19,648,127","23,010,630","24,771,661","19,740,151","21,639,458","17,542,454","17,629,865","15,093,985","16,555,337","17,069,985","15,699,669","13,121,597","19,040,112","14,492,757","12,636,164","11,052,292","11,171,123","11,073,366","11,025,488","9,537,937","9,853,449","9,214,916","9,658,213","8,929,038","7,894,892","8,389,831","8,876,920","9,142,317","8,445,078","8,597,531","8,516,504","7,564,325","8,354,820","8,430,589","8,517,762","7,805,682","7,312,443","8,402,813","7,729,366","6,628,271","6,280,000","6,589,343","6,430,494","5,730,653","5,125,833","5,646,204","5,225,777","4,587,658","3,100,000","4,400,000","4,300,000","-1,700,000","3,200,000","3,700,000","3,700,000","3,400,000","2,700,000","3,200,000","3,100,000","2,700,000","1,900,000","2,500,000","2,400,000","2,100,000","1,700,000","2,000,000","1,800,000","1,800,000","1,300,000","1,600,000","1,500,000","1,500,000","1,200,000","1,300,000","1,300,000","1,300,000","700,000","1,000,000","900,000","900,000","600,000","700,000","900,000","800,000","500,000","500,000"
			NetIncomeExtraordinary,,,,,,,,,,,,,,,,,,,,,,,,,,,,,,,,,,,,,,,,,,,,,,,,,,,,,,,,,,,,,,,,,,,,,,,,,,,,,,,,,,,,,,,,,,,,,,,,,,,,,,,,,,,,,,,,,,,"0",,,"700,000",,,,,,,,,,,,,,,,,,,,,,,,,,,,,,
DilutedNIAvailtoComStockholders,"82,318,000","16,775,000","20,335,000","24,466,000","20,742,000","13,734,000","17,672,000","20,714,000","19,182,000","13,238,000","12,787,000","20,501,000","22,361,000","17,318,000","22,440,000","19,056,000","17,803,000","13,378,000","38,605,000","7,916,000","14,616,000","14,036,000","13,114,000","12,527,000","16,368,000","14,377,000","17,015,000","15,113,000","23,316,000","17,611,000","21,545,000","22,737,000","26,472,000","14,079,000","15,842,000","15,868,000","19,138,000","19,734,000","14,292,000","12,434,000","18,227,000","16,588,000","17,122,000","15,399,000","22,532,000","14,879,000","15,379,000","18,297,000","16,653,000","11,887,000","10,686,000","14,507,000","17,615,000","14,141,000","19,350,000","18,723,000","17,231,000","14,663,000","16,630,777","17,144,776","19,841,146","22,553,301","19,648,127","23,010,630","24,771,661","19,740,151","21,639,458","17,542,454","17,629,865","15,093,985","16,555,337","17,069,985","15,699,669","13,121,597","19,040,112","14,492,757","12,636,164","11,052,292","11,171,123","11,073,366","11,025,488","9,537,937","9,853,449","9,214,916","9,658,213","8,929,038","7,894,892","8,389,831","8,876,920","9,142,317","8,445,078","8,597,531","8,516,504","7,564,325","8,354,820","8,430,589","8,517,762","7,805,682","7,312,443","8,402,813","7,729,366","6,628,271","6,280,000","6,589,343","6,430,494","5,730,653","5,125,833","5,646,204","5,225,777","4,587,658","3,100,000","4,400,000","4,300,000","-1,700,000","3,200,000","3,700,000","3,700,000","4,100,000","2,700,000","3,200,000","3,100,000","2,700,000","1,900,000","2,500,000","2,400,000","2,100,000","1,700,000","2,000,000","1,800,000","1,800,000","1,300,000","1,600,000","1,500,000","1,500,000","1,200,000","1,300,000","1,300,000","1,300,000","700,000","1,000,000","900,000","900,000","600,000","700,000","900,000","800,000","500,000","500,000"
BasicEPS,,"0.21","0.26","0.31","0.26","0.17","0.22","0.25","0.24","0.16","0.16","0.25","0.27","0.21","0.27","0.23","0.22","0.16","0.46","0.1","0.18","0.17","0.16","0.15","0.2","0.17","0.2","0.17","0.27","0.2","0.25","0.26","0.3","0.16","0.18","0.19","0.23","0.23","0.17","0.15","0.21","0.19",,"0.17","0.25","0.16",,"0.2","0.18","0.13",,"0.16","0.19","0.15",,"0.19","0.18","0.15",,"0.18","0.2","0.23",,"0.23","0.25","0.203",,"0.18","0.18","0.15",,"0.173","0.155","0.13",,"0.145","0.125","0.11",,"0.11","0.11","0.095",,"0.092","0.098","0.089",,"0.084","0.089","0.089",,"0.074","0.071","0.064",,"0.071","0.071","0.066",,"0.071","0.066","0.056",,"0.056","0.053","0.048",,"0.051","0.048","0.038",,"0.038","0.038","-0.013",,"0.033","0.033","0.036",,"0.028","0.028","0.02",,"0.02","0.02","0.018",,"0.015","0.015","0.015",,"0.013","0.013","0.013",,"0.01","0.01","0.01",,"0.008","0.008","0.008",,"0.003","0.01","0.01",,"0.005"
DilutedEPS,,"0.21","0.26","0.31","0.26","0.17","0.22","0.25","0.24","0.16","0.16","0.25","0.27","0.21","0.27","0.23","0.22","0.16","0.46","0.09","0.18","0.17","0.16","0.15","0.2","0.17","0.2","0.17","0.27","0.2","0.25","0.26","0.3","0.16","0.18","0.19","0.23","0.23","0.17","0.14","0.21","0.19",,"0.17","0.25","0.16",,"0.2","0.18","0.13",,"0.16","0.19","0.15",,"0.19","0.18","0.15",,"0.18","0.2","0.23",,"0.23","0.25","0.203",,"0.18","0.18","0.15",,"0.173","0.155","0.13",,"0.145","0.125","0.11",,"0.11","0.11","0.095",,"0.092","0.098","0.089",,"0.084","0.089","0.089",,"0.074","0.071","0.064",,"0.071","0.071","0.066",,"0.071","0.066","0.056",,"0.056","0.053","0.048",,"0.051","0.048","0.038",,"0.038","0.038","-0.013",,"0.033","0.033","0.036",,"0.028","0.028","0.02",,"0.02","0.02","0.018",,"0.015","0.015","0.015",,"0.013","0.013","0.013",,"0.01","0.01","0.01",,"0.008","0.008","0.008",,"0.003","0.01","0.01",,"0.005"
BasicAverageShares,,"78,929,000","78,913,000","79,336,000","79,906,000","80,152,000","80,964,000","81,370,000","81,351,000","81,870,000","82,025,000","81,992,000","81,968,000","81,936,000","81,927,000","81,965,000","82,330,000","83,309,000","83,303,000","83,303,000","83,294,000","83,292,000","83,287,000","83,286,000","83,248,000","83,369,000","84,932,000","87,387,000","87,814,000","87,791,000","87,779,000","87,778,000","87,728,000","87,704,000","86,425,000","84,837,000","84,789,000","84,770,000","85,010,000","85,646,000","86,451,000","86,474,000",,"90,129,000","90,689,000","90,689,000",,"90,689,000","90,689,000","90,689,000",,"90,689,000","90,689,000","92,485,000",,"96,158,000","96,158,000","96,215,000",,"97,498,975","98,251,889","98,251,889",,"98,330,636","98,428,589","98,426,205",,"98,426,351","99,666,120","99,997,500",,"99,997,500","99,997,500","99,997,500",,"99,997,500","99,997,500","99,997,500",,"99,997,500","99,997,500","99,997,500",,"99,998,603","99,998,603","99,998,907",,"99,998,907","99,998,907","102,746,839",,"118,051,211","118,051,211","118,051,211",,"118,051,211","118,051,211","118,051,211",,"118,051,211","118,051,211","118,051,211",,"118,051,211","121,264,721","121,264,721",,"118,324,916","118,324,916","118,324,916",,"115,428,002","112,804,638","133,784,528",,"111,995,641","111,995,641","115,239,755",,"114,473,778","110,896,473","132,808,657",,"122,970,979","118,052,140","118,050,481",,"131,164,743","118,048,269","118,048,269",,"125,914,850","118,045,172","118,045,172",,"127,889,818","127,889,818","127,889,818",,"131,164,743","118,048,269","118,048,269",,"83,620,266","88,539,105","113,419,668",,"98,367,106"
DilutedAverageShares,,"78,953,000","78,937,000","79,364,000","79,957,000","80,206,000","81,016,000","81,404,000","81,415,000","81,945,000","82,074,000","82,040,000","82,027,000","81,956,000","81,954,000","81,992,000","82,368,000","83,349,000","83,335,000","83,333,000","83,338,000","83,337,000","83,340,000","83,342,000","83,319,000","83,460,000","85,034,000","87,492,000","87,967,000","87,965,000","87,930,000","87,923,000","87,900,000","87,917,000","86,629,000","85,038,000","85,039,000","85,046,000","85,287,000","85,925,000","86,779,000","86,825,000",,"90,129,000","90,689,000","90,689,000",,"90,689,000","90,689,000","90,689,000",,"90,689,000","90,689,000","92,485,000",,"96,158,000","96,158,000","96,215,000",,"97,498,975","98,251,889","98,251,889",,"98,330,636","98,428,589","98,426,205",,"98,426,351","99,666,120","99,997,500",,"99,997,500","99,997,500","99,997,500",,"99,997,500","99,997,500","99,997,500",,"99,997,500","99,997,500","99,997,500",,"99,998,603","99,998,603","99,998,907",,"99,998,907","99,998,907","102,746,839",,"118,051,211","118,051,211","118,051,211",,"118,051,211","118,051,211","118,051,211",,"118,051,211","118,051,211","118,051,211",,"118,051,211","121,264,721","121,264,721",,"118,324,916","118,324,916","118,324,916",,"115,428,002","112,804,638","133,784,528",,"111,995,641","111,995,641","115,239,755",,"114,473,778","110,896,473","132,808,657",,"122,970,979","118,052,140","118,050,481",,"131,164,743","118,048,269","118,048,269",,"125,914,850","118,045,172","118,045,172",,"127,889,818","127,889,818","127,889,818",,"131,164,743","118,048,269","118,048,269",,"83,620,266","88,539,105","113,419,668",,"98,367,106"
TotalOperatingIncomeAsReported,"109,523,000","22,395,000","26,504,000","33,273,000","27,351,000","18,279,000","23,765,000","27,339,000","24,989,000","17,326,000","17,662,000","26,739,000","29,030,000","20,843,000","29,559,000","25,132,000","22,147,000","12,948,000","9,869,000","12,999,000","21,313,000","19,363,000","20,898,000","19,913,000","24,507,000","20,250,000","27,719,000","24,861,000","35,739,000","28,260,000","34,247,000","36,290,000","40,642,000","20,688,000","26,720,000","26,000,000","29,375,000","30,207,000","24,708,000","19,667,000","26,748,000","23,778,000",,"25,132,000","32,687,000","21,873,000",,"29,061,000","22,033,000","15,831,000",,"22,410,000","21,708,000",,,"28,621,000",,,,,,,,,,,,,,,,,,,,,,,,,,,,,,,,,,,,,,,,,,,,,,,,,,,,,,,,,,,,,,,,,,,,,,,,,,,,,,,,,,,,,,,,,,,,
RentExpenseSupplemental,"3,594,000","748,000","888,000","950,000","1,009,000","964,000","1,008,000","999,000","1,028,000","1,608,000","1,768,000","1,936,000","1,868,000","2,412,000","3,048,000","4,067,000","5,460,000","6,125,000","8,701,000","16,619,000","1,820,000","2,863,000","5,132,000","5,472,000","6,181,000","6,700,000","7,714,000","8,238,000","9,211,000","9,327,000","11,180,000","12,518,000","13,741,000","14,510,000","9,073,000","1,112,000","1,325,000","1,298,000","1,521,000",,,,,,,,,,,,,,,,,,,,"-5,303,591","-5,252,239","-5,643,406","-5,221,764","-5,322,345","-6,093,688","-6,772,305",,"-6,630,550","-7,462,499","-7,829,721","-7,712,212","-8,137,147","-8,578,807","-9,522,915","-10,518,625","-10,793,789","-12,090,171","-13,151,043","-13,953,071","-15,325,211","-17,170,890","-16,738,604","-14,924,660","-15,247,419","-16,474,914","-17,310,323","-16,879,169","-16,944,371","-18,013,117","-19,593,290","-20,640,115","-21,617,335","-22,257,019","-23,697,084","-22,765,645","-22,894,357","-24,963,644","-26,967,946","-25,263,218","-24,566,883","-25,946,445","-26,801,685","-23,854,048","-23,025,268","-23,924,344","-25,286,282","-21,725,286","-18,610,449","-16,633,973","-15,228,795","-13,570,080",,,,,,,,,,,,,,,,,,,,,,,,,,,,,,,,,,,,,,
TotalExpenses,"534,098,000","133,138,000","131,735,000","134,593,000","134,632,000","138,355,000","138,115,000","140,664,000","139,131,000","148,763,000","156,927,000","133,764,000","120,656,000","122,534,000","126,997,000","133,303,000","139,065,000","146,616,000","162,664,000","176,586,000","114,602,000","116,615,000","121,078,000","130,877,000","140,795,000","143,824,000","154,677,000","165,073,000","165,613,000","169,444,000","175,134,000","192,059,000","200,002,000","205,836,000","165,599,000","109,122,000","113,261,000","115,244,000","126,593,000","115,343,000","112,962,000","111,055,000","104,344,000","107,397,000","104,505,000","105,819,000","104,719,000","98,184,000","94,534,000","94,391,000","88,727,000","83,664,000","86,016,000","88,911,000","99,227,000","128,428,000","129,658,000","121,726,000","209,711,727","189,946,519","196,974,745","183,129,009","193,140,237","185,098,754","182,855,388","161,379,161","182,804,343","183,629,815","171,160,662","157,780,677","165,790,039","151,818,538","155,492,314","148,059,609","114,348,203","149,133,054","153,621,182","147,098,607","145,003,905","149,861,832","140,738,103","122,056,779","123,223,808","128,746,495","132,430,882","128,190,844","127,359,057","127,259,338","131,238,790","132,320,252","231,083,766","100,823,658","104,089,011","101,534,214","236,044,095","105,713,858","114,384,482","109,821,109","249,961,511","113,607,287","112,743,758","102,792,485","224,715,900","100,637,095","104,363,660","93,093,053","176,446,707","74,952,152","72,836,998","71,298,869","55,700,000","43,100,000","48,300,000","52,600,000","23,400,000","22,200,000","22,100,000","20,700,000","19,900,000","18,700,000","18,700,000","16,300,000","15,000,000","13,900,000","13,900,000","13,200,000","13,400,000","12,400,000","11,600,000","11,000,000","9,400,000","9,000,000",,,,,,,,,,,,,,,,
NetIncomeFromContinuingAndDiscontinuedOperation,"82,318,000","16,775,000","20,335,000","24,466,000","20,742,000","13,734,000","17,672,000","20,714,000","19,182,000","13,238,000","12,787,000","20,501,000","22,361,000","17,318,000","22,440,000","19,056,000","17,803,000","13,378,000","38,605,000","7,916,000","14,616,000","14,036,000","13,114,000","12,527,000","16,368,000","14,377,000","17,015,000","15,113,000","23,316,000","17,611,000","21,545,000","22,737,000","26,472,000","14,079,000","15,842,000","15,868,000","19,138,000","19,734,000","14,292,000","12,434,000","18,227,000","16,588,000","17,122,000","15,399,000","22,532,000","14,879,000","15,379,000","18,297,000","16,653,000","11,887,000","10,686,000","14,507,000","17,615,000","14,141,000","19,350,000","18,723,000","17,231,000","14,663,000","16,630,777","17,144,776","19,841,146","22,553,301","19,648,127","23,010,630","24,771,661","19,740,151","21,639,458","17,542,454","17,629,865","15,093,985","16,555,337","17,069,985","15,699,669","13,121,597","19,040,112","14,492,757","12,636,164","11,052,292","11,171,123","11,073,366","11,025,488","9,537,937","9,853,449","9,214,916","9,658,213","8,929,038","7,894,892","8,389,831","8,876,920","9,142,317","8,445,078","8,597,531","8,516,504","7,564,325","8,354,820","8,430,589","8,517,762","7,805,682","7,312,443","8,402,813","7,729,366","6,628,271","6,280,000","6,589,343","6,430,494","5,730,653","5,125,833","5,646,204","5,225,777","4,587,658","3,100,000","4,400,000","4,300,000","-1,700,000","3,200,000","3,700,000","3,700,000","3,400,000","2,700,000","3,200,000","3,100,000","2,700,000","1,900,000","2,500,000","2,400,000","2,100,000","1,700,000","2,000,000","1,800,000","1,800,000","1,300,000","1,600,000","1,500,000","1,500,000","1,200,000","1,300,000","1,300,000","1,300,000","700,000","1,000,000","900,000","900,000","600,000","700,000","900,000","800,000","500,000","500,000"
NormalizedIncome,"54,325,501.502","13,607,048","12,630,880.267","13,315,326","14,819,330","10,576,928","13,168,793.206","16,406,087","16,704,539","13,409,292","7,411,568.598","11,079,940","16,787,462","14,291,292","15,373,966.642","13,753,404","13,553,446","11,283,630","34,507,600","3,388,574","10,383,072","9,698,450","11,911,577.334","11,605,750","13,368,185","13,466,384","12,242,492.529","10,627,994","17,022,132","11,268,237","17,525,264.781","15,667,604","17,435,932","12,681,588","10,459,400","13,150,461","13,528,044","12,457,122","14,292,000","12,434,000","18,227,000","16,588,000","17,122,000","15,399,000","22,532,000","14,879,000","15,379,000","18,297,000","16,653,000","11,515,760.071","10,686,000","14,507,000","17,615,000","14,141,000","19,350,000","18,723,000","17,231,000","14,663,000","16,630,777","17,144,776","19,841,146","22,553,301","19,648,127","23,010,630","24,771,661","19,740,151","21,639,458","17,542,454","17,629,865","15,093,985","16,555,337","17,069,985","15,699,669","13,121,597","19,040,112","14,492,757","12,636,164","11,052,292","11,171,123","11,073,366","11,025,488","9,537,937","9,853,449","9,214,916","9,658,213","8,929,038","8,896,054.461","8,374,495.884","8,876,788","9,142,317","9,057,379.758","7,985,229.069","8,516,504","7,564,325","8,570,832.692","8,430,589","8,514,092.76","7,593,385.508","7,333,580.309","8,398,432.861","7,713,628.89","6,627,766.989","6,399,138.832","6,589,343","6,430,494","5,611,557.136","5,142,927.596","5,643,042.829","5,224,339.263","4,575,164.575","5,105,882.353","4,400,000","4,300,000","-1,700,000","2,953,846.154","3,574,576.271","3,635,087.719","3,334,615.385","2,568,292.683","3,134,693.878","2,970,833.333","2,568,292.683","1,773,333.333","2,371,794.872","2,336,842.105","2,036,363.636","1,634,615.385","1,931,034.483","1,735,714.286","1,735,714.286","1,105,000","1,472,000","1,500,000","1,500,000","1,200,000","1,300,000","1,300,000","1,300,000","700,000","1,000,000","900,000","900,000","600,000","700,000","900,000","800,000","500,000","500,000"
InterestIncome,"648,000","146,000","147,000","181,000","175,000","138,000","138,000","171,000","157,000","377,000","453,000","1,128,000","1,229,000","1,145,000","779,000","586,000","423,000","342,000","179,000","238,000","424,000","288,000","173,000","124,000","109,000","75,000","54,000","64,000","61,000","31,000","32,000","21,000","106,000","36,000","84,000","126,000","129,000","123,000","174,000","191,000","167,000","142,000","153,000","174,000","208,000","237,000","258,000","347,000","416,000","403,000","416,000","489,000","563,000","871,000","2,090,000","1,943,000","2,236,000","2,863,000",,,,,,,,,,,,,,,,,,,,,,,,,,,,,,,,,,,,,,,,,,,,,,,,,,,,,,,,,,,,,,,,,,,,,,,,,,,,,,,,,,,,,,,,,,
InterestExpense,,,,,,,"0","0",,,"600,000","452,000",,,"0","0",,,"0","175,000",,"0","0",,"0","0","0","0","0","19,000","62,000","97,000","132,000","155,000","208,000",,,,,,,,,,,,,,,,,,,,,,,,,,,,,,,,,,,,,,,,,,,,,,,,,,,,,,,,,,,,,,,,,,,,,,,,,,,,,,,,,,,,,,,,,,,,,,,,,,,,,,,,,,,,,,,,,
NetInterestIncome,"648,000","146,000","147,000","181,000","175,000","138,000","138,000","171,000","157,000","377,000","-147,000","676,000","1,229,000","1,145,000","779,000","586,000","423,000","342,000","179,000","63,000","424,000","288,000","173,000","124,000","109,000","75,000","54,000","64,000","61,000","12,000","-30,000","-76,000","-26,000","-119,000","-124,000","126,000","129,000","123,000","174,000","191,000","167,000","142,000","153,000","174,000","208,000","237,000","258,000","347,000","416,000","403,000","416,000","489,000","563,000","871,000","2,090,000","1,943,000","2,236,000","2,863,000",,,,,,,,,,,,,,,,,,,,,,,,,,,,,,,,,,,,,,,,,,,,,,,,,,,,,,,,,,,,,,,,,,,,,,,,,,,,,,,,,,,,,,,,,,
EBIT,"110,137,000","18,137,000","54,485,000","18,019,000","19,496,000","14,047,000","23,903,000","27,510,000","21,742,000","17,555,000","18,115,000","27,867,000","21,488,000","17,002,000","30,338,000","25,718,000","16,761,000","10,079,000","10,048,000","13,237,000","15,014,000","13,288,000","28,652,000","18,439,000","24,616,000","20,325,000","27,773,000","24,925,000","35,800,000","28,291,000","34,279,000","36,311,000","40,748,000","20,724,000","51,481,000","21,523,000","20,731,000","19,029,000","9,600,000","19,667,000","26,748,000","23,778,000","26,866,000","25,132,000","32,687,000","21,873,000","24,524,000","29,061,000","32,877,000","21,226,000","25,469,000","29,726,000","30,958,000","26,068,000","42,796,000","41,507,000","34,934,000","27,323,000","-56,925,706","-43,371,992","-47,871,320","-39,699,982","-46,336,481","-38,041,264","-39,796,760","-26,379,862","-42,750,112","-47,420,117","-42,309,315","-39,103,205","-46,351,459","-34,519,260","-41,980,773","-41,222,697","-11,332,245","-44,672,439","-50,821,393","-52,258,872","-53,012,328","-58,738,465","-56,378,263","-48,786,537","-49,699,161","-54,828,575","-57,179,533","-56,267,497","-57,090,203","-59,151,908","-61,977,309","-65,130,466","-164,621,781","-35,472,961","-37,994,676","-38,437,109","-173,633,164","-40,698,446","-45,161,979","-42,980,799","-182,905,906","-43,427,441","-47,362,353","-42,905,185","-167,629,395","-42,459,158","-44,980,086","-38,729,961","-127,024,868","-27,424,154","-25,863,218","-23,715,746","-6,100,000","10,800,000","11,000,000","8,700,000","6,900,000","7,000,000","7,300,000","6,400,000","5,800,000","6,200,000","5,800,000","5,200,000","4,000,000","5,000,000","4,700,000","4,200,000","3,500,000","3,800,000","3,600,000","3,600,000","2,700,000","2,900,000","13,100,000","11,200,000","-15,700,000","8,900,000","8,400,000","8,100,000","-12,000,000","6,900,000","6,000,000","5,700,000","-10,500,000","5,500,000","5,500,000","5,400,000","-10,200,000","4,700,000"
EBITDA,"210,697,000"
ReconciledCostOfRevenue,"487,200,000","120,696,000","119,818,000","122,904,000","123,783,000","126,138,000","123,934,000","127,802,000","125,951,000","135,079,000","144,109,000","123,304,000","110,380,000","111,351,000","116,975,000","122,193,000","127,503,000","134,492,000","149,003,000","161,073,000","104,459,000","106,635,000","111,441,000","124,361,000","128,858,000","129,595,000","142,406,000","148,765,000","153,944,000","153,500,000","165,461,000","177,561,000","186,082,000","188,220,000","151,700,000","102,005,000","104,127,000","107,797,000","275,385,000","53,119,000","51,786,000","52,675,000","48,611,000","51,059,000","53,263,000","48,979,000","40,522,000","42,144,000","26,842,000","29,462,000","24,053,000","25,521,000","22,956,000","24,508,000","28,118,000","54,283,000","55,967,000","52,004,000","76,205,844","64,628,946","70,294,550","65,760,660","68,293,313","64,476,948","68,612,439","54,379,521","67,546,541","65,284,564","59,755,650","53,452,295","62,449,641","51,595,373","55,954,319","50,475,117","28,917,293","54,065,019","56,318,646","54,508,079","53,925,507","57,692,044","55,621,112","47,555,188","48,320,905","51,098,541","53,130,484","51,353,836","51,949,562","52,039,945","54,234,771","56,745,351","31,108,395","65,023,789","67,607,757","66,059,464","27,710,608","70,652,362","76,065,613","72,878,184","39,360,711","76,171,713","74,327,523","68,018,077","37,531,046","66,682,383","70,129,414","61,997,386","23,376,970","50,267,464","49,322,574","47,559,107","86,700,000","30,800,000","38,100,000","42,100,000","-10,200,000","12,900,000","13,900,000","14,000,000","14,800,000","6,500,000","6,100,000","5,600,000","11,500,000","11,400,000","10,900,000","10,500,000","10,000,000","9,700,000","9,100,000","8,700,000","7,100,000","6,200,000",,,,,,,,,,,,,,,,
ReconciledDepreciation,"100,560,000","23,311,000","25,946,000","25,309,000","25,994,000","26,983,000","28,595,000","27,738,000","27,287,000","26,761,000","29,931,000","25,704,000","22,846,000","22,451,000","25,243,000","25,343,000","24,960,000","25,783,000","29,526,000","28,814,000","22,625,000","22,940,000","26,757,000","27,271,000","25,847,000","25,705,000","29,795,000","28,678,000","27,138,000","26,237,000","29,833,000","28,017,000","26,930,000","24,849,000","22,040,000","15,283,000","17,094,000","15,232,000","15,140,000","14,415,000","14,161,000","14,105,000","16,450,000","15,066,000","13,829,000","12,531,000","15,708,000","15,139,000","15,379,000","15,723,000","18,287,000","15,469,000","13,160,000","11,814,000","13,529,000","11,504,000","10,664,000","10,412,000","12,531,837","12,365,139","11,880,268","11,708,756","13,550,639","12,451,341","11,092,385","10,276,888","10,972,630","9,824,035","9,058,013","8,393,685","8,799,343","7,847,782","6,762,758","6,618,705","7,470,781","7,144,017","6,931,442","5,372,544","6,355,884","5,671,128","4,463,248","3,900,129","4,471,460","4,473,885","4,455,590","4,378,108","4,576,371","4,337,747","4,162,079","4,141,329","29,349,315","-3,913,127","-4,056,077","-4,068,078","32,975,455","-4,504,616","-4,580,527","-4,663,099","28,925,817","-4,790,065","-3,345,012","-3,302,138","24,196,710","-3,235,931","-3,541,140","-3,463,551","27,499,381","-3,405,574","-4,012,392","-4,179,287","-4,300,000","-4,900,000","-5,100,000","-5,800,000","-2,400,000","-2,200,000","-2,100,000","-2,000,000","-2,000,000","-1,900,000","-1,700,000","-1,500,000","-1,500,000","-1,400,000","-1,200,000","-1,100,000","-1,100,000","-1,100,000","-1,100,000","-900,000","-700,000","700,000",,,,,,,,,,,,,,,,
NetIncomeFromContinuingOperationNetMinorityInterest,"82,318,000","16,775,000","20,335,000","24,466,000","20,742,000","13,734,000","17,672,000","20,714,000","19,182,000","13,238,000","12,787,000","20,501,000","22,361,000","17,318,000","22,440,000","19,056,000","17,803,000","13,378,000","38,605,000","7,916,000","14,616,000","14,036,000","13,114,000","12,527,000","16,368,000","14,377,000","17,015,000","15,113,000","23,316,000","17,611,000","21,545,000","22,737,000","26,472,000","14,079,000","15,842,000","15,868,000","19,138,000","19,734,000","14,292,000","12,434,000","18,227,000","16,588,000","17,122,000","15,399,000","22,532,000","14,879,000","15,379,000","18,297,000","16,653,000","11,887,000","10,686,000","14,507,000","17,615,000","14,141,000","19,350,000","18,723,000","17,231,000","14,663,000","16,630,777","17,144,776","19,841,146","22,553,301","19,648,127","23,010,630","24,771,661","19,740,151","21,639,458","17,542,454","17,629,865","15,093,985","16,555,337","17,069,985","15,699,669","13,121,597","19,040,112","14,492,757","12,636,164","11,052,292","11,171,123","11,073,366","11,025,488","9,537,937","9,853,449","9,214,916","9,658,213","8,929,038","7,894,892","8,389,831","8,876,920","9,142,317","8,445,078","8,597,531","8,516,504","7,564,325","8,354,820","8,430,589","8,517,762","7,805,682","7,312,443","8,402,813","7,729,366","6,628,271","6,280,000","6,589,343","6,430,494","5,730,653","5,125,833","5,646,204","5,225,777","4,587,658","3,100,000","4,400,000","4,300,000","-1,700,000","3,200,000","3,700,000","3,700,000","3,400,000","2,700,000","3,200,000","3,100,000","2,700,000","1,900,000","2,500,000","2,400,000","2,100,000","1,700,000","2,000,000","1,800,000","1,800,000","1,300,000","1,600,000","1,500,000","1,500,000","1,200,000","1,300,000","1,300,000","1,300,000","700,000","1,000,000","900,000","900,000","600,000","700,000","900,000","800,000","500,000","500,000"
TotalUnusualItemsExcludingGoodwill,"37,464,000","4,258,000","10,097,000","15,254,000","7,855,000","4,232,000","6,091,000","5,721,000","3,247,000","-229,000","7,363,000","12,595,000","7,542,000","3,841,000","9,553,000","7,156,000","5,386,000","2,869,000","6,829,000","7,471,000","6,299,000","6,075,000","1,932,000","1,474,000","4,511,000","1,288,000","7,790,000","7,401,000","9,668,000","10,181,000","6,384,000","11,257,000","13,859,000","2,043,000","8,971,000","4,477,000","8,644,000","11,178,000","5,676,000",,,,,,,,,,,"507,000",,,,,,,,,"0","0","0","0","0","0","0","0","0","0","0","0","0","0","0","0","0","0","0","0","0","0","0","0","0","0","0","0","-1,516,913","23,235","200","0","-934,812","934,812",,,"-332,255",,"5,645","326,610","-32,519","6,739","24,980","800","-189,041",,,"189,041","-27,134","5,022","2,281","19,831","-3,300,000",,,,"400,000","200,000","100,000","100,000","200,000","100,000","200,000","200,000","200,000","200,000","100,000","100,000","100,000","100,000","100,000","100,000","300,000","200,000",,,,,,,,,,,,,,,,
TotalUnusualItems,"37,464,000","4,258,000","10,097,000","15,254,000","7,855,000","4,232,000","6,091,000","5,721,000","3,247,000","-229,000","7,363,000","12,595,000","7,542,000","3,841,000","9,553,000","7,156,000","5,386,000","2,869,000","6,829,000","7,471,000","6,299,000","6,075,000","1,932,000","1,474,000","4,511,000","1,288,000","7,790,000","7,401,000","9,668,000","10,181,000","6,384,000","11,257,000","13,859,000","2,043,000","8,971,000","4,477,000","8,644,000","11,178,000","5,676,000",,,,,,,,,,,"507,000",,,,,,,,,"0","0","0","0","0","0","0","0","0","0","0","0","0","0","0","0","0","0","0","0","0","0","0","0","0","0","0","0","-1,516,913","23,235","200","0","-934,812","934,812",,,"-332,255",,"5,645","326,610","-32,519","6,739","24,980","800","-189,041",,,"189,041","-27,134","5,022","2,281","19,831","-3,300,000",,,,"400,000","200,000","100,000","100,000","200,000","100,000","200,000","200,000","200,000","200,000","100,000","100,000","100,000","100,000","100,000","100,000","300,000","200,000",,,,,,,,,,,,,,,,
NormalizedEBITDA,"173,233,000","37,190,000","70,334,000","28,074,000","37,635,000","36,798,000","46,407,000","49,527,000","45,782,000","44,545,000","40,683,000","40,976,000","36,792,000","35,612,000","46,028,000","43,905,000","36,335,000","32,993,000","32,745,000","34,580,000","31,340,000","30,153,000","53,477,000","44,236,000","45,952,000","44,742,000","49,778,000","46,202,000","53,270,000","44,347,000","57,728,000","53,071,000","53,819,000","43,530,000","64,550,000","32,329,000","29,181,000","23,083,000","24,740,000","34,082,000","40,909,000","37,883,000","43,316,000","40,198,000","46,516,000","34,404,000","40,232,000","44,200,000","48,256,000","36,442,000","43,756,000","45,195,000","44,118,000","37,882,000","56,325,000","53,011,000","45,598,000","37,735,000","-44,393,554","-31,006,853","-35,991,052","-27,991,226","-32,785,842","-25,589,923","-28,615,148","-16,102,974","-31,777,482","-37,596,082","-33,251,302","-30,709,520","-37,552,116","-26,671,478","-35,218,015","-34,603,992","-3,861,464","-37,528,422","-43,889,951","-46,886,328","-46,656,444","-53,067,337","-51,915,015","-44,886,408","-45,227,701","-50,354,690","-52,723,943","-51,889,389","-50,996,919","-54,837,396","-57,815,430","-60,989,137","-134,337,654","-32,494,646","-33,938,599","-34,369,031","-140,325,454","-36,193,830","-40,587,097","-38,644,310","-153,947,570","-38,646,976","-44,042,321","-39,603,847","-143,243,644","-39,223,227","-41,438,946","-35,455,451","-99,498,353","-23,800,060","-21,853,107","-19,556,290","1,500,000","15,700,000","16,500,000","14,500,000","8,900,000","9,000,000","9,300,000","8,300,000","7,600,000","7,900,000","7,300,000","6,500,000","5,300,000","6,200,000","5,700,000","5,200,000","4,500,000","4,800,000","4,600,000","4,400,000","3,100,000","3,400,000","13,100,000","11,200,000","-15,700,000","8,900,000","8,400,000","8,100,000","-12,000,000","6,900,000","6,000,000","5,700,000","-10,500,000","5,500,000","5,500,000","5,400,000","-10,200,000","4,700,000"
TaxRateForCalcs,"0.253","0.256","0.237","0.269","0.246","0.254","0.261","0.247","0.237","0.252","0.27","0.252","0.261","0.212","0.26","0.259","0.211","0.27","0.4","0.394","0.328","0.286","0.378","0.375","0.335","0.293","0.387","0.394","0.349","0.377","0.37","0.372","0.348","0.316","0.4","0.393","0.351","0.349","0.35","0.374","0.323","0.307","0.366","0.391","0.315","0.327","0.379","0.378","0.258","0.268","0.341","0.366","0.209","0.29","0.371","0.387","0.256","0.352","0.382","0.393","0.359","0.348","0.355","0.355","0.355","0.355","0.355","0.355","0.355","0.355","0.355","0.355","0.35","0.355","0.35","0.34","0.34","0.34","0.34","0.34","0.34","0.34","0.34","0.34","0.34","0.34","0.34","0.34","0.34","0.34","0.345","0.345","0.345","0.35","0.35","0.35","0.35","0.35","0.35","0.35","0.37","0.37","0.37","0.37","0.37","0.37","0.37","0.371","0.37","0.37","0.392","0.371","0.368","0.4","0.385","0.373","0.351","0.346","0.341","0.347","0.354","0.341","0.367","0.359","0.368","0.364","0.346","0.31","0.357","0.357","0.35","0.36","0.4","0.4","0.4","0.4","0.4","0.4","0.4","0.4","0.4","0.4","0.4","0.4","0.4","0.4","0.4","0.4"
TaxEffectOfUnusualItems,"9,471,501.502","1,090,048","2,392,880.267","4,103,326","1,932,330","1,074,928","1,587,793.206","1,413,087","769,539","-57,708","1,987,568.598","3,173,940","1,968,462","814,292","2,486,966.642","1,853,404","1,136,446","774,630","2,731,600","2,943,574","2,066,072","1,737,450","729,577.334","552,750","1,511,185","377,384","3,017,492.529","2,915,994","3,374,132","3,838,237","2,364,264.781","4,187,604","4,822,932","645,588","3,588,400","1,759,461","3,034,044","3,901,122","0","0","0","0","0","0","0","0","0","0","0","135,760.071","0","0","0","0","0","0","0","0","0","0","0","0","0","0","0","0","0","0","0","0","0","0","0","0","0","0","0","0","0","0","0","0","0","0","0","0","-515,750.539","7,899.884","68","0","-322,510.242","322,510.069","0","0","-116,242.308","0","1,975.76","114,313.508","-11,381.691","2,358.861","9,242.89","295.989","-69,902.168","0","0","69,945.136","-10,039.404","1,860.829","843.263","7,337.575","-1,294,117.647","0","0","0","153,846.154","74,576.271","35,087.719","34,615.385","68,292.683","34,693.878","70,833.333","68,292.683","73,333.333","71,794.872","36,842.105","36,363.636","34,615.385","31,034.483","35,714.286","35,714.286","105,000","72,000","0","0","0","0","0","0","0","0","0","0","0","0","0","0","0","0"