name,ttm,03/31/2022,12/31/2021,09/30/2021,06/30/2021,03/31/2021,12/31/2020,09/30/2020,06/30/2020,03/31/2020,12/31/2019,09/30/2019,06/30/2019,03/31/2019,12/31/2018,09/30/2018,06/30/2018,03/31/2018,12/31/2017,09/30/2017,06/30/2017,03/31/2017,12/31/2016,09/30/2016,06/30/2016,03/31/2016,12/31/2015,09/30/2015,06/30/2015,03/31/2015,12/31/2014,09/30/2014,06/30/2014,03/31/2014,12/31/2013,09/30/2013,06/30/2013,03/31/2013,12/31/2012,09/30/2012,06/30/2012,03/31/2012,12/31/2011,09/30/2011,06/30/2011,03/31/2011,12/31/2010,09/30/2010,06/30/2010,03/31/2010,12/31/2009,09/30/2009,06/30/2009,03/31/2009,12/31/2008,09/30/2008,06/30/2008,03/31/2008,12/31/2007,09/30/2007,06/30/2007,03/31/2007,12/31/2006,09/30/2006,06/30/2006,03/31/2006
TotalRevenue,"7,857,000,000","1,810,000,000","1,949,000,000","2,226,000,000","1,873,000,000","1,289,000,000","1,235,000,000","1,268,000,000","832,000,000","1,923,000,000","2,325,000,000","2,836,000,000","2,511,000,000","2,107,000,000","2,295,000,000","2,758,000,000","2,389,000,000","2,063,000,000","2,090,000,000","2,572,000,000","2,224,000,000","1,916,000,000","2,009,000,000","2,542,000,000","2,270,000,000","2,311,000,000","2,413,000,000","2,976,000,000","2,692,000,000","2,454,000,000","2,559,000,000","3,121,000,000","2,830,000,000","2,536,000,000","2,551,300,000","3,069,400,000","2,714,600,000","2,436,508,000","2,318,513,000","2,516,222,000","2,225,148,000","1,960,925,000","2,013,818,000","2,432,266,000","2,072,293,000","1,780,003,000","1,835,756,000","2,186,304,000","1,879,586,000","1,660,888,000","1,740,722,000","2,041,415,000","1,754,484,000","1,564,886,000","1,788,743,000","2,421,874,000","2,275,277,000","2,039,161,000","2,138,823,000","2,449,612,000","2,175,664,000","1,921,532,000","1,990,584,000","2,022,607,000","2,040,633,000","1,786,594,000"
	OperatingRevenue,"7,857,000,000","1,810,000,000","1,949,000,000","2,226,000,000","1,873,000,000","1,289,000,000","1,235,000,000","1,268,000,000","832,000,000","1,923,000,000","2,325,000,000","2,836,000,000","2,511,000,000","2,107,000,000","2,295,000,000","2,758,000,000","2,389,000,000","2,063,000,000","2,090,000,000","2,572,000,000","2,224,000,000","1,916,000,000","2,009,000,000","2,542,000,000","2,270,000,000","2,311,000,000","2,413,000,000","2,976,000,000","2,692,000,000","2,454,000,000","2,559,000,000","3,121,000,000","2,830,000,000","2,536,000,000","2,551,300,000","3,069,400,000","2,714,600,000","2,436,508,000","2,318,513,000","2,516,222,000","2,225,148,000","1,960,925,000","2,013,818,000","2,432,266,000","2,072,293,000","1,780,003,000","1,835,756,000","2,186,304,000","1,879,586,000","1,660,888,000","1,740,722,000","2,041,415,000","1,754,484,000","1,564,886,000","1,788,743,000","2,421,874,000","2,275,277,000","2,039,161,000","2,009,179,000","2,449,612,000","2,175,664,000","1,921,532,000","1,990,584,000","2,022,607,000","2,040,633,000","1,786,594,000"
CostOfRevenue,"4,919,000,000","1,414,000,000","1,185,000,000","1,241,000,000","1,112,000,000","1,070,000,000","1,248,000,000","1,179,000,000","1,314,000,000","1,918,000,000","2,012,000,000","2,159,000,000","2,022,000,000","1,858,000,000","1,982,000,000","2,131,000,000","2,036,000,000","1,897,000,000","1,877,000,000","2,048,000,000","1,998,000,000","1,833,000,000","1,815,000,000","2,048,000,000","1,896,000,000","2,047,000,000","2,081,000,000","2,281,000,000","2,201,000,000","2,115,000,000","2,430,000,000","2,448,000,000","2,302,000,000","2,169,000,000","2,090,100,000","2,202,100,000","2,047,000,000","1,938,217,000","3,398,784,000","1,241,082,000","1,188,933,000","1,115,147,000","1,057,790,000","1,247,617,000","1,187,306,000","1,073,665,000","1,036,830,000","1,157,485,000","1,075,037,000","1,012,999,000","1,021,687,000","1,118,596,000","988,573,000","955,320,000","1,128,191,000","1,351,790,000","1,278,507,000","1,171,530,000","1,148,996,000","1,216,114,000","1,164,714,000","1,114,324,000","1,091,822,000","1,128,051,000","1,137,219,000","1,070,150,000"
GrossProfit,"2,938,000,000","396,000,000","764,000,000","985,000,000","761,000,000","219,000,000","-13,000,000","89,000,000","-482,000,000","5,000,000","313,000,000","677,000,000","489,000,000","249,000,000","313,000,000","627,000,000","353,000,000","166,000,000","213,000,000","524,000,000","226,000,000","83,000,000","194,000,000","494,000,000","374,000,000","264,000,000","332,000,000","695,000,000","491,000,000","339,000,000","129,000,000","673,000,000","528,000,000","367,000,000","461,200,000","867,300,000","667,600,000","498,291,000","-1,080,271,000","1,275,140,000","1,036,215,000","845,778,000","956,028,000","1,184,649,000","884,987,000","706,338,000","798,926,000","1,028,819,000","804,549,000","647,889,000","719,035,000","922,819,000","765,911,000","609,566,000","660,552,000","1,070,084,000","996,770,000","867,631,000","989,827,000","1,233,498,000","1,010,950,000","807,208,000","898,762,000","894,556,000","903,414,000","716,444,000"
OperatingExpense,"772,000,000","235,000,000","190,000,000","177,000,000","172,000,000","156,000,000","145,000,000","143,000,000","168,000,000","208,000,000","246,000,000","232,000,000","258,000,000","234,000,000","252,000,000","265,000,000","265,000,000","234,000,000","219,000,000","217,000,000","223,000,000","220,000,000","214,000,000","227,000,000","234,000,000","267,000,000","224,000,000","259,000,000","295,000,000","266,000,000","243,000,000","303,000,000","264,000,000","276,000,000","218,700,000","276,800,000","275,000,000","251,709,000","-1,263,955,000","761,551,000","726,319,000","721,869,000","696,607,000","720,840,000","615,260,000","670,186,000","607,312,000","669,726,000","628,705,000","626,916,000","616,266,000","678,828,000","620,860,000","656,552,000","709,337,000","829,337,000","697,872,000","727,250,000","694,348,000","738,222,000","678,477,000","668,194,000","628,035,000","617,696,000","633,531,000","569,431,000"
	SellingGeneralAndAdministration,"772,000,000","235,000,000","190,000,000","177,000,000","172,000,000","156,000,000","145,000,000","143,000,000","168,000,000","208,000,000","246,000,000","232,000,000","258,000,000","234,000,000","252,000,000","265,000,000","265,000,000","234,000,000","219,000,000","217,000,000","223,000,000","220,000,000","214,000,000","227,000,000","234,000,000","267,000,000","224,000,000","259,000,000","295,000,000","266,000,000","243,000,000","303,000,000","264,000,000","276,000,000","218,700,000","276,800,000","275,000,000","251,709,000","330,441,000","201,022,000","206,569,000","207,752,000","169,909,000","197,557,000","195,591,000","182,221,000","156,067,000","168,717,000","171,985,000","167,743,000","153,136,000","179,778,000","141,510,000","166,724,000","173,888,000","234,321,000","168,026,000","193,397,000","189,881,000","203,183,000","182,440,000","200,377,000","182,220,000","180,567,000","197,311,000","162,177,000"
	DepreciationAmortizationDepletionIncomeStatement,,,,,,,,,,,,,,,,,,,,,,,,,,,,,,,,,,,,,,,,"560,529,000","519,750,000","514,117,000","526,698,000","523,283,000","419,669,000","436,089,000","451,245,000","501,009,000","456,720,000","459,173,000","463,130,000","499,050,000","479,350,000","489,828,000","535,449,000","595,016,000","529,846,000","533,853,000","504,467,000","535,039,000","496,037,000","467,817,000","445,815,000","437,129,000","436,220,000","407,254,000"
		DepreciationAndAmortizationInIncomeStatement,,,,,,,,,,,,,,,,,,,,,,,,,,,,,,,,,,,,,,,,"560,529,000","519,750,000","514,117,000","526,698,000","523,283,000","419,669,000","436,089,000","451,245,000","501,009,000","456,720,000","459,173,000","463,130,000","499,050,000","479,350,000","489,828,000","535,449,000","595,016,000","529,846,000","533,853,000","504,467,000","535,039,000","496,037,000","467,817,000","445,815,000","437,129,000","436,220,000","407,254,000"
			DepreciationIncomeStatement,,,,,,,,,,,,,,,,,,,,,,,,,,,,,,,,,,,,,,,,"560,529,000","519,750,000","514,117,000","526,698,000","523,283,000","419,669,000","436,089,000","451,245,000","501,009,000","456,720,000","459,173,000","463,130,000","499,050,000","479,350,000","489,828,000","535,449,000","595,016,000","529,846,000","533,853,000","504,467,000","535,039,000","496,037,000","467,817,000","445,815,000","437,129,000","436,220,000","407,254,000"
	OtherOperatingExpenses,,,,,,,,,,,,,,,,,,,,,,,,,,,,,,,,,,,,,,,,,,,,,,"51,876,000",,,,,,,,,,,,,,,,,,,,
OperatingIncome,"2,166,000,000","161,000,000","574,000,000","808,000,000","589,000,000","63,000,000","-158,000,000","-54,000,000","-650,000,000","-203,000,000","67,000,000","445,000,000","231,000,000","15,000,000","61,000,000","362,000,000","88,000,000","-68,000,000","-6,000,000","307,000,000","3,000,000","-137,000,000","-20,000,000","267,000,000","140,000,000","-3,000,000","108,000,000","436,000,000","196,000,000","73,000,000","-114,000,000","370,000,000","264,000,000","91,000,000","242,500,000","590,500,000","392,600,000","246,582,000","183,684,000","513,589,000","309,896,000","123,909,000","259,421,000","463,809,000","269,727,000","36,152,000","191,614,000","359,093,000","175,844,000","20,973,000","102,769,000","243,991,000","145,051,000","-46,986,000","-48,785,000","240,747,000","298,898,000","140,381,000","295,479,000","495,276,000","332,473,000","139,014,000","270,727,000","276,860,000","269,883,000","147,013,000"
NetNonOperatingInterestIncomeExpense,"-365,000,000","-44,000,000","-69,000,000","-63,000,000","-189,000,000","-148,000,000","-130,000,000","-127,000,000","-176,000,000","-175,000,000","-219,000,000","-204,000,000","-199,000,000","-183,000,000","-185,000,000","-188,000,000","-200,000,000","-166,000,000","-172,000,000","-176,000,000","-158,000,000","-130,000,000","-144,000,000","-156,000,000","-174,000,000","-157,000,000","-155,000,000","-158,000,000","-156,000,000","-154,000,000","-164,000,000","-164,000,000","-164,000,000","-156,000,000","-168,800,000","-178,800,000","-181,800,000","-174,948,000","-177,891,000","-154,209,000","-151,716,000","-161,175,000","-166,763,000","-168,091,000","-164,280,000","-195,034,000","-199,412,000","-200,803,000","-182,082,000","-178,820,000","-170,194,000","-168,228,000","-114,324,000","-163,088,000","-228,447,000","-214,587,000","-205,913,000",,,,,,,,,
	InterestIncomeNonOperating,,,,,,,,,,,,,,,,,,,,,,,,,,,,,,,,,,,"4,300,000","3,500,000","2,000,000","1,834,000","2,626,000","716,000","468,000","1,092,000","901,000","1,248,000","1,546,000","1,855,000","1,886,000","1,355,000","6,791,000","2,278,000","11,841,000","1,066,000","49,511,000","2,021,000","4,352,000","5,490,000","4,909,000",,,,,,,,,
	InterestExpenseNonOperating,"365,000,000","44,000,000","69,000,000","63,000,000","189,000,000","148,000,000","130,000,000","127,000,000","176,000,000","175,000,000","219,000,000","204,000,000","199,000,000","183,000,000","185,000,000","188,000,000","200,000,000","166,000,000","172,000,000","176,000,000","158,000,000","130,000,000","144,000,000","156,000,000","174,000,000","157,000,000","155,000,000","158,000,000","156,000,000","154,000,000","164,000,000","164,000,000","164,000,000","156,000,000","173,100,000","182,300,000","183,800,000","176,782,000","180,517,000","154,925,000","152,184,000","162,267,000","167,664,000","169,339,000","165,826,000","196,889,000","201,298,000","202,158,000","188,873,000","181,098,000","182,035,000","169,294,000","163,835,000","165,109,000","232,799,000","220,077,000","210,822,000",,,,,,,,,
	TotalOtherFinanceCost,,,,,,,,,,,,,,,,,,,,,,,,,,,,,,,,,,,,,,,,,,,,,,,,,,,,,,,,"214,600,000",,,,,,,,,,
OtherIncomeExpense,"-830,000,000","439,000,000","-642,000,000","23,000,000","-615,000,000","353,000,000","-100,000,000","-78,000,000","-218,000,000","17,000,000","22,000,000","6,000,000","12,000,000","19,000,000","4,000,000","7,000,000","26,000,000","3,000,000","0","12,000,000","-90,000,000","-27,000,000","-303,000,000","-3,000,000","-1,000,000","91,000,000","97,000,000","29,000,000","10,000,000","-5,000,000","-6,000,000","-3,000,000","21,000,000","3,000,000","-23,000,000","-83,400,000","1,100,000","598,000","-46,066,000","9,513,000","554,000","457,000","158,000","-29,000","-10,801,000","-51,900,000",,,,,,,,,,,,,,,,,,,,
	GainOnSaleOfSecurity,,"50,000,000","-643,000,000","16,000,000",,,,,,,,,,,,,,,,,,,,,,,,,,,,,,,,,,,,,,,,,,,,,,,,,,,,,,,,,,,,,,
	SpecialIncomeCharges,"-273,000,000","387,000,000","0","0","-625,000,000","350,000,000","-94,000,000","-78,000,000","-216,000,000",,,,,,,"0",,,"0","0","-86,000,000",,"-292,000,000",,,,,,,,,,,,,,,,,"9,513,000","554,000","457,000","158,000","-29,000","-10,801,000","-51,900,000",,,,,,,,,,,,"0","0","0","0","0",,,,
		RestructuringAndMergernAcquisition,"635,000,000","0","0","0","633,000,000","42,000,000","74,000,000","78,000,000","23,000,000",,,,,,,,,,,,,,,,,,,,,,,,,,,,,,,,,,,,,,,,,,,,,,,,,,,,,,,,,
		ImpairmentOfCapitalAssets,,,"0","0","0",,"20,000,000","0","193,000,000",,,,,,,"0",,,"0","0","86,000,000",,"292,000,000",,,,,,,,,,,,,,,,,,,,,,,,,,,,,,,,,,,,,,,,,,,
		GainOnSaleOfBusiness,"8,000,000","0","0","0","8,000,000","392,000,000",,,,,,,,,,,,,,,,,,,,,,,,,,,,,,,,,,,,,,,,,,,,,,,,,,,,,,,,,,,,
		GainOnSaleOfPPE,,"387,000,000",,,,,,,,,,,,,,,,,,,,,,,,,,,,,,,,,,,,,,,,,,,,,,,,,,,,,,,,,,,,,,,,
	OtherNonOperatingIncomeExpenses,"20,000,000","2,000,000","1,000,000","7,000,000","10,000,000","3,000,000","-6,000,000",,"-2,000,000","17,000,000","22,000,000","6,000,000","12,000,000","19,000,000","4,000,000","7,000,000","26,000,000","3,000,000","0","12,000,000","-4,000,000","-27,000,000","-11,000,000","-3,000,000","-1,000,000","91,000,000","97,000,000","29,000,000","10,000,000","-5,000,000","-6,000,000","-3,000,000","21,000,000","3,000,000","-23,000,000","-83,400,000","1,100,000","598,000","-46,100,000",,,,,,,,,,,,,,,,,,,,,,,,,,,
PretaxIncome,"971,000,000","556,000,000","-137,000,000","768,000,000","-215,000,000","268,000,000","-388,000,000","-259,000,000","-1,044,000,000","-361,000,000","-130,000,000","247,000,000","44,000,000","-149,000,000","-120,000,000","181,000,000","-86,000,000","-231,000,000","-178,000,000","143,000,000","-245,000,000","-294,000,000","-467,000,000","108,000,000","-35,000,000","-69,000,000","50,000,000","307,000,000","50,000,000","-86,000,000","-284,000,000","203,000,000","121,000,000","-62,000,000","50,700,000","328,300,000","211,900,000","72,232,000","-40,273,000","368,893,000","158,734,000","-36,809,000","92,816,000","295,689,000","94,646,000","-158,882,000","-7,798,000","158,290,000","-6,238,000","-157,847,000","-67,425,000","75,763,000","30,727,000","-210,074,000","-1,446,132,000","26,160,000","92,985,000","-55,820,000","81,308,000","255,126,000","140,959,000","-90,573,000","42,707,000","52,648,000","57,273,000","-63,300,000"
TaxProvision,"369,000,000","130,000,000","125,000,000","160,000,000","-46,000,000","79,000,000","-97,000,000","-36,000,000","-192,000,000","-4,000,000","-15,000,000","74,000,000","4,000,000","-1,000,000","-18,000,000","41,000,000","-23,000,000","-29,000,000","-794,000,000","50,000,000","-87,000,000","-71,000,000","-29,000,000","64,000,000","-7,000,000","-18,000,000","-20,000,000","70,000,000","27,000,000","-16,000,000","-50,000,000","54,000,000","49,000,000","7,000,000","58,600,000","113,600,000","90,500,000","54,269,000","-3,877,000","125,973,000","65,847,000","19,524,000","40,738,000","83,180,000","34,561,000","-29,940,000","16,892,000","-3,014,000","14,210,000","-11,020,000","-39,793,000","6,792,000","22,989,000","-49,654,000","-232,819,000","2,855,000","36,067,000","-2,950,000","-4,720,000","86,870,000","52,538,000","-32,117,000","-1,558,000","23,184,000","35,417,000","-17,323,000"
NetIncomeCommonStockholders,"152,000,000","426,000,000","-676,000,000","571,000,000","-168,000,000","190,000,000","-289,000,000","-222,000,000","-847,000,000","-356,000,000","-119,000,000","169,000,000","38,000,000","-147,000,000","-101,000,000","141,000,000","-63,000,000","-202,000,000","616,000,000","93,000,000","-158,000,000","-223,000,000","-440,000,000","42,000,000","-43,000,000","-51,000,000","70,000,000","237,000,000","23,000,000","-70,000,000","-234,000,000","149,000,000","72,000,000","-69,000,000","-7,900,000","214,700,000","121,400,000","17,963,000","-36,396,000","242,920,000","92,887,000","-56,333,000","47,049,000","206,738,000","54,998,000","-132,615,000","-29,158,000","156,640,000","-25,121,000","-150,405,000","-30,903,000","64,528,000","3,862,000","-163,509,000","-1,217,953,000","17,664,000","51,247,000","-57,704,000","80,743,000","162,707,000","83,675,000","-62,566,000","39,823,000","25,373,000","17,818,000","-49,236,000"
	NetIncome,"602,000,000","426,000,000","-260,000,000","605,000,000","-168,000,000","190,000,000","-289,000,000","-222,000,000","-847,000,000","-356,000,000","-119,000,000","169,000,000","38,000,000","-147,000,000","-101,000,000","141,000,000","-63,000,000","-202,000,000","616,000,000","93,000,000","-158,000,000","-223,000,000","-440,000,000","42,000,000","-43,000,000","-51,000,000","70,000,000","237,000,000","23,000,000","-70,000,000","-234,000,000","149,000,000","72,000,000","-69,000,000","-7,900,000","214,700,000","121,400,000","17,963,000","-36,396,000","242,920,000","92,887,000","-56,333,000","47,049,000","206,738,000","54,998,000","-132,615,000","-29,158,000","156,640,000","-25,121,000","-150,405,000","-30,903,000","64,528,000","3,862,000","-163,509,000","-1,217,953,000","17,664,000","51,247,000","-57,704,000","80,743,000","162,707,000","83,675,000","-62,566,000","39,823,000","25,373,000","17,818,000","-49,236,000"
		NetIncomeIncludingNoncontrollingInterests,"602,000,000","426,000,000","-262,000,000","608,000,000","-169,000,000","189,000,000","-291,000,000","-223,000,000","-852,000,000","-357,000,000","-115,000,000","173,000,000","40,000,000","-148,000,000","-102,000,000","140,000,000","-63,000,000","-202,000,000","616,000,000","93,000,000","-158,000,000","-223,000,000","-440,000,000","42,000,000","-43,000,000","-51,000,000","70,000,000","237,000,000","23,000,000","-70,000,000","-234,000,000","149,000,000","72,000,000","-69,000,000","-7,900,000","214,700,000","121,400,000","17,963,000","-36,396,000","242,920,000","92,887,000","-56,333,000","52,078,000","212,509,000","60,085,000","-128,942,000","-24,690,000","161,304,000","-20,448,000","-146,827,000","-27,632,000","68,971,000","7,738,000","-160,420,000","-1,213,313,000","23,305,000","56,918,000","-52,870,000","86,028,000","168,256,000","88,421,000","-58,456,000","68,809,000","21,282,000","21,856,000","-45,977,000"
			NetIncomeContinuousOperations,"602,000,000","426,000,000","-262,000,000","608,000,000","-169,000,000","189,000,000","-291,000,000","-223,000,000","-852,000,000","-357,000,000","-115,000,000","173,000,000","40,000,000","-148,000,000","-102,000,000","140,000,000","-63,000,000","-202,000,000","616,000,000","93,000,000","-158,000,000","-223,000,000","-438,000,000","44,000,000","-28,000,000","-51,000,000","70,000,000","237,000,000","23,000,000","-70,000,000","-234,000,000","149,000,000","72,000,000","-69,000,000","-7,900,000","214,700,000","121,400,000","17,963,000","-36,396,000","242,920,000","92,887,000","-56,333,000","52,078,000","212,509,000","60,085,000","-128,942,000","-24,690,000","161,304,000","-20,448,000","-146,827,000","-27,632,000","68,971,000","7,738,000","-160,420,000","-1,213,313,000","23,305,000","56,918,000","-57,704,000","80,743,000","162,707,000","83,675,000","-62,566,000","39,823,000","25,373,000","21,856,000","-45,977,000"
			NetIncomeDiscontinuousOperations,,,,,,,,,,,,,,,,,,,"0","0","0","0","-2,000,000","-2,000,000","-15,000,000",,,,,,,,,,,,,,,,,,,,,,,,,,,,,,,,,,,,,,,,,
		MinorityInterests,"0","0","2,000,000","-3,000,000","1,000,000","1,000,000","2,000,000","1,000,000","5,000,000","1,000,000","-4,000,000","-4,000,000","-2,000,000","1,000,000","1,000,000","1,000,000",,,,,,,,,,,,,,,,,,,,,,,"0","0","0","0","-5,029,000","-5,771,000","-5,087,000","-3,673,000","-4,468,000","-4,664,000","-4,673,000","-3,578,000","-3,271,000","-4,443,000","-3,876,000","-3,089,000","-4,640,000","-5,641,000","-5,671,000","-4,834,000","-5,285,000","-5,549,000","-4,746,000","-4,110,000","-28,986,000","4,091,000","-4,038,000","-3,259,000"
	PreferredStockDividends,,,"416,000,000","34,000,000",,,,,,,,,,,,,,,,,,,,,,,,,,,,,,,,,,,,,,,,,,,,,,,,,,,,,,,,,,,,,,
	OtherunderPreferredStockDividend,,,,,,,,,,,,,,,,,,,,,,,,,,,,,,,,,,,,,,,,,,,,,,,,,,,,,"3,900,000",,,,,,,,,,,,,
AverageDilutionEarnings,,"-50,000,000",,"-16,000,000",,,,,,,,,,,,,,,,,,,,,,,"0","0",,,"-1,000,000","0",,,,"2,200,000","3,800,000",,,,,,,,,,,,,,,,,,,,,,,,,,,,,
DilutedNIAvailtoComStockholders,"102,000,000","376,000,000","-660,000,000","555,000,000","-168,000,000","190,000,000","-289,000,000","-222,000,000","-847,000,000","-356,000,000","-119,000,000","169,000,000","38,000,000","-147,000,000","-101,000,000","141,000,000","-63,000,000","-202,000,000","616,000,000","93,000,000","-158,000,000","-223,000,000","-440,000,000","42,000,000","-43,000,000","-51,000,000","70,000,000","237,000,000","23,000,000","-70,000,000","-235,000,000","149,000,000","72,000,000","-69,000,000","-14,900,000","216,900,000","125,200,000","17,963,000","-36,396,000","242,920,000","92,887,000","-56,333,000","47,049,000","206,738,000","54,998,000","-132,615,000","-29,158,000","156,640,000","-25,121,000","-150,405,000","-30,903,000","64,528,000","3,862,000","-163,509,000","-1,217,953,000","17,664,000","51,247,000","-57,704,000","80,743,000","162,707,000","83,675,000","-62,566,000","39,823,000","25,373,000","17,818,000","-49,236,000"
BasicEPS,,"0.99","-1.52","1.21","-1.05","1.22","-1.85","-1.42","-5.86","-2.5","-0.83","1.26","0.4","-1.75","-1.2","1.68","-0.75","-2.43","7.42","1.12","-1.9","-2.69","-5.3","0.5","-0.102","-0.12","0.16","0.52","0.05","-0.15",,"0.32","0.16","-0.15","-0.001","0.51","0.3","0.04","-0.09","0.58","0.22","-0.13",,"0.5","0.13","-0.32",,"0.38","-0.06","-0.37",,"0.16","0.01","-0.51",,"0.05","0.16","-0.18",,"0.51","0.26","-0.2",,"0.11","0.08","-0.21"
DilutedEPS,,"0.82","-1.52","1.13","-1.05","1.21","-1.85","-1.42","-5.86","-2.5","-0.83","1.26","0.4","-1.75","-1.2","1.68","-0.75","-2.43","7.42","1.12","-1.9","-2.69","-5.3","0.49","-0.102","-0.12","0.16","0.52","0.05","-0.15",,"0.32","0.15","-0.15","-0.001","0.47","0.27","0.04","-0.09","0.55","0.21","-0.13",,"0.47","0.12","-0.32",,"0.36","-0.06","-0.37",,"0.15","0.01","-0.51",,"0.05","0.16","-0.18",,"0.5","0.26","-0.2",,"0.11","0.08","-0.21"
BasicAverageShares,,"432,000,000","468,000,000","471,000,000","160,000,000","156,000,000","156,000,000","156,000,000","144,000,000","142,000,000","142,000,000","133,000,000","96,000,000","84,000,000","84,000,000","84,000,000","84,000,000","83,000,000","83,000,000","83,000,000","83,000,000","83,000,000","83,000,000","84,000,000","425,000,000","424,000,000","438,000,000","454,000,000","459,000,000","459,000,000",,"459,000,000","452,000,000","447,000,000","447,200,000","424,900,000","400,800,000","415,800,000","421,100,000","420,600,000","420,000,000","418,100,000",,"416,600,000","415,900,000","414,100,000",,"412,200,000","411,800,000","410,700,000",,"407,400,000","343,700,000","323,371,000",,"322,900,000","322,687,000","322,222,000",,"321,487,000","320,891,000","320,625,000",,"230,665,000","230,611,000","229,500,000"
DilutedAverageShares,,"461,000,000","468,000,000","490,000,000","160,000,000","157,000,000","156,000,000","156,000,000","144,000,000","142,000,000","142,000,000","134,000,000","97,000,000","84,000,000","84,000,000","84,000,000","84,000,000","83,000,000","83,000,000","83,000,000","83,000,000","83,000,000","83,000,000","85,000,000","425,000,000","424,000,000","441,000,000","457,000,000","461,000,000","459,000,000",,"464,000,000","465,000,000","447,000,000","464,300,000","465,000,000","465,100,000","460,900,000","421,100,000","445,500,000","447,400,000","418,100,000",,"440,900,000","451,800,000","414,100,000",,"430,400,000","411,800,000","410,700,000",,"425,200,000","349,200,000","323,371,000",,"322,900,000","322,687,000","322,222,000",,"327,507,000","327,628,000","320,625,000",,"230,665,000","230,611,000","229,500,000"
RentExpenseSupplemental,,"6,000,000",,,,,,,,,,,,,,,,,,,,,,,,,,,,,,,,,,,,,,,,,,,,,,,,,,,,,,,,,,,,,,,,
TotalExpenses,"5,691,000,000","1,649,000,000","1,375,000,000","1,418,000,000","1,284,000,000","1,226,000,000","1,393,000,000","1,322,000,000","1,482,000,000","2,126,000,000","2,258,000,000","2,391,000,000","2,280,000,000","2,092,000,000","2,234,000,000","2,396,000,000","2,301,000,000","2,131,000,000","2,096,000,000","2,265,000,000","2,221,000,000","2,053,000,000","2,029,000,000","2,275,000,000","2,130,000,000","2,314,000,000","2,305,000,000","2,540,000,000","2,496,000,000","2,381,000,000","2,673,000,000","2,751,000,000","2,566,000,000","2,445,000,000","2,308,800,000","2,478,900,000","2,322,000,000","2,189,926,000","2,134,829,000","2,002,633,000","1,915,252,000","1,837,016,000","1,754,397,000","1,968,457,000","1,802,566,000","1,743,851,000","1,644,142,000","1,827,211,000","1,703,742,000","1,639,915,000","1,637,953,000","1,797,424,000","1,609,433,000","1,611,872,000","1,837,528,000","2,181,127,000","1,976,379,000","1,898,780,000","1,843,344,000","1,954,336,000","1,843,191,000","1,782,518,000","1,719,857,000","1,745,747,000","1,770,750,000","1,639,581,000"
NetIncomeFromContinuingAndDiscontinuedOperation,"602,000,000","426,000,000","-260,000,000","605,000,000","-168,000,000","190,000,000","-289,000,000","-222,000,000","-847,000,000","-356,000,000","-119,000,000","169,000,000","38,000,000","-147,000,000","-101,000,000","141,000,000","-63,000,000","-202,000,000","616,000,000","93,000,000","-158,000,000","-223,000,000","-440,000,000","42,000,000","-43,000,000","-51,000,000","70,000,000","237,000,000","23,000,000","-70,000,000","-234,000,000","149,000,000","72,000,000","-69,000,000","-7,900,000","214,700,000","121,400,000","17,963,000","-36,396,000","242,920,000","92,887,000","-56,333,000","47,049,000","206,738,000","54,998,000","-132,615,000","-29,158,000","156,640,000","-25,121,000","-150,405,000","-30,903,000","64,528,000","3,862,000","-163,509,000","-1,217,953,000","17,664,000","51,247,000","-57,704,000","80,743,000","162,707,000","83,675,000","-62,566,000","39,823,000","25,373,000","17,818,000","-49,236,000"
NormalizedIncome,"1,128,982,492.276","91,176,258.993","209,390,000","592,360,000","323,279,069.767","-56,828,358.209","-218,500,000","-154,841,698.842","-670,724,137.931","-356,000,000","-119,000,000","169,000,000","38,000,000","-147,000,000","-101,000,000","141,000,000","-63,000,000","-202,000,000","616,000,000","93,000,000","-102,960,000","-223,000,000","-438,000,000","44,000,000","-28,000,000","-51,000,000","70,000,000","237,000,000","23,000,000","-70,000,000","-234,000,000","149,000,000","72,000,000","-69,000,000","-7,900,000","214,700,000","121,400,000","17,963,000","-36,396,000","236,655,587.393","92,526,900","-56,630,050","46,946,300","206,758,842.037","61,854,899.235","-132,615,000","-29,158,000","156,640,000","-25,121,000","-150,405,000","-30,903,000","64,528,000","3,862,000","-163,509,000","-1,217,953,000","17,664,000","51,247,000","-57,704,000","80,743,000","162,707,000","83,675,000","-62,566,000","39,823,000","25,373,000","17,818,000","-49,236,000"
InterestIncome,,,,,,,,,,,,,,,,,,,,,,,,,,,,,,,,,,,"4,300,000","3,500,000","2,000,000","1,834,000","2,626,000","716,000","468,000","1,092,000","901,000","1,248,000","1,546,000","1,855,000","1,886,000","1,355,000","6,791,000","2,278,000","11,841,000","1,066,000","49,511,000","2,021,000","4,352,000","5,490,000","4,909,000",,,,,,,,,
InterestExpense,"365,000,000","44,000,000","69,000,000","63,000,000","189,000,000","148,000,000","130,000,000","127,000,000","176,000,000","175,000,000","219,000,000","204,000,000","199,000,000","183,000,000","185,000,000","188,000,000","200,000,000","166,000,000","172,000,000","176,000,000","158,000,000","130,000,000","144,000,000","156,000,000","174,000,000","157,000,000","155,000,000","158,000,000","156,000,000","154,000,000","164,000,000","164,000,000","164,000,000","156,000,000","173,100,000","182,300,000","183,800,000","176,782,000","180,517,000","154,925,000","152,184,000","162,267,000","167,664,000","169,339,000","165,826,000","196,889,000","201,298,000","202,158,000","188,873,000","181,098,000","182,035,000","169,294,000","163,835,000","165,109,000","232,799,000","220,077,000","210,822,000",,,,,,,,,
NetInterestIncome,"-365,000,000","-44,000,000","-69,000,000","-63,000,000","-189,000,000","-148,000,000","-130,000,000","-127,000,000","-176,000,000","-175,000,000","-219,000,000","-204,000,000","-199,000,000","-183,000,000","-185,000,000","-188,000,000","-200,000,000","-166,000,000","-172,000,000","-176,000,000","-158,000,000","-130,000,000","-144,000,000","-156,000,000","-174,000,000","-157,000,000","-155,000,000","-158,000,000","-156,000,000","-154,000,000","-164,000,000","-164,000,000","-164,000,000","-156,000,000","-168,800,000","-178,800,000","-181,800,000","-174,948,000","-177,891,000","-154,209,000","-151,716,000","-161,175,000","-166,763,000","-168,091,000","-164,280,000","-195,034,000","-199,412,000","-200,803,000","-182,082,000","-178,820,000","-170,194,000","-168,228,000","-114,324,000","-163,088,000","-228,447,000","-214,587,000","-205,913,000",,,,,,,,,
EBIT,"1,336,000,000","600,000,000","-68,000,000","831,000,000","-26,000,000","416,000,000","-258,000,000","-132,000,000","-868,000,000","-186,000,000","89,000,000","451,000,000","243,000,000","34,000,000","65,000,000","369,000,000","114,000,000","-65,000,000","-6,000,000","319,000,000","-87,000,000","-164,000,000","-323,000,000","264,000,000","139,000,000","88,000,000","205,000,000","465,000,000","206,000,000","68,000,000","-120,000,000","367,000,000","285,000,000","94,000,000","223,800,000","510,600,000","395,700,000","249,014,000","140,244,000","523,818,000","310,918,000","125,458,000","260,480,000","465,028,000","260,472,000","38,007,000","193,500,000","360,448,000","182,635,000","23,251,000","114,610,000","245,057,000","194,562,000","-44,965,000","-1,213,333,000","246,237,000","303,807,000","140,381,000","295,479,000","495,276,000","332,473,000","139,014,000","270,727,000","276,860,000","269,883,000","147,013,000"
EBITDA,"1,816,000,000"
ReconciledCostOfRevenue,"4,919,000,000","1,414,000,000","1,185,000,000","1,241,000,000","1,112,000,000","1,070,000,000","1,248,000,000","1,179,000,000","1,314,000,000","1,918,000,000","2,012,000,000","2,159,000,000","2,022,000,000","1,858,000,000","1,982,000,000","2,131,000,000","2,036,000,000","1,897,000,000","1,877,000,000","2,048,000,000","1,998,000,000","1,833,000,000","1,815,000,000","2,048,000,000","1,896,000,000","2,047,000,000","2,081,000,000","2,281,000,000","2,201,000,000","2,115,000,000","2,430,000,000","2,448,000,000","2,302,000,000","2,169,000,000","2,090,100,000","2,202,100,000","2,047,000,000","1,938,217,000","3,398,784,000","1,198,890,000","1,149,132,000","1,076,730,000","1,022,504,000","1,215,479,000","1,153,710,000","1,042,767,000","1,061,558,000","1,103,528,000","1,019,768,000","956,997,000","965,808,000","1,062,404,000","928,492,000","901,720,000","1,070,249,000","1,292,559,000","1,215,631,000","1,112,449,000","1,090,238,000","1,156,929,000","1,104,032,000","1,053,242,000","1,091,822,000","4,122,661,000","1,072,152,000","1,004,845,000"
ReconciledDepreciation,"480,000,000","13,000,000","137,000,000","135,000,000","210,000,000","314,000,000","507,000,000","474,000,000","717,000,000","786,000,000","787,000,000","779,000,000","736,000,000","692,000,000","646,000,000","699,000,000","720,000,000","699,000,000","691,000,000","741,000,000","788,000,000","742,000,000","714,000,000","742,000,000","572,000,000","768,000,000","730,000,000","776,000,000","761,000,000","775,000,000","929,000,000","818,000,000","776,000,000","797,000,000","684,100,000","730,400,000","703,726,000","653,574,000","610,250,000","602,721,000","559,551,000","552,534,000","561,984,000","555,421,000","453,265,000","466,987,000","426,517,000","554,966,000","511,989,000","515,175,000","519,009,000","555,242,000","539,431,000","543,428,000","593,391,000","654,247,000","592,722,000","592,934,000","563,225,000","594,224,000","556,719,000","528,899,000","3,599,681,000","-2,557,481,000","501,287,000","472,559,000"
NetIncomeFromContinuingOperationNetMinorityInterest,"602,000,000","426,000,000","-260,000,000","605,000,000","-168,000,000","190,000,000","-289,000,000","-222,000,000","-847,000,000","-356,000,000","-119,000,000","169,000,000","38,000,000","-147,000,000","-101,000,000","141,000,000","-63,000,000","-202,000,000","616,000,000","93,000,000","-158,000,000","-223,000,000","-438,000,000","44,000,000","-28,000,000","-51,000,000","70,000,000","237,000,000","23,000,000","-70,000,000","-234,000,000","149,000,000","72,000,000","-69,000,000","-7,900,000","214,700,000","121,400,000","17,963,000","-36,396,000","242,920,000","92,887,000","-56,333,000","47,049,000","206,738,000","54,998,000","-132,615,000","-29,158,000","156,640,000","-25,121,000","-150,405,000","-30,903,000","64,528,000","3,862,000","-163,509,000","-1,217,953,000","17,664,000","51,247,000","-57,704,000","80,743,000","162,707,000","83,675,000","-62,566,000","39,823,000","25,373,000","17,818,000","-49,236,000"
TotalUnusualItemsExcludingGoodwill,"-850,000,000","437,000,000","-643,000,000","16,000,000","-625,000,000","350,000,000","-94,000,000","-78,000,000","-216,000,000",,,,,,,"0",,,"0","0","-86,000,000",,"-292,000,000",,,,,,,,,,,,,,,,,"9,513,000","554,000","457,000","158,000","-29,000","-10,801,000","-51,900,000",,,,,,,,,,,,"0","0","0","0","0",,,,
TotalUnusualItems,"-850,000,000","437,000,000","-643,000,000","16,000,000","-625,000,000","350,000,000","-94,000,000","-78,000,000","-216,000,000",,,,,,,"0",,,"0","0","-86,000,000",,"-292,000,000",,,,,,,,,,,,,,,,,"9,513,000","554,000","457,000","158,000","-29,000","-10,801,000","-51,900,000",,,,,,,,,,,,"0","0","0","0","0",,,,
NormalizedEBITDA,"2,666,000,000","176,000,000","712,000,000","950,000,000","809,000,000","380,000,000","343,000,000","420,000,000","65,000,000","600,000,000","876,000,000","1,230,000,000","979,000,000","726,000,000","711,000,000","1,068,000,000","834,000,000","634,000,000","685,000,000","1,060,000,000","787,000,000","578,000,000","391,000,000","1,006,000,000","711,000,000","856,000,000","935,000,000","1,241,000,000","967,000,000","843,000,000","809,000,000","1,185,000,000","1,061,000,000","891,000,000","907,900,000","1,241,000,000","1,099,426,000","902,588,000","750,494,000","1,117,026,000","869,915,000","677,535,000","822,306,000","1,020,478,000","724,538,000","504,994,000","644,745,000","915,414,000","694,624,000","538,426,000","633,619,000","800,299,000","733,993,000","498,463,000","-619,942,000","900,484,000","896,529,000","733,315,000","858,704,000","1,089,500,000","889,192,000","667,913,000","3,870,408,000","713,989,000","771,170,000","619,572,000"
TaxRateForCalcs,"0.38","0.234","0.27","0.21","0.214","0.295","0.25","0.139","0.184","0.01","0.115","0.3","0.09","0.01","0.15","0.227","0.267","0.126","0.4","0.35","0.36","0.24","0.062","0.4","0.2","0.26","0.4","0.23","0.4","0.19","0.176","0.27","0.4","0.11","0.35","0.346","0.35","0.35","0.096","0.341","0.35","0.35","0.35","0.281","0.365","0.188","0.35","0.35","0.35","0.07","0.35","0.09","0.35","0.236","0.161","0.109","0.388","0.053","0.35","0.34","0.373","0.355","0.4","0.4","0.4","0.274"
TaxEffectOfUnusualItems,"-323,017,507.724","102,176,258.993","-173,610,000","3,360,000","-133,720,930.233","103,171,641.791","-23,500,000","-10,841,698.842","-39,724,137.931","0","0","0","0","0","0","0","0","0","0","0","-30,960,000","0","0","0","0","0","0","0","0","0","0","0","0","0","0","0","0","0","0","3,248,587.393","193,900","159,950","55,300","-8,157.963","-3,944,100.765","0","0","0","0","0","0","0","0","0","0","0","0","0","0","0","0","0","0","0","0","0"