name,ttm,03/31/2022,12/31/2021,09/30/2021,06/30/2021,03/31/2021,12/31/2020,09/30/2020,06/30/2020,03/31/2020,12/31/2019,09/30/2019,06/30/2019,03/31/2019,12/31/2018,09/30/2018,06/30/2018,03/31/2018,12/31/2017,09/30/2017,06/30/2017,03/31/2017,12/31/2016,09/30/2016,06/30/2016,03/31/2016,12/31/2015,09/30/2015,06/30/2015,03/31/2015,12/31/2014,09/30/2014,06/30/2014,03/31/2014,12/31/2013,09/30/2013,06/30/2013,03/31/2013,12/31/2012,09/30/2012,06/30/2012,03/31/2012,12/31/2011,09/30/2011,06/30/2011,03/31/2011,12/31/2010,09/30/2010,06/30/2010,03/31/2010,12/31/2009,09/30/2009,06/30/2009,03/31/2009,12/31/2008,09/30/2008,06/30/2008,03/31/2008,12/31/2007,09/30/2007,06/30/2007,03/31/2007,12/31/2006,09/30/2006,06/30/2006,03/31/2006,12/31/2005,09/30/2005,06/30/2005,03/31/2005,12/31/2004,09/30/2004,06/30/2004,03/31/2004,12/31/2003,09/30/2003,06/30/2003,03/31/2003,12/31/2002,09/30/2002,06/30/2002,03/31/2002,12/31/2001,09/30/2001,06/30/2001,03/31/2001,12/31/2000,09/30/2000,06/30/2000,03/31/2000,12/31/1999,09/30/1999,06/30/1999,03/31/1999,12/31/1998,09/30/1998,06/30/1998,03/31/1998,12/31/1997,09/30/1997,06/30/1997,03/31/1997,12/31/1996,09/30/1996,06/30/1996,03/31/1996,12/31/1995,09/30/1995,06/30/1995,03/31/1995,12/31/1994,09/30/1994,06/30/1994,03/31/1994,12/31/1993,09/30/1993,06/30/1993,03/31/1993,12/31/1992,09/30/1992,06/30/1992,03/31/1992,12/31/1991,09/30/1991,06/30/1991,03/31/1991,12/31/1990,09/30/1990,06/30/1990,03/31/1990,12/31/1989,09/30/1989,06/30/1989,03/31/1989,12/31/1988,09/30/1988,06/30/1988,03/31/1988,12/31/1987,09/30/1987,06/30/1987,03/31/1987,12/31/1986,09/30/1986,06/30/1986,03/31/1986,12/31/1985,09/30/1985
TotalRevenue,"4,393,900,000","1,156,100,000","710,300,000","1,213,600,000","1,191,800,000","1,078,400,000","1,037,900,000","1,108,600,000","949,200,000","1,090,300,000","1,103,300,000","1,204,000,000","1,196,400,000","1,087,300,000","1,144,100,000","1,179,700,000","1,166,700,000","991,200,000","917,700,000","950,500,000","948,300,000","852,300,000","854,200,000","907,400,000","908,800,000","834,800,000","829,700,000","877,000,000","874,000,000","809,700,000","848,800,000","895,300,000","855,800,000","759,500,000","806,600,000","835,900,000","801,300,000","740,100,000","752,500,000","789,700,000","778,400,000","723,800,000","740,000,000","764,300,000","709,200,000","658,100,000","639,300,000","685,000,000","646,400,000","570,500,000","591,900,000","593,900,000","584,200,000","585,600,000","652,100,000","734,800,000","689,600,000","627,900,000","614,700,000","652,700,000","640,800,000","625,700,000","589,000,000","649,000,000","603,200,000","573,000,000","535,700,000","561,100,000","520,500,000","487,600,000","499,800,000","525,100,000","502,900,000","465,200,000","444,600,000","457,300,000","449,300,000","419,400,000","426,200,000","445,800,000","414,100,000","301,700,000","12,111,000,000","325,700,000","341,200,000","344,100,000","346,100,000","360,800,000","356,600,000","360,700,000","343,300,000","372,400,000","368,600,000","367,500,000","350,800,000","361,600,000","372,500,000","339,700,000","349,400,000","351,800,000","352,900,000","324,700,000","331,100,000","332,800,000","328,900,000","304,600,000","282,700,000","287,000,000","295,000,000","278,400,000","277,200,000","267,500,000","261,900,000","207,000,000","211,700,000","211,500,000","211,300,000","198,000,000","200,600,000","202,300,000","195,400,000","187,700,000","184,900,000","192,000,000","197,000,000","182,200,000","175,900,000","186,800,000","183,100,000","173,700,000","174,400,000","164,300,000","168,000,000","161,800,000","154,800,000","151,000,000","157,000,000","151,400,000","146,800,000","146,000,000","147,500,000","140,800,000","141,600,000","136,600,000","141,800,000","138,800,000","132,700,000","136,500,000"
	OperatingRevenue,"4,393,900,000","1,156,100,000","710,300,000","1,213,600,000","1,191,800,000","1,078,400,000","1,037,900,000","1,108,600,000","949,200,000","1,090,300,000","1,103,300,000","1,204,000,000","1,196,400,000","1,087,300,000","1,144,100,000","1,179,700,000","1,166,700,000","991,200,000","917,700,000","950,500,000","948,300,000","852,300,000","854,200,000","907,400,000","908,800,000","834,800,000","829,700,000","877,000,000","874,000,000","809,700,000","848,800,000","895,300,000","855,800,000","759,500,000","806,600,000","835,900,000","801,300,000","740,100,000","752,500,000","789,700,000","778,400,000","723,800,000","740,000,000","764,300,000","709,200,000","658,100,000","639,300,000","685,000,000","646,400,000","570,500,000","591,900,000","593,900,000","584,200,000","585,600,000","652,100,000","734,800,000","689,600,000","627,900,000","614,700,000","652,700,000","640,800,000","625,700,000","589,000,000","649,000,000","603,200,000","573,000,000","535,700,000","561,100,000","520,500,000","487,600,000","499,800,000","525,100,000","502,900,000","465,200,000","444,600,000","457,300,000","449,300,000","419,400,000","426,200,000","445,800,000","414,100,000","301,700,000","301,200,000","325,700,000","341,200,000","344,100,000","346,100,000","360,800,000","356,600,000","360,700,000","343,300,000","372,400,000","368,600,000","367,500,000","350,800,000","361,600,000","372,500,000","339,700,000","349,400,000","351,800,000","352,900,000","324,700,000","331,100,000","332,800,000","328,900,000","304,600,000","282,700,000","287,000,000","295,000,000","278,400,000","277,200,000","267,500,000","261,900,000","207,000,000","211,700,000","211,500,000","211,300,000","198,000,000","200,600,000","202,300,000","195,400,000","187,700,000","184,900,000","192,000,000","197,000,000","182,200,000","175,900,000","186,800,000","183,100,000","173,700,000","174,400,000","164,300,000","168,000,000","161,800,000","154,800,000","151,000,000","157,000,000","151,400,000","146,800,000","146,000,000","147,500,000","140,800,000","141,600,000","136,600,000","141,800,000","138,800,000","132,700,000","136,500,000"
CostOfRevenue,"3,181,500,000","833,000,000","509,700,000","883,300,000","861,000,000","788,600,000","752,200,000","779,000,000","668,700,000","776,800,000","777,300,000","842,000,000","839,000,000","780,000,000","823,500,000","830,700,000","818,800,000","708,300,000","629,200,000","643,600,000","653,600,000","590,500,000","595,600,000","618,700,000","615,300,000","574,900,000","565,800,000","585,900,000","589,900,000","557,000,000","573,500,000","599,100,000","563,300,000","514,500,000","535,700,000","544,600,000","529,300,000","503,800,000","502,700,000","521,200,000","518,600,000","489,700,000","503,700,000","512,000,000","479,300,000","452,900,000","432,500,000","449,800,000","435,400,000","394,800,000","400,100,000","401,000,000","410,000,000","418,600,000","466,200,000","514,600,000","479,700,000","440,500,000","433,800,000","458,100,000","453,500,000","452,700,000","437,400,000","468,100,000","437,500,000","414,500,000","384,700,000","396,900,000","377,400,000","350,900,000","358,200,000","377,700,000","362,700,000","332,500,000","316,800,000","329,100,000","333,600,000","309,700,000","315,000,000","330,400,000","308,000,000","225,300,000","238,600,000","245,700,000","256,300,000","243,100,000","241,300,000","246,900,000","268,900,000","243,000,000","239,700,000","260,600,000","243,500,000","246,300,000","234,300,000","238,500,000","242,900,000","222,600,000","231,700,000","232,100,000","228,400,000","212,900,000","221,200,000","222,100,000","218,800,000","207,500,000","187,400,000","190,800,000","200,700,000","188,100,000","187,000,000","179,800,000","174,800,000","134,200,000","137,100,000","138,900,000","137,200,000","126,600,000","127,300,000","132,700,000","123,400,000","117,700,000","118,200,000","124,400,000","125,700,000","118,000,000","114,700,000","124,500,000","117,700,000","112,800,000","112,900,000","108,300,000",,,,,,,,,,,,,,,,
GrossProfit,"1,212,400,000","323,100,000","200,600,000","330,300,000","330,800,000","289,800,000","285,700,000","329,600,000","280,500,000","313,500,000","326,000,000","362,000,000","357,400,000","307,300,000","320,600,000","349,000,000","347,900,000","282,900,000","288,500,000","306,900,000","294,700,000","261,800,000","258,600,000","288,700,000","293,500,000","259,900,000","263,900,000","291,100,000","284,100,000","252,700,000","275,300,000","296,200,000","292,500,000","245,000,000","270,900,000","291,300,000","272,000,000","236,300,000","249,800,000","268,500,000","259,800,000","234,100,000","236,300,000","252,300,000","229,900,000","205,200,000","206,800,000","235,200,000","211,000,000","175,700,000","191,800,000","192,900,000","174,200,000","167,000,000","185,900,000","220,200,000","209,900,000","187,400,000","180,900,000","194,600,000","187,300,000","173,000,000","151,600,000","180,900,000","165,700,000","158,500,000","151,000,000","164,200,000","143,100,000","136,700,000","141,600,000","147,400,000","140,200,000","132,700,000","127,800,000","128,200,000","115,700,000","109,700,000","111,200,000","115,400,000","106,100,000","76,400,000","11,872,400,000","80,000,000","84,900,000","101,000,000","104,800,000","113,900,000","87,700,000","117,700,000","103,600,000","111,800,000","125,100,000","121,200,000","116,500,000","123,100,000","129,600,000","117,100,000","117,700,000","119,700,000","124,500,000","111,800,000","109,900,000","110,700,000","110,100,000","97,100,000","95,300,000","96,200,000","94,300,000","90,300,000","90,200,000","87,700,000","87,100,000","72,800,000","74,600,000","72,600,000","74,100,000","71,400,000","73,300,000","69,600,000","72,000,000","70,000,000","66,700,000","67,600,000","71,300,000","64,200,000","61,200,000","62,300,000","65,400,000","60,900,000","61,500,000","56,000,000",,,,,,,,,,,,,,,,
OperatingExpense,"647,100,000","180,200,000","93,900,000","175,000,000","178,100,000","172,200,000","165,900,000","166,700,000","149,000,000","194,700,000","190,100,000","189,100,000","190,500,000","186,400,000","184,000,000","185,200,000","191,000,000","183,300,000","165,900,000","160,500,000","164,100,000","157,700,000","150,800,000","152,700,000","161,400,000","158,000,000","152,000,000","160,100,000","157,400,000","147,700,000","149,200,000","153,400,000","148,800,000","140,200,000","144,700,000","139,700,000","139,900,000","138,600,000","139,300,000","133,400,000","135,300,000","132,400,000","126,500,000","127,000,000","124,800,000","121,600,000","115,800,000","117,600,000","117,500,000","110,000,000","112,300,000","101,600,000","107,600,000","109,700,000","113,500,000","116,900,000","114,900,000","112,100,000","112,300,000","105,700,000","109,300,000","109,100,000","109,900,000","108,000,000","104,300,000","100,600,000","92,800,000","90,900,000","90,200,000","94,300,000","89,500,000","85,500,000","92,700,000","81,600,000","76,500,000","77,300,000","79,800,000","75,900,000","79,100,000","71,100,000","70,300,000","50,100,000","90,200,000","54,300,000","56,400,000","56,600,000","67,100,000","67,800,000","68,000,000","73,100,000","65,900,000","71,600,000","69,200,000","69,400,000","61,300,000","65,500,000","69,400,000","64,000,000","58,500,000","62,700,000","67,000,000","61,800,000","57,700,000","59,400,000","59,800,000","53,300,000","52,500,000","53,200,000","53,500,000","52,000,000","51,600,000","51,400,000","51,900,000","42,400,000","94,400,000","43,200,000","43,300,000","41,500,000","44,000,000","41,400,000","41,300,000","40,300,000","37,000,000","39,200,000","39,800,000","35,300,000","33,400,000","35,400,000","35,800,000","33,900,000","33,800,000","31,300,000",,,,,,,,,,,,,,,,
	SellingGeneralAndAdministration,"647,100,000","180,200,000","93,900,000","175,000,000","178,100,000","172,200,000","165,900,000","166,700,000","149,000,000","194,700,000","190,100,000","189,100,000","190,500,000","186,400,000","184,000,000","185,200,000","191,000,000","183,300,000","165,900,000","160,500,000","164,100,000","157,700,000","150,800,000","152,700,000","161,400,000","158,000,000","152,000,000","160,100,000","157,400,000","147,700,000","149,200,000","153,400,000","148,800,000","140,200,000","144,700,000","139,700,000","139,900,000","138,600,000","139,300,000","133,400,000","135,300,000","132,400,000","126,500,000","127,000,000","124,800,000","121,600,000","115,800,000","117,600,000","117,500,000","110,000,000","112,300,000","101,600,000","107,600,000","109,700,000","113,500,000","116,900,000","114,900,000","112,100,000","112,300,000","105,700,000","109,300,000","109,100,000","106,200,000","107,300,000","102,900,000","99,100,000","87,700,000","89,900,000","88,000,000","92,400,000","86,700,000","83,600,000","83,200,000","80,400,000","76,600,000","77,500,000","75,000,000","74,800,000","72,100,000","73,100,000","69,300,000","50,800,000","54,900,000","54,300,000","56,400,000","56,600,000","53,500,000","54,300,000","54,700,000","58,600,000","56,300,000","57,200,000","54,600,000","55,200,000","51,300,000","53,300,000","56,200,000","51,300,000","51,900,000","51,100,000","53,700,000","50,100,000","51,200,000","48,500,000","48,700,000","42,500,000","46,200,000","43,400,000","43,200,000","42,200,000","45,800,000","42,000,000","42,500,000","34,100,000","88,200,000","35,200,000","35,400,000","33,800,000","38,100,000","34,400,000","34,200,000","33,100,000","33,100,000","32,900,000","33,500,000","29,600,000","30,000,000","31,000,000","30,800,000","29,000,000","30,300,000","26,900,000",,,,,,,,,,,,,,,,
		GeneralAndAdministrativeExpense,,,"155,600,000","175,000,000","178,100,000",,"165,900,000","166,700,000","149,000,000","194,700,000","190,100,000","189,100,000","190,500,000","186,400,000","184,000,000","185,200,000","191,000,000","183,300,000","165,900,000","160,500,000","164,100,000","157,700,000","150,800,000","152,700,000","161,400,000","158,000,000","152,000,000","160,100,000","157,400,000","147,700,000","149,200,000","153,400,000","148,800,000","140,200,000","144,700,000","139,700,000","139,900,000","138,600,000","139,300,000",,,,,,,,,,,,,,,,,,,,,,,,,,,,,,,,,,,,,,,,,,,,,,,,,,,,,,,,,,,,,,,,,,,,,,,,,,,,,,,,,,,,,,,,,,,,,,,,,,,,,,,,,,,,,
			SalariesAndWages,,,,,,,"1,000,000","6,600,000",,,,,,,,,,,,,,,,,,,,,,,,,,,,,,,,,,,,,,,,,,,,,,,,,,,,,,,,,,,,,,,,,,,,,,,,,,,,,,,,,,,,,,,,,,,,,,,,,,,,,,,,,,,,,,,,,,,,,,,,,,,,,,,,,,,,,,,,,,,,
			OtherGandA,,,"155,600,000","175,000,000","178,100,000",,"165,900,000","166,700,000","149,000,000","194,700,000","190,100,000","189,100,000","190,500,000","186,400,000","184,000,000","185,200,000","191,000,000","183,300,000","165,900,000","160,500,000","164,100,000","157,700,000","150,800,000","152,700,000","161,400,000","158,000,000","152,000,000","160,100,000","157,400,000","147,700,000","149,200,000","153,400,000","148,800,000","140,200,000","144,700,000","139,700,000","139,900,000","138,600,000","139,300,000",,,,,,,,,,,,,,,,,,,,,,,,,,,,,,,,,,,,,,,,,,,,,,,,,,,,,,,,,,,,,,,,,,,,,,,,,,,,,,,,,,,,,,,,,,,,,,,,,,,,,,,,,,,,,
	DepreciationAmortizationDepletionIncomeStatement,,,,,,,,,,,,,,,,,,,,,,,,,,,,,,,,,,,,,,,,,,,,,,,,,,,,,,,,,,,,,,,,,,,,,,,,,,,,,,,,,,,,,,"14,500,000","13,600,000","13,500,000","13,300,000","14,500,000","9,600,000","14,400,000","14,600,000","14,200,000","10,000,000","12,200,000","13,200,000","12,700,000","6,600,000","11,600,000","13,300,000","11,700,000","6,500,000","10,900,000","11,100,000","10,800,000","6,300,000","9,800,000","10,300,000","9,800,000","5,800,000","9,400,000","9,400,000","8,300,000","6,200,000","8,000,000","7,900,000","7,700,000","5,900,000","7,000,000","7,100,000","7,200,000","3,900,000","6,300,000","6,300,000","5,700,000","3,400,000","4,400,000","5,000,000","4,900,000","3,500,000","4,400,000",,,,,,,,,,,,,,,,
		DepreciationAndAmortizationInIncomeStatement,,,,,,,,,,,,,,,,,,,,,,,,,,,,,,,,,,,,,,,,,,,,,,,,,,,,,,,,,,,,,,,,,,,,,,,,,,,,,,,,,,,,,,"14,500,000","13,600,000","13,500,000","13,300,000","14,500,000","9,600,000","14,400,000","14,600,000","14,200,000","10,000,000","12,200,000","13,200,000","12,700,000","6,600,000","11,600,000","13,300,000","11,700,000","6,500,000","10,900,000","11,100,000","10,800,000","6,300,000","9,800,000","10,300,000","9,800,000","5,800,000","9,400,000","9,400,000","8,300,000","6,200,000","8,000,000","7,900,000","7,700,000","5,900,000","7,000,000","7,100,000","7,200,000","3,900,000","6,300,000","6,300,000","5,700,000","3,400,000","4,400,000","5,000,000","4,900,000","3,500,000","4,400,000",,,,,,,,,,,,,,,,
	OtherOperatingExpenses,,,,,,,,,,,,,,,,,,,,,,,,,,,,,,,,,,,,,,,,,,,,,,,,,,,,,,,,,,,,,,,"3,700,000","700,000","1,400,000","1,500,000","5,100,000","1,000,000","2,200,000","1,900,000","2,800,000","1,900,000","9,500,000","1,200,000","-100,000","-200,000","4,800,000","1,100,000","7,000,000","-2,000,000","1,000,000","-700,000",,,,"-14,500,000",,,,,,,,,,,,,,,,,,,,,,,,,,,,,,,,,,,,,,,,,,,,,,,,,,,,,,,,,,,,,,
OperatingIncome,"565,300,000","142,900,000","106,700,000","155,300,000","152,700,000","117,600,000","119,800,000","162,900,000","131,500,000","118,800,000","135,900,000","172,900,000","166,900,000","120,900,000","136,600,000","163,800,000","156,900,000","99,600,000","122,600,000","146,400,000","130,600,000","104,100,000","107,800,000","136,000,000","132,100,000","101,900,000","111,900,000","131,000,000","126,700,000","105,000,000","126,100,000","142,800,000","143,700,000","104,800,000","126,200,000","151,600,000","132,100,000","97,700,000","110,500,000","135,100,000","124,500,000","101,700,000","109,800,000","125,300,000","105,100,000","83,600,000","91,000,000","117,600,000","93,500,000","65,700,000","79,500,000","91,300,000","66,600,000","57,300,000","72,400,000","103,300,000","95,000,000","75,300,000","68,600,000","88,900,000","78,000,000","63,900,000","41,700,000","72,900,000","61,400,000","57,900,000","58,200,000","73,300,000","52,900,000","42,400,000","52,100,000","61,900,000","47,500,000","51,100,000","51,300,000","50,900,000","35,900,000","33,800,000","32,100,000","44,300,000","35,800,000","26,300,000","11,782,200,000","25,700,000","28,500,000","44,400,000","37,700,000","46,100,000","19,700,000","44,600,000","37,700,000","40,200,000","55,900,000","51,800,000","55,200,000","57,600,000","60,200,000","53,100,000","59,200,000","57,000,000","57,500,000","50,000,000","52,200,000","51,300,000","50,300,000","43,800,000","42,800,000","43,000,000","40,800,000","38,300,000","38,600,000","36,300,000","35,200,000","30,400,000","-19,800,000","29,400,000","30,800,000","29,900,000","29,300,000","28,200,000","30,700,000","29,700,000","29,700,000","28,400,000","31,500,000","28,900,000","27,800,000","26,900,000","29,600,000","27,000,000","27,700,000","24,700,000","168,000,000","161,800,000","-362,100,000","151,000,000","157,000,000","151,400,000","-344,600,000","146,000,000","147,500,000","140,800,000","-335,300,000","136,600,000","141,800,000","138,800,000","-311,500,000","136,500,000"
NetNonOperatingInterestIncomeExpense,"-52,600,000","-13,100,000","-13,300,000","-13,500,000","-12,700,000","-15,200,000","-14,500,000","-15,000,000","-15,700,000","-15,100,000","-17,700,000","-17,000,000","-17,200,000","-17,500,000","-17,900,000","-18,400,000","-18,800,000","-17,300,000","-10,600,000","-11,600,000","-11,600,000","-11,100,000","-11,500,000","-11,600,000","-11,300,000","-9,000,000","-8,300,000","-7,600,000","-7,400,000","-7,700,000","-9,200,000","-7,500,000","-7,000,000","-7,500,000","-8,800,000","-7,400,000","-7,300,000","-7,300,000","-9,300,000","-7,200,000","-7,100,000","-7,200,000","-8,600,000","-7,300,000","-7,500,000","-7,500,000","-8,200,000","-7,800,000","-7,500,000","-7,600,000","-7,900,000","-7,700,000","-7,600,000","-7,700,000",,,,,,,,,,,,,,,,,,,,,,,,,,,,,,,,,,,,,,,,,,,,,,,,,,,,,,,,,,,,,,,,,,,,,,,,,,,,,,,,,,,,,,,,,,,,,,
	InterestExpenseNonOperating,"52,600,000","13,100,000","13,300,000","13,500,000","12,700,000","15,200,000","14,500,000","15,000,000","15,700,000","15,100,000","17,700,000","17,000,000","17,200,000","17,500,000","17,900,000","18,400,000","18,800,000","17,300,000","10,600,000","11,600,000","11,600,000","11,100,000","11,500,000","11,600,000","11,300,000","9,000,000","8,300,000","7,600,000","7,400,000","7,700,000","9,200,000","7,500,000","7,000,000","7,500,000","8,800,000","7,400,000","7,300,000","7,300,000","7,500,000","7,200,000","7,100,000","7,200,000",,"7,300,000","7,500,000",,,,,"7,600,000",,"7,700,000",,,,,,,,,,,,,,,,,,,,,,,,,,,,,,,,,,,,,,,,,,,,,,,,,,,,,,,,,,,,,,,,,,,,,,,,,,,,,,,,,,,,,,,,,,,,,,,,
	TotalOtherFinanceCost,,,,,,,,,,,,,,,,,,,,,,,,,,,,,,,,,,,,,,,,"7,200,000","7,100,000","7,200,000","7,300,000","7,300,000","7,500,000","7,500,000",,"7,800,000","7,500,000","7,600,000",,"7,700,000","7,600,000","7,700,000",,,,,,,,,,,,,,,,,,,,,,,,,,,,,,,,,,,,,,,,,,,,,,,,,,,,,,,,,,,,,,,,,,,,,,,,,,,,,,,,,,,,,,,,,,,,,,
OtherIncomeExpense,"-15,900,000","3,600,000","8,500,000","-1,300,000","-24,600,000","-900,000","-3,700,000","-8,900,000","-2,800,000","-3,800,000","12,700,000","12,100,000","-26,100,000","-5,400,000","-4,000,000","-2,900,000","-4,100,000","-6,500,000","-100,000","-11,200,000","-2,300,000","-2,100,000","1,600,000","-300,000","-4,000,000","-1,300,000","-12,900,000","-8,300,000","-1,300,000","-2,600,000","1,300,000","-500,000","-300,000","-1,200,000","-900,000","-900,000","-2,000,000","800,000","900,000","1,100,000","-1,300,000","100,000","700,000",,"-1,700,000","-2,100,000","-14,700,000","-600,000","-500,000","-500,000","-1,500,000","300,000","-1,200,000","200,000","2,200,000","-800,000","-1,000,000","-1,100,000","500,000","900,000","1,200,000","-200,000","-5,000,000","-2,300,000","-900,000","-1,200,000","-3,800,000","1,300,000",,"500,000","-1,300,000","200,000","-9,000,000","-1,200,000","800,000","1,000,000","-2,900,000","-1,400,000","-5,800,000","3,900,000","1,000,000","600,000","-30,300,000","2,900,000","3,200,000","200,000","4,000,000","4,200,000","40,700,000","6,900,000","2,600,000","12,800,000","6,500,000","5,400,000","4,000,000","3,400,000","3,400,000","3,600,000","-47,700,000","4,500,000","3,400,000","3,600,000","2,300,000","2,900,000","2,200,000","2,900,000","2,600,000","2,400,000","2,700,000","2,800,000","600,000","3,400,000","3,000,000","3,900,000","4,200,000","3,700,000","3,900,000","3,400,000","3,600,000","3,400,000","3,300,000","3,100,000","3,000,000","2,700,000","2,600,000","3,200,000","3,900,000","3,500,000","3,100,000","3,600,000","2,200,000","3,500,000",,,,,,,,,,,,,,,,
	SpecialIncomeCharges,,,"0","-100,000","-23,600,000",,"0","0",,,"0","21,700,000",,,"0","0",,,"0","-10,100,000",,,,,,,,,,,,,,,,,,,"100,000","1,100,000","-1,300,000","100,000","-600,000","0","-1,700,000","-2,100,000","-14,700,000","-600,000","-500,000","-500,000","-1,500,000","300,000","-1,200,000","200,000","2,200,000","-800,000","-1,000,000","-1,100,000","500,000","900,000","1,200,000","-200,000","-5,000,000","-2,300,000","-900,000","-1,200,000","-3,800,000","1,300,000",,"500,000","-1,300,000","200,000","-9,000,000","-1,200,000","800,000","1,000,000","-2,900,000","-1,400,000","-5,800,000","3,900,000","1,000,000","600,000","-30,300,000","2,900,000","3,200,000","200,000","4,000,000","4,200,000","40,700,000","6,900,000","2,600,000","12,800,000","6,500,000","5,400,000","4,000,000","3,400,000","3,400,000","3,600,000","-47,700,000","4,500,000","3,400,000","3,600,000","2,300,000","2,900,000","2,200,000","2,900,000","2,600,000","2,400,000","2,700,000","2,800,000","600,000","3,400,000","3,000,000","3,900,000","4,200,000","3,700,000","3,900,000","3,400,000","3,600,000","3,400,000","3,300,000","3,100,000","3,000,000","2,700,000","2,600,000","3,200,000","3,900,000","3,500,000","3,100,000","3,600,000","2,200,000","3,500,000",,,,,,,,,,,,,,,,
		OtherSpecialCharges,,,"0",,"16,800,000",,,,,,,,,,,,,,"0","10,100,000",,,,,,,,,,,,,,,,,,,,,,,,,,,,,,,,,,,,,,,,,,,,,,,,,,,,,,,,,,,,,,,,,,,,,,,,,,,,,,,,,,,,,,,,,,,,,,,,,,,,,,,,,,,,,,,,,,,,,,,,,,,,,,,,
		GainOnSaleOfBusiness,,,"0","-100,000","-6,800,000",,"0","0",,,"0","21,700,000",,,,,,,,,,,,,,,,,,,,,,,,,,,,,,,,,,,,,,,,,,,,,,,,,,,,,,,,,,,,,,,,,,,,,,,,,,,,,,,,,,,,,,,,,,,,,,,,,,,,,,,,,,,,,,,,,,,,,,,,,,,,,,,,,,,,,,,,
	OtherNonOperatingIncomeExpenses,"7,800,000","3,600,000","8,500,000","-1,200,000","-1,000,000","-900,000","-3,700,000","-8,900,000","-2,800,000","-3,800,000","11,200,000","-9,600,000","-26,100,000","-5,400,000","-4,100,000","-2,900,000","-4,100,000","-6,500,000","-1,000,000","-1,100,000","-2,300,000","-2,100,000","1,100,000","-300,000","-4,000,000","-1,300,000","-13,400,000","-8,300,000","-1,300,000","-2,600,000","200,000","-500,000","-300,000","-1,200,000","-2,200,000","-900,000","-2,000,000","800,000","-900,000",,,,,,,,,,,,,,,,,,,,,,,,,,,,,,,,,,,,,,,,,,,,,,,,,,,,,,,,,,,,,,,,,,,,,,,,,,,,,,,,,,,,,,,,,,,,,,,,,,,,,,,,,,,,,
PretaxIncome,"496,800,000","133,400,000","101,900,000","140,500,000","115,400,000","101,500,000","101,600,000","139,000,000","113,000,000","99,900,000","130,900,000","168,000,000","123,600,000","98,000,000","114,700,000","142,500,000","134,000,000","75,800,000","111,900,000","123,600,000","116,700,000","90,900,000","97,900,000","124,100,000","116,800,000","91,600,000","90,700,000","115,100,000","118,000,000","94,700,000","118,200,000","134,800,000","136,400,000","96,100,000","116,500,000","143,300,000","122,800,000","91,200,000","102,100,000","129,000,000","116,100,000","94,600,000","101,900,000","118,000,000","95,900,000","74,000,000","68,100,000","109,200,000","85,500,000","57,600,000","70,100,000","83,900,000","57,800,000","49,800,000","64,100,000","95,700,000","88,500,000","69,600,000","64,200,000","85,700,000","75,000,000","59,300,000","37,300,000","68,200,000","59,700,000","56,300,000","55,600,000","70,300,000","50,100,000","39,700,000","48,400,000","58,800,000","42,900,000","47,200,000","46,900,000","46,500,000","32,700,000","29,300,000","27,800,000","40,400,000","33,500,000","25,300,000","-25,300,000","25,300,000","27,500,000","28,200,000","35,800,000","44,600,000","56,400,000","47,400,000","36,700,000","48,400,000","58,300,000","53,600,000","56,300,000","58,400,000","60,800,000","55,000,000","9,600,000","59,600,000","59,100,000","51,900,000","52,300,000","52,100,000","50,300,000","44,600,000","43,400,000","43,400,000","41,200,000","38,900,000","38,900,000","37,400,000","36,700,000","32,800,000","-16,400,000","31,600,000","33,800,000","32,400,000","32,500,000","31,500,000","33,900,000","32,800,000","32,600,000","31,000,000","34,000,000","31,900,000","31,400,000","30,100,000","32,400,000","30,600,000","29,900,000","28,100,000",,,,,,,,,,,,,,,,
TaxProvision,"96,600,000","29,600,000","17,100,000","29,900,000","18,800,000","22,400,000","19,000,000","30,400,000","23,900,000","24,200,000","27,800,000","35,400,000","25,700,000","24,200,000","25,500,000","27,800,000","31,600,000","16,000,000","89,500,000","40,800,000","35,900,000","27,000,000","32,200,000","36,000,000","34,800,000","29,600,000","28,000,000","40,400,000","36,700,000","31,300,000","37,600,000","44,300,000","45,600,000","30,800,000","33,700,000","46,100,000","39,800,000","24,400,000","29,200,000","41,400,000","38,100,000","31,000,000","31,400,000","34,700,000","30,200,000","23,300,000","17,900,000","37,500,000","27,600,000","18,600,000","20,000,000","26,400,000","18,200,000","15,700,000","17,800,000","29,200,000","27,000,000","21,200,000","16,200,000","20,400,000","21,700,000","17,600,000","8,100,000","20,600,000","18,100,000","16,600,000","3,500,000","21,800,000","14,400,000","10,900,000","600,000","17,300,000","11,500,000","13,200,000","12,200,000","12,100,000","8,500,000","7,600,000","600,000","9,300,000","2,700,000","5,800,000","-11,200,000","5,800,000","5,700,000","7,100,000","7,500,000","11,600,000","14,700,000","12,300,000","9,500,000","12,600,000","15,200,000","13,900,000","14,100,000","15,200,000","16,700,000","15,100,000","-1,300,000","17,900,000","17,700,000","15,600,000","15,200,000","15,100,000","14,600,000","12,900,000","11,700,000","11,700,000","11,100,000","10,500,000","10,500,000","10,100,000","10,200,000","8,500,000","-10,300,000","8,200,000","8,800,000","8,400,000","9,100,000","8,800,000","9,500,000","9,200,000","9,800,000","9,300,000","10,200,000","9,600,000","9,700,000","9,300,000","10,000,000","9,500,000","9,600,000","9,000,000",,,,,,,,,,,,,,,,
NetIncomeCommonStockholders,"501,800,000","179,700,000","118,400,000","108,200,000","95,500,000","77,400,000","80,600,000","106,700,000","87,900,000","75,000,000","100,400,000","130,700,000","95,600,000","72,000,000","87,700,000","113,200,000","99,900,000","58,100,000","20,300,000","80,500,000","78,800,000","62,600,000","64,200,000","86,400,000","80,800,000","60,700,000","61,400,000","73,100,000","79,900,000","62,200,000","81,000,000","89,500,000","89,900,000","64,000,000","81,800,000","96,200,000","82,400,000","65,700,000","71,700,000","86,800,000","77,200,000","63,000,000","69,700,000","82,200,000","64,900,000","50,100,000","50,400,000","71,000,000","57,400,000","38,400,000","49,600,000","57,300,000","39,400,000","33,800,000","46,300,000","66,500,000","61,500,000","48,400,000","48,000,000","65,300,000","53,300,000","41,700,000","29,200,000","47,600,000","41,600,000","39,700,000","52,100,000","48,500,000","35,700,000","28,800,000","47,800,000","41,500,000","31,400,000","34,000,000","34,700,000","34,400,000","24,200,000","21,700,000","27,200,000","31,100,000","30,800,000","19,500,000","-14,100,000","19,500,000","21,800,000","21,100,000","28,300,000","33,000,000","41,700,000","35,100,000","27,200,000","35,800,000","43,100,000","39,700,000","42,200,000","43,200,000","44,100,000","39,900,000","10,900,000","41,700,000","41,400,000","36,300,000","37,100,000","37,000,000","35,700,000","31,700,000","31,700,000","31,700,000","30,100,000","28,400,000","28,400,000","27,300,000","26,500,000","24,300,000","-6,100,000","23,400,000","25,000,000","24,000,000","6,900,000","22,700,000","24,400,000","23,600,000","22,800,000","21,700,000","23,800,000","22,300,000","21,700,000","20,800,000","22,400,000","21,100,000","20,300,000","19,100,000","20,900,000","19,200,000",,,,,,,,,,,,,,
	NetIncome,"467,500,000","180,200,000","83,000,000","108,500,000","95,800,000","77,700,000","80,900,000","107,100,000","88,200,000","75,000,000","101,900,000","130,700,000","96,000,000","72,300,000","88,000,000","113,600,000","100,300,000","58,300,000","20,400,000","80,800,000","79,100,000","62,800,000","64,400,000","86,700,000","81,000,000","60,900,000","61,500,000","73,300,000","80,100,000","62,400,000","81,300,000","89,600,000","90,200,000","64,200,000","82,000,000","96,500,000","82,100,000","65,900,000","71,900,000","87,100,000","77,500,000","63,200,000","70,000,000","82,400,000","65,200,000","50,300,000","49,700,000","71,300,000","57,600,000","38,600,000","49,600,000","57,300,000","39,400,000","33,800,000","46,300,000","66,500,000","61,500,000","48,400,000","48,000,000","65,300,000","53,300,000","41,700,000","29,200,000","47,600,000","41,600,000","39,700,000","52,100,000","48,500,000","35,700,000","28,800,000","47,800,000","41,500,000","31,400,000","34,000,000","34,700,000","34,400,000","24,200,000","21,700,000","27,200,000","31,100,000","30,800,000","19,500,000","-14,100,000","19,500,000","21,800,000","21,100,000","28,300,000","33,000,000","41,700,000","35,100,000","27,200,000","35,800,000","43,100,000","39,700,000","42,200,000","43,200,000","44,100,000","39,900,000","10,900,000","41,700,000","41,400,000","36,300,000","37,100,000","37,000,000","35,700,000","31,700,000","31,700,000","31,700,000","30,100,000","28,400,000","28,400,000","27,300,000","26,500,000","24,300,000","-6,100,000","23,400,000","25,000,000","24,000,000","6,900,000","22,700,000","24,400,000","23,600,000","22,800,000","21,700,000","23,800,000","22,300,000","21,700,000","20,800,000","22,400,000","21,100,000","20,300,000","19,100,000","20,900,000","19,200,000",,,,,,,,,,,,,,
		NetIncomeIncludingNoncontrollingInterests,"473,500,000","181,500,000","84,800,000","110,600,000","96,600,000","79,100,000","82,600,000","108,600,000","89,100,000","75,700,000","103,100,000","132,600,000","97,900,000","73,800,000","89,200,000","114,700,000","102,400,000","59,800,000","22,400,000","82,800,000","80,800,000","63,900,000","65,700,000","88,100,000","82,000,000","62,000,000","62,700,000","74,700,000","81,300,000","63,400,000","80,600,000","90,500,000","90,800,000","65,300,000","82,800,000","97,200,000","83,000,000","66,800,000","72,900,000","87,600,000","78,000,000","63,600,000","70,500,000","83,300,000","65,700,000","50,700,000","50,200,000","71,700,000","57,900,000","39,000,000","50,100,000","57,500,000","39,600,000","34,100,000","46,300,000","66,500,000","61,500,000","48,400,000","48,000,000","65,300,000","53,300,000","41,700,000","29,200,000","47,600,000","41,600,000","39,700,000","52,100,000","48,500,000","35,700,000","28,800,000","47,800,000","41,500,000","31,400,000","34,000,000","34,700,000","34,400,000","24,200,000","21,700,000","27,200,000","31,100,000","30,800,000","19,500,000","-14,100,000","19,500,000","21,800,000","21,100,000","28,300,000","33,000,000","41,700,000","35,100,000","27,200,000","35,800,000","43,100,000","39,700,000","42,200,000","43,200,000","44,100,000","39,900,000","10,900,000","41,700,000","41,400,000","36,300,000","37,100,000","37,000,000","35,700,000","31,700,000","31,700,000","31,700,000","30,100,000","28,400,000","28,400,000","27,300,000","26,500,000","24,300,000","-6,100,000","23,400,000","25,000,000","24,000,000","6,900,000","22,700,000","24,400,000","23,600,000","22,800,000","21,700,000","23,800,000","22,300,000","21,700,000","20,800,000","22,400,000","21,100,000","20,300,000","19,100,000","20,900,000","19,200,000","18,500,000","17,100,000","18,800,000","17,000,000","17,000,000","14,900,000","16,200,000","14,400,000","15,300,000","12,800,000","14,000,000","12,400,000","13,700,000","11,200,000"
			NetIncomeContinuousOperations,"400,200,000","103,800,000","84,800,000","110,600,000","96,600,000","79,100,000","82,600,000","108,600,000","89,100,000","75,700,000","103,100,000","132,600,000","97,900,000","73,800,000","89,200,000","114,700,000","102,400,000","59,800,000","22,400,000","82,800,000","80,800,000","63,900,000","65,700,000","88,100,000","82,000,000","62,000,000","62,700,000","74,700,000","81,300,000","63,400,000","80,600,000","90,500,000","90,800,000","65,300,000","82,800,000","97,200,000","83,000,000","66,800,000","72,900,000","87,600,000","78,000,000","63,600,000","70,500,000","83,300,000","65,700,000","50,700,000","50,200,000","71,700,000","57,900,000","39,000,000","50,100,000","57,500,000","39,600,000","34,100,000","46,300,000","66,500,000","61,500,000","48,400,000","48,000,000","65,300,000","53,300,000","41,700,000","29,200,000","47,600,000","41,600,000","39,700,000","52,100,000","48,500,000","35,700,000","28,800,000","47,800,000","41,500,000","31,400,000","34,000,000","34,700,000","34,400,000","24,200,000","21,700,000","27,200,000","31,100,000","30,800,000","19,500,000","-14,100,000","19,500,000","21,800,000","21,100,000","28,300,000","33,000,000","41,700,000","35,100,000","27,200,000","35,800,000","43,100,000","39,700,000","42,200,000","43,200,000","44,100,000","39,900,000","10,900,000","41,700,000","41,400,000","36,300,000","37,100,000","37,000,000","35,700,000","31,700,000","31,700,000","31,700,000","30,100,000","28,400,000","28,400,000","27,300,000","26,500,000","24,300,000","-6,100,000","23,400,000","25,000,000","24,000,000","23,400,000","22,700,000","24,400,000","23,600,000","22,800,000","21,700,000","23,800,000","22,300,000","21,700,000","20,800,000","22,400,000","21,100,000","20,300,000","19,100,000","20,900,000","19,200,000","18,500,000","17,100,000","18,800,000","17,000,000","17,000,000","14,900,000","16,200,000","14,400,000","15,300,000","12,800,000","14,000,000","12,400,000","13,700,000","11,200,000"
			NetIncomeDiscontinuousOperations,,"77,700,000",,,,,,,,,,,,,,,,,,,,,,,,,,,,,,,,,,,,,,,,,,,,,,,,,,,,,,,,,,,,,,,,,,,,,,,,,,,,,,,,,,,,,,,,,,,,,,,,,,,,,,,,,,,,,,,,,,,,,,,,,,,,,,,,,,,,,,,,,,,,,,,,,,
			NetIncomeExtraordinary,,,,,,,,,,,,,,,,,,,,,,,,,,,,,,,,,,,,,,,,,,,,,,,,,,,,,,,,,,,,,,,,,,,,,,,,,,,,,,,"0",,,,,,,,,,,,,,,,,,,,,,,,,,,,,,,,,,,,,,,,,,,,,,,,,,,,,,,,,,,,,,,,,,,,,
		MinorityInterests,"-6,000,000","-1,300,000","-1,800,000","-2,100,000","-800,000","-1,400,000","-1,700,000","-1,500,000","-900,000","-700,000","-1,200,000","-1,900,000","-1,900,000","-1,500,000","-1,200,000","-1,100,000","-2,100,000","-1,500,000","-2,000,000","-2,000,000","-1,700,000","-1,100,000","-1,300,000","-1,400,000","-1,000,000","-1,100,000","-1,200,000","-1,400,000","-1,200,000","-1,000,000","700,000","-900,000","-600,000","-1,100,000","-800,000","-700,000","-900,000","-900,000","-1,000,000","-500,000","-500,000","-400,000","-500,000","-900,000","-500,000","-400,000","-500,000","-400,000","-300,000","-400,000","-500,000","-200,000","-200,000","-300,000",,,,,,,,,,,,,,,,,,,,,,,,,,,,,,,,,,,,,,,,,,,,,,,,,,,,,,,,,,,,,,,,,,,,,,,,,,,,,,,,,,,,,,,,,,,,,,
	PreferredStockDividends,,,,,,,,,,,,,,,,,,,,,,,,,,,,,,,,,,,,,,,,"300,000","300,000","200,000","300,000","200,000","300,000","200,000",,"300,000","200,000","200,000",,,,,,,,,,,,,,,,,,,,,,,,,,,,,,,,,,,,,,,,,,,,,,,,,,,,,,,,,,,,,,,,,,,,,,,,,,,,,,,,,,,,,,,,,,,,,,,,,,
	OtherunderPreferredStockDividend,"-34,300,000","500,000","-35,400,000","300,000","300,000","300,000","300,000","400,000","300,000","300,000","300,000","500,000","400,000","300,000","300,000","400,000","400,000","200,000","100,000","300,000","300,000","200,000","200,000","300,000","200,000","200,000","100,000","200,000","200,000","200,000","300,000","100,000","300,000","200,000","200,000","300,000","-300,000","200,000","200,000",,,,,,,,,,,,,,,,,,,,,,,,,,,,,,,,,,,,,,,,,,,,,,,,,,,,,,,,,,,,,,,,,,,,,,,,,,,,,,,,,,,,,,,,,,,,,,,,,,,,,,,,,,,,,
DilutedNIAvailtoComStockholders,"501,800,000","179,700,000","118,400,000","108,200,000","95,500,000","77,400,000","80,600,000","106,700,000","87,900,000","75,000,000","100,400,000","130,700,000","95,600,000","72,000,000","87,700,000","113,200,000","99,900,000","58,100,000","20,300,000","80,500,000","78,800,000","62,600,000","64,200,000","86,400,000","80,800,000","60,700,000","61,400,000","73,100,000","79,900,000","62,200,000","81,000,000","89,500,000","89,900,000","64,000,000","81,800,000","96,200,000","82,400,000","65,700,000","71,700,000","86,800,000","77,200,000","63,000,000","69,700,000","82,200,000","64,900,000","50,100,000","50,400,000","71,000,000","57,400,000","38,400,000","49,600,000","57,300,000","39,400,000","33,800,000","46,300,000","66,500,000","61,500,000","48,400,000","48,000,000","65,300,000","53,300,000","41,700,000","29,200,000","47,600,000","41,600,000","39,700,000","52,100,000","48,500,000","35,700,000","28,800,000","47,800,000","41,500,000","31,400,000","34,000,000","34,700,000","34,400,000","24,200,000","21,700,000","27,200,000","31,100,000","30,800,000","19,500,000","-14,100,000","19,500,000","21,800,000","21,100,000","28,300,000","33,000,000","41,700,000","35,100,000","27,200,000","35,800,000","43,100,000","39,700,000","42,200,000","43,200,000","44,100,000","39,900,000","10,900,000","41,700,000","41,400,000","36,300,000","37,100,000","37,000,000","35,700,000","31,700,000","31,700,000","31,700,000","30,100,000","28,400,000","28,400,000","27,300,000","26,500,000","24,300,000","-6,100,000","23,400,000","25,000,000","24,000,000","6,900,000","22,700,000","24,400,000","23,600,000","22,800,000","21,700,000","23,800,000","22,300,000","21,700,000","20,800,000","22,400,000","21,100,000","20,300,000","19,100,000","20,900,000","19,200,000",,,,,,,,,,,,,,
BasicEPS,,"3.32","2.15","1.99","1.76","1.43","1.49","1.97","1.62","1.38","1.87","2.4","1.76","1.32","1.61","2.07","1.83","1.06","0.37","1.47","1.44","1.13","1.16","1.56","1.46","1.08","1.06","1.27","1.39","1.07","1.39","1.52","1.53","1.08","1.39","1.63","1.38","1.11","1.21","1.47","1.31","1.06","1.18","1.38","1.08","0.83",,"1.19","0.96","0.64",,"1.01","0.7","0.6",,"1.19","1.1","0.86",,"1.12","0.9","0.7",,"0.79","0.68","0.66",,"0.8","0.58","0.47",,"0.68","0.52","0.56",,"0.57","0.41","0.37",,"0.53","0.52","0.33",,"0.33","0.37","0.36",,"0.55","0.67","0.55",,"0.55","0.66","0.61",,"0.66","0.67","0.6",,"0.62","0.62","0.54",,"0.56","0.275","0.24",,"0.24","0.225","0.215",,"0.205","0.2","0.186",,"0.176","0.19","0.181",,"0.171","0.186","0.176",,"0.159","0.172","0.159",,"0.143","0.151","0.147",,"0.128","0.144","0.128",,"0.106","0.118","0.106",,"0.094","0.098","0.09",,"0.082","0.09","0.082",,"0.071"
DilutedEPS,,"3.31","2.14","1.98","1.74","1.42","1.48","1.96","1.62","1.37","1.85","2.38","1.75","1.32","1.6","2.06","1.82","1.05","0.37","1.47","1.43","1.13","1.16","1.56","1.45","1.08","1.06","1.27","1.37","1.07","1.38","1.51","1.51","1.08","1.38","1.62","1.37","1.1","1.2","1.45","1.29","1.05","1.17","1.37","1.07","0.82",,"1.18","0.95","0.64",,"1.01","0.7","0.6",,"1.18","1.09","0.85",,"1.1","0.89","0.69",,"0.78","0.67","0.65",,"0.79","0.58","0.46",,"0.67","0.51","0.56",,"0.57","0.4","0.36",,"0.52","0.51","0.33",,"0.33","0.37","0.36",,"0.55","0.67","0.55",,"0.54","0.65","0.6",,"0.64","0.65","0.58",,"0.6","0.6","0.53",,"0.55","0.265","0.235",,"0.24","0.225","0.215",,"0.205","0.2","0.186",,"0.176","0.19","0.181",,"0.171","0.186","0.176",,"0.159","0.172","0.159",,"0.143","0.151","0.147",,"0.128","0.144","0.128",,"0.106","0.118","0.106",,"0.09","0.098","0.09",,"0.078","0.086","0.078",,"0.067"
BasicAverageShares,,"54,100,000","54,400,000","54,300,000","54,300,000","54,200,000","54,200,000","54,200,000","54,100,000","54,300,000","54,300,000","54,300,000","54,300,000","54,400,000","54,500,000","54,600,000","54,700,000","54,700,000","54,600,000","54,600,000","54,800,000","55,200,000","55,300,000","55,300,000","55,300,000","56,300,000","57,700,000","57,700,000","57,700,000","58,000,000","58,400,000","58,900,000","59,000,000","59,000,000","59,000,000","59,100,000","59,100,000","59,100,000","59,100,000","59,100,000","59,100,000","59,200,000","58,900,000","59,300,000","60,000,000","60,400,000",,"59,800,000","59,800,000","60,312,500",,"56,400,000","56,400,000","56,400,000",,"55,900,000","55,800,000","56,400,000",,"58,300,000","59,400,000","59,700,000",,"60,300,000","60,700,000","60,500,000",,"60,700,000","61,000,000","61,276,596",,"61,029,412","60,384,615","60,714,286",,"60,350,877","59,024,390","58,648,649",,"58,679,245","59,230,769","59,090,909",,"59,090,909","58,918,919","58,611,111",,"60,000,000","62,238,806","63,818,182",,"65,090,909","65,303,030","65,081,967",,"65,454,545","65,820,896","66,500,000",,"67,258,065","66,774,194","67,222,222",,"66,071,429","65,946,000","65,928,000",,"65,822,000","65,838,000","65,948,000",,"62,734,000","62,688,000","62,644,000",,"62,488,000","62,460,000","62,404,000",,"62,320,000","62,426,000","62,394,000",,"62,260,000","62,240,000","62,164,000",,"62,056,000","62,136,000","62,000,000",,"59,186,000","65,698,000","63,732,000",,"63,030,000","47,070,000","46,890,000",,"46,890,000","46,464,000","44,368,000",,"44,368,000","43,190,000","43,190,000",,"43,060,000"
DilutedAverageShares,,"54,400,000","54,800,000","54,700,000","54,700,000","54,700,000","54,600,000","54,500,000","54,300,000","54,600,000","54,700,000","54,600,000","54,600,000","54,600,000","54,700,000","54,900,000","54,900,000","55,100,000","55,000,000","54,900,000","55,100,000","55,600,000","55,600,000","55,500,000","55,600,000","56,500,000","58,000,000","57,900,000","58,000,000","58,300,000","58,800,000","59,400,000","59,400,000","59,500,000","59,500,000","59,500,000","59,600,000","59,600,000","59,600,000","59,700,000","59,700,000","59,900,000","59,500,000","59,900,000","60,800,000","61,200,000",,"60,200,000","60,200,000","60,312,500",,"56,700,000","56,600,000","56,500,000",,"56,400,000","56,400,000","57,000,000",,"59,200,000","60,200,000","60,400,000",,"61,100,000","61,600,000","61,200,000",,"61,500,000","61,900,000","62,700,000",,"61,900,000","61,600,000","61,200,000",,"60,700,000","59,900,000","59,800,000",,"59,600,000","59,900,000","59,500,000",,"59,090,909","58,918,919","58,611,111",,"60,000,000","62,238,806","63,818,182",,"66,296,296","66,307,692","66,166,667",,"67,500,000","67,846,154","68,793,103",,"69,500,000","69,000,000","68,490,566",,"67,272,727","65,946,000","65,928,000",,"65,822,000","65,838,000","65,948,000",,"62,734,000","62,688,000","62,644,000",,"62,488,000","62,460,000","62,404,000",,"62,320,000","62,426,000","62,394,000",,"62,260,000","62,240,000","62,164,000",,"62,056,000","62,136,000","62,000,000",,"59,186,000","65,698,000","63,732,000",,"63,030,000","47,070,000","46,890,000",,"46,890,000","46,464,000","44,368,000",,"44,368,000","43,190,000","43,190,000",,"43,060,000"
TotalOperatingIncomeAsReported,"565,300,000","142,900,000","106,700,000","155,300,000","152,700,000","117,600,000","119,800,000","162,900,000","131,500,000","118,800,000","135,900,000","172,900,000","166,900,000","120,900,000","136,600,000","163,800,000","156,900,000","99,600,000","122,600,000","146,400,000","130,600,000","104,100,000","107,800,000","136,000,000","132,100,000","101,900,000","111,900,000","131,000,000","126,700,000","105,000,000","126,100,000","142,800,000","143,700,000","104,800,000","126,200,000","151,600,000","132,100,000","97,700,000","110,500,000","135,100,000","124,500,000","101,700,000","109,800,000","125,300,000","105,100,000","83,600,000","91,000,000","117,600,000","93,500,000","65,700,000","79,500,000","91,300,000","66,600,000","57,300,000","72,400,000","103,300,000","95,000,000","75,300,000","68,600,000","88,900,000","78,000,000","63,900,000","41,700,000","72,900,000","61,400,000","57,900,000","58,200,000","73,300,000","52,900,000","42,400,000","52,100,000","61,900,000","47,500,000","51,100,000","51,300,000","50,900,000","35,900,000","33,800,000","32,100,000","44,300,000","35,800,000","26,300,000","-27,600,000","25,700,000","28,500,000","29,900,000","37,700,000","46,100,000","19,700,000","44,600,000","37,700,000","40,200,000","55,900,000","51,800,000","55,200,000","57,600,000","60,200,000","53,100,000","59,200,000","57,000,000","57,500,000","50,000,000","52,200,000","51,300,000","50,300,000","43,800,000","42,800,000","43,000,000","40,800,000","38,300,000","38,600,000","36,300,000","35,200,000","30,400,000","-19,800,000","29,400,000","30,800,000","29,900,000","29,300,000","28,200,000","30,700,000","29,700,000","29,700,000","28,400,000","31,500,000","28,900,000","27,800,000","26,900,000","29,600,000","27,000,000","27,700,000","24,700,000",,,,,,,,,,,,,,,,
TotalExpenses,"3,828,600,000","1,013,200,000","603,600,000","1,058,300,000","1,039,100,000","960,800,000","918,100,000","945,700,000","817,700,000","971,500,000","967,400,000","1,031,100,000","1,029,500,000","966,400,000","1,007,500,000","1,015,900,000","1,009,800,000","891,600,000","795,100,000","804,100,000","817,700,000","748,200,000","746,400,000","771,400,000","776,700,000","732,900,000","717,800,000","746,000,000","747,300,000","704,700,000","722,700,000","752,500,000","712,100,000","654,700,000","680,400,000","684,300,000","669,200,000","642,400,000","642,000,000","654,600,000","653,900,000","622,100,000","630,200,000","639,000,000","604,100,000","574,500,000","548,300,000","567,400,000","552,900,000","504,800,000","512,400,000","502,600,000","517,600,000","528,300,000","579,700,000","631,500,000","594,600,000","552,600,000","546,100,000","563,800,000","562,800,000","561,800,000","547,300,000","576,100,000","541,800,000","515,100,000","477,500,000","487,800,000","467,600,000","445,200,000","447,700,000","463,200,000","455,400,000","414,100,000","393,300,000","406,400,000","413,400,000","385,600,000","394,100,000","401,500,000","378,300,000","275,400,000","328,800,000","300,000,000","312,700,000","299,700,000","308,400,000","314,700,000","336,900,000","316,100,000","305,600,000","332,200,000","312,700,000","315,700,000","295,600,000","304,000,000","312,300,000","286,600,000","290,200,000","294,800,000","295,400,000","274,700,000","278,900,000","281,500,000","278,600,000","260,800,000","239,900,000","244,000,000","254,200,000","240,100,000","238,600,000","231,200,000","226,700,000","176,600,000","231,500,000","182,100,000","180,500,000","168,100,000","171,300,000","174,100,000","164,700,000","158,000,000","155,200,000","163,600,000","165,500,000","153,300,000","148,100,000","159,900,000","153,500,000","146,700,000","146,700,000","139,600,000",,,,,,,,,,,,,,,,
NetIncomeFromContinuingAndDiscontinuedOperation,"467,500,000","180,200,000","83,000,000","108,500,000","95,800,000","77,700,000","80,900,000","107,100,000","88,200,000","75,000,000","101,900,000","130,700,000","96,000,000","72,300,000","88,000,000","113,600,000","100,300,000","58,300,000","20,400,000","80,800,000","79,100,000","62,800,000","64,400,000","86,700,000","81,000,000","60,900,000","61,500,000","73,300,000","80,100,000","62,400,000","81,300,000","89,600,000","90,200,000","64,200,000","82,000,000","96,500,000","82,100,000","65,900,000","71,900,000","87,100,000","77,500,000","63,200,000","70,000,000","82,400,000","65,200,000","50,300,000","49,700,000","71,300,000","57,600,000","38,600,000","49,600,000","57,300,000","39,400,000","33,800,000","46,300,000","66,500,000","61,500,000","48,400,000","48,000,000","65,300,000","53,300,000","41,700,000","29,200,000","47,600,000","41,600,000","39,700,000","52,100,000","48,500,000","35,700,000","28,800,000","47,800,000","41,500,000","31,400,000","34,000,000","34,700,000","34,400,000","24,200,000","21,700,000","27,200,000","31,100,000","30,800,000","19,500,000","-14,100,000","19,500,000","21,800,000","21,100,000","28,300,000","33,000,000","41,700,000","35,100,000","27,200,000","35,800,000","43,100,000","39,700,000","42,200,000","43,200,000","44,100,000","39,900,000","10,900,000","41,700,000","41,400,000","36,300,000","37,100,000","37,000,000","35,700,000","31,700,000","31,700,000","31,700,000","30,100,000","28,400,000","28,400,000","27,300,000","26,500,000","24,300,000","-6,100,000","23,400,000","25,000,000","24,000,000","23,400,000","22,700,000","24,400,000","23,600,000","22,800,000","21,700,000","23,800,000","22,300,000","21,700,000","20,800,000","22,400,000","21,100,000","20,300,000","19,100,000","20,900,000","19,200,000",,,,,,,,,,,,,,
NormalizedIncome,"413,291,666.667","102,500,000","83,000,000","108,578,700","115,553,200","77,700,000","80,900,000","107,100,000","88,200,000","75,000,000","100,718,563.789","113,578,700","96,000,000","72,300,000","87,922,231.909","113,600,000","100,300,000","58,300,000","19,860,000","87,567,000","79,100,000","62,800,000","64,400,000","86,700,000","81,000,000","60,900,000","61,500,000","73,300,000","80,100,000","62,400,000","81,300,000","89,600,000","90,200,000","64,200,000","82,000,000","96,500,000","82,100,000","65,900,000","70,543,388.834","86,353,023.256","78,373,385.013","63,132,769.556","69,515,701.668","82,400,000","66,364,650.678","51,738,783.784","60,536,123.348","71,693,956.044","57,938,596.491","38,938,541.667","50,672,039.943","57,094,398.093","40,222,145.329","33,663,052.209","44,710,920.437","67,055,903.866","62,194,915.254","49,164,942.529","47,626,168.224","64,614,235.706","52,447,200","41,840,640.809","33,114,209.115","49,205,278.592","42,227,135.678","40,546,181.172","55,660,791.367","47,603,129.445","35,700,000","28,437,279.597","49,083,884.298","41,358,843.537","37,987,412.587","34,864,406.78","34,108,102.345","33,660,215.054","26,346,177.37","22,736,860.068","32,874,820.144","28,097,772.277","29,880,597.015","19,037,549.407","4,080,000","17,264,822.134","19,263,272.727","20,950,354.61","25,137,988.827","29,892,376.682","11,607,978.723","29,990,506.329","25,273,024.523","26,332,231.405","38,294,682.676","35,700,373.134","39,201,776.199","40,684,931.507","41,633,881.579","37,288,363.636","39,520,000","38,551,510.067","39,018,274.112","33,782,080.925","35,468,451.243","34,940,499.04","34,138,568.588","29,638,789.238","29,800,921.659","29,947,004.608","28,127,427.184","26,355,784.062","27,961,953.728","24,818,181.818","24,333,787.466","21,410,670.732","-8,620,000","20,660,126.582","22,115,384.615","21,481,481.481","20,808,000","20,249,841.27","22,024,778.761","21,369,512.195","20,701,840.491","19,810,000","21,980,000","20,063,009.404","19,004,777.07","18,381,395.349","20,256,790.123","18,617,647.059","18,806,354.515","16,720,996.441","20,900,000","19,200,000",,,,,,,,,,,,,,
InterestExpense,"52,600,000","13,100,000","13,300,000","13,500,000","12,700,000","15,200,000","14,500,000","15,000,000","15,700,000","15,100,000","17,700,000","17,000,000","17,200,000","17,500,000","17,900,000","18,400,000","18,800,000","17,300,000","10,600,000","11,600,000","11,600,000","11,100,000","11,500,000","11,600,000","11,300,000","9,000,000","8,300,000","7,600,000","7,400,000","7,700,000","9,200,000","7,500,000","7,000,000","7,500,000","8,800,000","7,400,000","7,300,000","7,300,000","7,500,000","7,200,000","7,100,000","7,200,000",,"7,300,000","7,500,000",,,,,"7,600,000",,"7,700,000",,,,,,,,,,,,,,,,,,,,,,,,,,,,,,,,,,,,,,,,,,,,,,,,,,,,,,,,,,,,,,,,,,,,,,,,,,,,,,,,,,,,,,,,,,,,,,,,
NetInterestIncome,"-52,600,000","-13,100,000","-13,300,000","-13,500,000","-12,700,000","-15,200,000","-14,500,000","-15,000,000","-15,700,000","-15,100,000","-17,700,000","-17,000,000","-17,200,000","-17,500,000","-17,900,000","-18,400,000","-18,800,000","-17,300,000","-10,600,000","-11,600,000","-11,600,000","-11,100,000","-11,500,000","-11,600,000","-11,300,000","-9,000,000","-8,300,000","-7,600,000","-7,400,000","-7,700,000","-9,200,000","-7,500,000","-7,000,000","-7,500,000","-8,800,000","-7,400,000","-7,300,000","-7,300,000","-9,300,000","-7,200,000","-7,100,000","-7,200,000","-8,600,000","-7,300,000","-7,500,000","-7,500,000","-8,200,000","-7,800,000","-7,500,000","-7,600,000","-7,900,000","-7,700,000","-7,600,000","-7,700,000",,,,,,,,,,,,,,,,,,,,,,,,,,,,,,,,,,,,,,,,,,,,,,,,,,,,,,,,,,,,,,,,,,,,,,,,,,,,,,,,,,,,,,,,,,,,,,
EBIT,"549,400,000","146,500,000","115,200,000","154,000,000","128,100,000","116,700,000","116,100,000","154,000,000","128,700,000","115,000,000","148,600,000","185,000,000","140,800,000","115,500,000","132,600,000","160,900,000","152,800,000","93,100,000","122,500,000","135,200,000","128,300,000","102,000,000","109,400,000","135,700,000","128,100,000","100,600,000","99,000,000","122,700,000","125,400,000","102,400,000","127,400,000","142,300,000","143,400,000","103,600,000","125,300,000","150,700,000","130,100,000","98,500,000","111,300,000","135,100,000","124,500,000","101,700,000","106,700,000","125,300,000","105,100,000","83,600,000","74,700,000","117,600,000","93,500,000","65,700,000","77,300,000","91,300,000","66,600,000","57,300,000","71,700,000","103,300,000","95,000,000","75,300,000","68,600,000","88,900,000","78,000,000","63,900,000","41,700,000","72,900,000","61,400,000","57,900,000","58,200,000","73,300,000","52,900,000","42,400,000","52,100,000","61,900,000","47,500,000","51,100,000","51,300,000","50,900,000","35,900,000","33,800,000","32,100,000","44,300,000","35,800,000","26,300,000","11,782,200,000","25,700,000","28,500,000","44,400,000","37,700,000","46,100,000","19,700,000","44,600,000","37,700,000","40,200,000","55,900,000","51,800,000","55,200,000","57,600,000","60,200,000","53,100,000","59,200,000","57,000,000","57,500,000","50,000,000","52,200,000","51,300,000","50,300,000","43,800,000","42,800,000","43,000,000","40,800,000","38,300,000","38,600,000","36,300,000","35,200,000","30,400,000","-19,800,000","29,400,000","30,800,000","29,900,000","29,300,000","28,200,000","30,700,000","29,700,000","29,700,000","28,400,000","31,500,000","28,900,000","27,800,000","26,900,000","29,600,000","27,000,000","27,700,000","24,700,000","168,000,000","161,800,000","-362,100,000","151,000,000","157,000,000","151,400,000","-344,600,000","146,000,000","147,500,000","140,800,000","-335,300,000","136,600,000","141,800,000","138,800,000","-311,500,000","136,500,000"
EBITDA,"693,900,000"
ReconciledCostOfRevenue,"3,181,500,000","833,000,000","509,700,000","883,300,000","861,000,000","788,600,000","752,200,000","779,000,000","668,700,000","776,800,000","777,300,000","842,000,000","839,000,000","780,000,000","823,500,000","830,700,000","818,800,000","708,300,000","629,200,000","643,600,000","653,600,000","590,500,000","595,600,000","618,700,000","615,300,000","574,900,000","565,800,000","585,900,000","589,900,000","557,000,000","573,500,000","599,100,000","563,300,000","514,500,000","535,700,000","544,600,000","529,300,000","503,800,000","502,700,000","521,200,000","518,600,000","489,700,000","503,700,000","512,000,000","479,300,000","452,900,000","432,500,000","449,800,000","435,400,000","394,800,000","400,100,000","401,000,000","410,000,000","418,600,000","466,200,000","514,600,000","479,700,000","440,500,000","433,800,000","458,100,000","453,500,000","452,700,000","437,400,000","468,100,000","437,500,000","414,500,000","384,700,000","396,900,000","377,400,000","350,900,000","358,200,000","377,700,000","362,700,000","332,500,000","316,800,000","329,100,000","333,600,000","309,700,000","315,000,000","330,400,000","308,000,000","225,300,000","238,600,000","245,700,000","256,300,000","243,100,000","241,300,000","246,900,000","268,900,000","243,000,000","239,700,000","260,600,000","243,500,000","246,300,000","234,300,000","238,500,000","242,900,000","222,600,000","231,700,000","232,100,000","228,400,000","212,900,000","221,200,000","222,100,000","218,800,000","207,500,000","187,400,000","190,800,000","200,700,000","188,100,000","187,000,000","179,700,000","173,800,000","134,200,000","137,100,000","138,800,000","137,000,000","126,600,000","127,300,000","132,900,000","123,600,000","117,700,000","118,200,000","124,400,000","125,700,000","118,000,000","114,700,000","124,500,000","117,700,000","112,800,000","112,900,000","108,300,000",,,,,,,,,,,,,,,,
ReconciledDepreciation,"144,500,000","34,700,000","26,500,000","39,100,000","40,900,000","42,600,000","40,600,000","39,400,000","38,700,000","38,900,000","39,900,000","37,400,000","37,100,000","36,600,000","35,600,000","36,500,000","36,300,000","40,000,000","23,800,000","25,600,000","26,200,000","24,200,000","23,700,000","22,700,000","23,200,000","22,700,000","21,600,000","20,700,000","21,200,000","21,700,000","20,200,000","20,100,000","20,000,000","18,900,000","18,100,000","18,100,000","17,200,000","17,200,000","17,600,000","16,200,000","16,800,000","16,200,000","16,500,000","16,900,000","17,200,000","17,600,000","17,700,000","18,000,000","18,500,000","18,300,000","19,500,000","16,700,000","17,300,000","17,100,000","16,700,000","16,000,000","15,300,000","15,100,000","15,400,000","14,900,000","15,000,000","14,900,000","14,200,000","14,300,000","14,000,000","12,900,000","13,700,000","12,300,000","12,400,000","12,000,000","11,400,000","11,800,000","12,600,000","13,100,000","13,000,000","13,200,000","13,400,000","13,000,000","9,800,000","14,100,000","14,600,000","11,300,000","10,100,000","14,000,000","14,400,000","14,500,000","13,600,000","13,500,000","13,300,000","14,500,000","9,600,000","14,400,000","14,600,000","14,200,000","10,000,000","12,200,000","13,200,000","12,700,000","6,600,000","11,600,000","13,300,000","11,700,000","6,500,000","10,900,000","11,100,000","10,800,000","6,300,000","9,800,000","10,300,000","9,800,000","5,800,000","9,500,000","10,400,000","8,300,000","6,200,000","8,100,000","8,100,000","7,700,000","5,900,000","6,800,000","6,900,000","7,200,000","3,900,000","6,300,000","6,300,000","5,700,000","3,400,000","4,400,000","5,000,000","4,900,000","3,500,000","4,400,000",,,,,,,,,,,,,,,,
NetIncomeFromContinuingOperationNetMinorityInterest,"394,200,000","102,500,000","83,000,000","108,500,000","95,800,000","77,700,000","80,900,000","107,100,000","88,200,000","75,000,000","101,900,000","130,700,000","96,000,000","72,300,000","88,000,000","113,600,000","100,300,000","58,300,000","20,400,000","80,800,000","79,100,000","62,800,000","64,400,000","86,700,000","81,000,000","60,900,000","61,500,000","73,300,000","80,100,000","62,400,000","81,300,000","89,600,000","90,200,000","64,200,000","82,000,000","96,500,000","82,100,000","65,900,000","71,900,000","87,100,000","77,500,000","63,200,000","70,000,000","82,400,000","65,200,000","50,300,000","49,700,000","71,300,000","57,600,000","38,600,000","49,600,000","57,300,000","39,400,000","33,800,000","46,300,000","66,500,000","61,500,000","48,400,000","48,000,000","65,300,000","53,300,000","41,700,000","29,200,000","47,600,000","41,600,000","39,700,000","52,100,000","48,500,000","35,700,000","28,800,000","47,800,000","41,500,000","31,400,000","34,000,000","34,700,000","34,400,000","24,200,000","21,700,000","27,200,000","31,100,000","30,800,000","19,500,000","-14,100,000","19,500,000","21,800,000","21,100,000","28,300,000","33,000,000","41,700,000","35,100,000","27,200,000","35,800,000","43,100,000","39,700,000","42,200,000","43,200,000","44,100,000","39,900,000","10,900,000","41,700,000","41,400,000","36,300,000","37,100,000","37,000,000","35,700,000","31,700,000","31,700,000","31,700,000","30,100,000","28,400,000","28,400,000","27,300,000","26,500,000","24,300,000","-6,100,000","23,400,000","25,000,000","24,000,000","23,400,000","22,700,000","24,400,000","23,600,000","22,800,000","21,700,000","23,800,000","22,300,000","21,700,000","20,800,000","22,400,000","21,100,000","20,300,000","19,100,000","20,900,000","19,200,000",,,,,,,,,,,,,,
TotalUnusualItemsExcludingGoodwill,"-23,700,000",,"0","-100,000","-23,600,000",,"0","0",,,"1,500,000","21,700,000",,,"100,000","0",,,"900,000","-10,100,000",,,,,,,,,,,,,,,,,,,"1,900,000","1,100,000","-1,300,000","100,000","700,000","0","-1,700,000","-2,100,000","-14,700,000","-600,000","-500,000","-500,000","-1,500,000","300,000","-1,200,000","200,000","2,200,000","-800,000","-1,000,000","-1,100,000","500,000","900,000","1,200,000","-200,000","-5,000,000","-2,300,000","-900,000","-1,200,000","-3,800,000","1,300,000",,"500,000","-1,300,000","200,000","-9,000,000","-1,200,000","800,000","1,000,000","-2,900,000","-1,400,000","-5,800,000","3,900,000","1,000,000","600,000","-30,300,000","2,900,000","3,200,000","200,000","4,000,000","4,200,000","40,700,000","6,900,000","2,600,000","12,800,000","6,500,000","5,400,000","4,000,000","3,400,000","3,400,000","3,600,000","-47,700,000","4,500,000","3,400,000","3,600,000","2,300,000","2,900,000","2,200,000","2,900,000","2,600,000","2,400,000","2,700,000","2,800,000","600,000","3,400,000","3,000,000","3,900,000","4,200,000","3,700,000","3,900,000","3,400,000","3,600,000","3,400,000","3,300,000","3,100,000","3,000,000","2,700,000","2,600,000","3,200,000","3,900,000","3,500,000","3,100,000","3,600,000","2,200,000","3,500,000",,,,,,,,,,,,,,,,
TotalUnusualItems,"-23,700,000",,"0","-100,000","-23,600,000",,"0","0",,,"1,500,000","21,700,000",,,"100,000","0",,,"900,000","-10,100,000",,,,,,,,,,,,,,,,,,,"1,900,000","1,100,000","-1,300,000","100,000","700,000","0","-1,700,000","-2,100,000","-14,700,000","-600,000","-500,000","-500,000","-1,500,000","300,000","-1,200,000","200,000","2,200,000","-800,000","-1,000,000","-1,100,000","500,000","900,000","1,200,000","-200,000","-5,000,000","-2,300,000","-900,000","-1,200,000","-3,800,000","1,300,000",,"500,000","-1,300,000","200,000","-9,000,000","-1,200,000","800,000","1,000,000","-2,900,000","-1,400,000","-5,800,000","3,900,000","1,000,000","600,000","-30,300,000","2,900,000","3,200,000","200,000","4,000,000","4,200,000","40,700,000","6,900,000","2,600,000","12,800,000","6,500,000","5,400,000","4,000,000","3,400,000","3,400,000","3,600,000","-47,700,000","4,500,000","3,400,000","3,600,000","2,300,000","2,900,000","2,200,000","2,900,000","2,600,000","2,400,000","2,700,000","2,800,000","600,000","3,400,000","3,000,000","3,900,000","4,200,000","3,700,000","3,900,000","3,400,000","3,600,000","3,400,000","3,300,000","3,100,000","3,000,000","2,700,000","2,600,000","3,200,000","3,900,000","3,500,000","3,100,000","3,600,000","2,200,000","3,500,000",,,,,,,,,,,,,,,,
NormalizedEBITDA,"717,600,000","181,200,000","141,700,000","193,200,000","192,600,000","159,300,000","156,700,000","193,400,000","167,400,000","153,900,000","187,000,000","200,700,000","177,900,000","152,100,000","168,100,000","197,400,000","189,100,000","133,100,000","145,400,000","170,900,000","154,500,000","126,200,000","133,100,000","158,400,000","151,300,000","123,300,000","120,600,000","143,400,000","146,600,000","124,100,000","147,600,000","162,400,000","163,400,000","122,500,000","143,400,000","168,800,000","147,300,000","115,700,000","127,000,000","150,200,000","142,600,000","117,800,000","122,500,000","142,200,000","124,000,000","103,300,000","107,100,000","136,200,000","112,500,000","84,500,000","98,300,000","107,700,000","85,100,000","74,200,000","86,200,000","120,100,000","111,300,000","91,500,000","83,500,000","102,900,000","91,800,000","79,000,000","60,900,000","89,500,000","76,300,000","72,000,000","75,700,000","84,300,000","65,300,000","53,900,000","64,800,000","73,500,000","69,100,000","65,400,000","63,500,000","63,100,000","52,200,000","48,200,000","47,700,000","54,500,000","49,400,000","37,000,000","11,822,600,000","36,800,000","39,700,000","58,700,000","47,300,000","55,400,000","-7,700,000","52,200,000","44,700,000","41,800,000","64,000,000","60,600,000","61,200,000","66,400,000","70,000,000","62,200,000","113,500,000","64,100,000","67,400,000","58,100,000","56,400,000","59,300,000","59,200,000","51,700,000","46,500,000","50,400,000","48,400,000","45,300,000","43,800,000","42,400,000","42,600,000","34,800,000","-17,800,000","33,800,000","35,000,000","34,200,000","31,600,000","31,800,000","34,500,000","33,800,000","30,600,000","32,000,000","35,200,000","31,400,000","27,300,000","27,800,000","31,500,000","28,300,000","29,000,000","25,600,000","168,000,000","161,800,000","-362,100,000","151,000,000","157,000,000","151,400,000","-344,600,000","146,000,000","147,500,000","140,800,000","-335,300,000","136,600,000","141,800,000","138,800,000","-311,500,000","136,500,000"
TaxRateForCalcs,"0.194","0.222","0.168","0.213","0.163","0.221","0.187","0.219","0.212","0.242","0.212","0.211","0.208","0.247","0.222","0.195","0.236","0.211","0.4","0.33","0.308","0.297","0.329","0.29","0.298","0.323","0.309","0.351","0.311","0.331","0.318","0.329","0.334","0.32","0.289","0.322","0.324","0.268","0.286","0.321","0.328","0.328","0.308","0.294","0.315","0.315","0.263","0.343","0.323","0.323","0.285","0.315","0.315","0.315","0.278","0.305","0.305","0.305","0.252","0.238","0.289","0.297","0.217","0.302","0.303","0.295","0.063","0.31","0.287","0.275","0.012","0.294","0.268","0.28","0.26","0.26","0.26","0.259","0.022","0.23","0.081","0.229","0.4","0.229","0.207","0.252","0.209","0.26","0.261","0.259","0.259","0.26","0.261","0.259","0.25","0.26","0.275","0.275","0.4","0.3","0.299","0.301","0.291","0.29","0.29","0.289","0.27","0.27","0.269","0.27","0.27","0.27","0.278","0.259","0.4","0.259","0.26","0.259","0.28","0.279","0.28","0.28","0.301","0.3","0.3","0.301","0.309","0.309","0.309","0.31","0.321","0.32","0.4","0.4",,,,,,,,,,,,,,
TaxEffectOfUnusualItems,"-4,608,333.333","0","0","-21,300","-3,846,800","0","0","0","0","0","318,563.789","4,578,700","0","0","22,231.909","0","0","0","360,000","-3,333,000","0","0","0","0","0","0","0","0","0","0","0","0","0","0","0","0","0","0","543,388.834","353,023.256","-426,614.987","32,769.556","215,701.668","0","-535,349.322","-661,216.216","-3,863,876.652","-206,043.956","-161,403.509","-161,458.333","-427,960.057","94,398.093","-377,854.671","63,052.209","610,920.437","-244,096.134","-305,084.746","-335,057.471","126,168.224","214,235.706","347,200","-59,359.191","-1,085,790.885","-694,721.408","-272,864.322","-353,818.828","-239,208.633","403,129.445","0","137,279.597","-16,115.702","58,843.537","-2,412,587.413","-335,593.22","208,102.345","260,215.054","-753,822.63","-363,139.932","-125,179.856","897,772.277","80,597.015","137,549.407","-12,120,000","664,822.134","663,272.727","50,354.61","837,988.827","1,092,376.682","10,607,978.723","1,790,506.329","673,024.523","3,332,231.405","1,694,682.676","1,400,373.134","1,001,776.199","884,931.507","933,881.579","988,363.636","-19,080,000","1,351,510.067","1,018,274.112","1,082,080.925","668,451.243","840,499.04","638,568.588","838,789.238","700,921.659","647,004.608","727,427.184","755,784.062","161,953.728","918,181.818","833,787.466","1,010,670.732","1,680,000","960,126.582","1,015,384.615","881,481.481","1,008,000","949,841.27","924,778.761","869,512.195","901,840.491","810,000","780,000","963,009.404","1,204,777.07","1,081,395.349","956,790.123","1,117,647.059","706,354.515","1,120,996.441","0","0",,,,,,,,,,,,,,