name,ttm,03/31/2022,12/31/2021,09/30/2021,06/30/2021,03/31/2021,12/31/2020,09/30/2020,06/30/2020,03/31/2020,12/31/2019,09/30/2019,06/30/2019,03/31/2019,12/31/2018,09/30/2018,06/30/2018,03/31/2018,12/31/2017,09/30/2017,06/30/2017,03/31/2017,12/31/2016,09/30/2016,06/30/2016,03/31/2016,12/31/2015,09/30/2015,06/30/2015,03/31/2015,12/31/2014,09/30/2014,06/30/2014,03/31/2014,12/31/2013,09/30/2013,06/30/2013,03/31/2013,12/31/2012,09/30/2012,06/30/2012,03/31/2012,12/31/2011,09/30/2011,06/30/2011,03/31/2011,12/31/2010,09/30/2010,06/30/2010,03/31/2010,12/31/2009,09/30/2009,06/30/2009,03/31/2009,12/31/2008,09/30/2008,06/30/2008,03/31/2008,12/31/2007,09/30/2007,06/30/2007,03/31/2007,12/31/2006,09/30/2006,06/30/2006,03/31/2006,12/31/2005,09/30/2005,06/30/2005,03/31/2005,12/31/2004,09/30/2004,06/30/2004
TotalRevenue,"986,586,000","264,775,000","260,736,000","227,697,000","233,378,000","205,147,000","200,101,000","208,164,000","220,827,000","241,922,000","255,199,000","242,925,000","244,288,000","223,062,000","228,680,000","219,744,000","218,277,000","211,298,000","205,240,000","194,358,000","202,348,000","205,799,000","195,200,000","202,493,000","203,241,000","197,050,000","91,745,000","227,237,000","245,033,000","205,008,000","212,099,000","216,728,000","230,546,000","229,834,000","227,610,000","192,277,000","188,530,000","179,372,000","194,709,000","175,358,000","159,225,000","152,433,000","155,236,000","173,066,000","173,505,000","156,087,000","158,913,000","158,302,000","156,608,000","151,566,000","136,418,000","186,880,000","178,993,000","177,249,000","179,841,000","185,355,000","155,973,000","151,007,000","147,396,000","145,337,000","129,176,000","126,044,000","96,717,000","83,115,000","74,460,000","67,626,000","60,475,000","59,149,000","55,208,000","51,130,000","44,883,322","40,333,611","44,347,034"
	OperatingRevenue,"962,476,000","260,049,000","248,294,000","224,007,000","230,126,000","203,213,000","198,347,000","205,304,000","217,857,000","222,619,000","232,269,000","219,289,000","220,754,000","204,445,000","205,454,000","198,448,000","197,544,000","193,679,000","185,927,000","176,376,000","181,418,000","188,849,000","178,124,000","183,400,000","184,259,000","180,489,000","77,632,000","209,881,000","223,644,000","187,853,000","193,147,000","198,049,000","209,405,000","210,731,000","211,344,000","174,735,000","170,407,000","164,036,000","138,945,000","175,358,000","159,225,000","152,433,000","155,236,000","173,066,000","173,505,000","156,087,000","158,913,000","158,302,000","156,608,000","151,566,000","136,418,000","186,880,000","178,993,000","177,249,000","179,841,000","185,355,000","155,973,000","151,007,000","147,396,000","145,337,000","129,176,000","126,044,000","96,717,000","83,115,000","74,460,000","67,626,000","60,475,000","59,149,000","55,208,000","51,130,000","44,883,322","40,333,611","44,347,034"
CostOfRevenue,"700,030,000","192,003,000","185,369,000","157,816,000","164,842,000","150,118,000","143,030,000","148,299,000","152,380,000","175,637,000","175,959,000","166,605,000","165,285,000","156,449,000","155,794,000","149,842,000","148,489,000","150,335,000","131,156,000","131,854,000","134,622,000","132,610,000","131,248,000","127,310,000","122,263,000","128,484,000","49,943,000","132,690,000","146,960,000","142,254,000","141,248,000","148,550,000","145,188,000","143,041,000","144,775,000","123,618,000","120,987,000","121,479,000","117,835,000","103,475,000","107,605,000","111,741,000","101,539,000","112,403,000","111,445,000","107,734,000","104,441,000","101,056,000","103,969,000","108,218,000","88,526,000","124,404,000","119,603,000","115,117,000","110,046,000","120,033,000","98,569,000","95,078,000","92,390,000","93,553,000","77,322,000","79,260,000","60,436,000","50,880,000","44,231,000","41,528,000","37,391,000","35,570,000","32,218,000","30,331,000","27,301,419","25,571,378","27,328,102"
GrossProfit,"286,556,000","72,772,000","75,367,000","69,881,000","68,536,000","55,029,000","57,071,000","59,865,000","68,447,000","66,285,000","79,240,000","76,320,000","79,003,000","66,613,000","72,886,000","69,902,000","69,788,000","60,963,000","74,084,000","62,504,000","67,726,000","73,189,000","63,952,000","75,183,000","80,978,000","68,566,000","41,802,000","94,547,000","98,073,000","62,754,000","70,851,000","68,178,000","85,358,000","86,793,000","82,835,000","68,659,000","67,543,000","57,893,000","76,874,000","71,883,000","51,620,000","40,692,000","53,697,000","60,663,000","62,060,000","48,353,000","54,472,000","57,246,000","52,639,000","43,348,000","47,892,000","62,476,000","59,390,000","62,132,000","69,795,000","65,322,000","57,404,000","55,929,000","55,006,000","51,784,000","51,854,000","46,784,000","36,281,000","32,235,000","30,229,000","26,098,000","23,084,000","23,579,000","22,990,000","20,799,000","17,581,903","14,762,233","17,018,932"
OperatingExpense,"212,473,000","55,259,000","55,868,000","49,842,000","51,546,000","46,119,000","50,977,000","46,107,000","52,384,000","50,861,000","60,667,000","56,247,000","60,859,000","58,582,000","54,819,000","56,372,000","55,373,000","57,929,000","55,657,000","55,059,000","55,032,000","58,761,000","52,070,000","50,894,000","51,022,000","52,857,000","29,150,000","57,419,000","60,634,000","52,396,000","42,932,000","46,818,000","50,741,000","44,845,000","45,201,000","42,840,000","36,398,000","37,700,000","39,797,000","36,042,000","35,540,000","36,225,000","34,435,000","34,125,000","38,773,000","36,191,000","33,226,000","32,322,000","42,249,000","35,518,000","36,217,000","48,476,000","40,354,000","40,290,000","41,294,000","40,695,000","37,174,000","35,300,000","31,773,000","29,958,000","32,087,000","27,869,000","21,875,000","20,112,000","18,922,000","16,425,000","15,100,000","16,361,000","14,840,000","12,570,000","13,016,274","11,292,219","9,457,253"
	SellingGeneralAndAdministration,"186,473,000","48,395,000","49,410,000","43,520,000","45,190,000","39,766,000","43,822,000","38,561,000","44,857,000","43,446,000","51,662,000","48,123,000","52,537,000","50,749,000","42,502,000","45,915,000","45,488,000","47,078,000","43,227,000","41,576,000","43,705,000","46,856,000","40,267,000","38,256,000","39,624,000","42,057,000","25,275,000","43,629,000","46,665,000","42,333,000","35,286,000","39,276,000","43,184,000","37,688,000","38,231,000","37,197,000","30,847,000","32,263,000","31,044,000","31,163,000","31,487,000","31,572,000","29,675,000","29,060,000","34,379,000","31,886,000","28,695,000","27,714,000","37,398,000","30,874,000","31,329,000","42,779,000","34,506,000","34,531,000","34,771,000","34,435,000","31,780,000","30,162,000","27,068,000","25,675,000","25,606,000","23,827,000","18,648,000","16,724,000","15,713,000","14,841,000","13,432,000","13,774,000","13,346,000","11,723,000","12,333,128","10,685,207","8,919,833"
	DepreciationAmortizationDepletionIncomeStatement,"26,000,000","6,864,000","6,458,000","6,322,000","6,356,000","6,353,000","7,155,000","7,546,000","7,527,000","7,415,000","9,005,000","8,124,000","8,322,000","8,289,000","9,346,000","9,570,000","9,885,000","10,021,000","12,208,000","12,603,000","12,429,000","11,905,000","12,297,000","12,144,000","11,398,000","10,800,000","3,875,000","13,790,000","13,969,000","10,289,000","7,646,000","7,542,000","7,557,000","7,157,000","6,970,000","5,643,000","5,551,000","5,437,000","8,753,000","4,879,000","4,053,000","4,653,000","4,760,000","5,065,000","4,394,000","4,305,000","4,531,000","4,608,000","4,851,000","4,644,000","4,888,000","5,697,000","5,848,000","5,759,000","6,523,000","6,260,000","5,394,000","5,138,000","4,705,000","4,283,000","6,481,000","4,042,000","3,227,000","3,388,000","3,209,000","1,584,000","1,668,000","2,587,000","1,494,000","847,000","683,146","607,012","537,421"
		DepreciationAndAmortizationInIncomeStatement,"26,000,000","6,864,000","6,458,000","6,322,000","6,356,000","6,353,000","7,155,000","7,546,000","7,527,000","7,415,000","9,005,000","8,124,000","8,322,000","8,289,000","9,346,000","9,570,000","9,885,000","10,021,000","12,208,000","12,603,000","12,429,000","11,905,000","12,297,000","12,144,000","11,398,000","10,800,000","3,875,000","13,790,000","13,969,000","10,289,000","7,646,000","7,542,000","7,557,000","7,157,000","6,970,000","5,643,000","5,551,000","5,437,000","8,753,000","4,879,000","4,053,000","4,653,000","4,760,000","5,065,000","4,394,000","4,305,000","4,531,000","4,608,000","4,851,000","4,644,000","4,888,000","5,697,000","5,848,000","5,759,000","6,523,000","6,260,000","5,394,000","5,138,000","4,705,000","4,283,000","6,481,000","4,042,000","3,227,000","3,388,000","3,209,000","1,584,000","1,668,000","2,587,000","1,494,000","847,000","683,146","607,012","537,421"
			DepreciationIncomeStatement,"22,197,000","6,864,000","5,400,000","5,412,000","5,446,000","5,428,000","5,794,000","6,176,000","6,193,000","6,114,000","7,080,000","6,962,000","7,151,000","7,172,000","8,294,000","8,561,000","8,917,000","8,803,000","9,664,000","9,946,000","9,684,000","8,919,000","8,435,000","8,092,000","7,558,000","7,414,000","-636,000","8,994,000","9,000,000","7,777,000","6,376,000","6,315,000","6,267,000","6,056,000","5,886,000","4,968,000","4,877,000","4,779,000","4,944,000",,,,,,,,,,,,,,,,,,"5,370,000",,,,"4,177,000",,"3,203,000","2,921,000","1,569,000","1,508,000","1,421,000","1,905,000","1,109,000",,,,
			Amortization,,,"1,058,000","910,000","910,000","925,000","1,361,000","1,370,000","1,334,000","1,301,000","1,925,000","1,162,000","1,171,000","1,117,000","1,052,000","1,009,000","968,000","1,218,000","2,544,000","2,657,000","2,745,000","2,986,000","3,862,000","4,052,000","3,840,000","3,386,000","4,511,000","4,796,000","4,969,000","2,512,000","1,270,000","1,227,000","1,290,000","1,101,000","1,084,000","675,000","674,000","658,000","738,000",,,,,,,,,,,,,,,,,,"24,000",,,,"2,304,000",,"24,000","467,000","1,640,000","76,000","247,000","682,000","385,000",,,,
				AmortizationOfIntangiblesIncomeStatement,,,"1,058,000","910,000","910,000","925,000","1,361,000","1,370,000","1,334,000","1,301,000","1,925,000","1,162,000","1,171,000","1,117,000","1,052,000","1,009,000","968,000","1,218,000","2,544,000","2,657,000","2,745,000","2,986,000","3,862,000","4,052,000","3,840,000","3,386,000","4,511,000","4,796,000","4,969,000","2,512,000","1,270,000","1,227,000","1,290,000","1,101,000","1,084,000","675,000","674,000","658,000","738,000",,,,,,,,,,,,,,,,,,"24,000",,,,"2,304,000",,"24,000","467,000","1,640,000","76,000","247,000","682,000","385,000",,,,
	OtherOperatingExpenses,,,,,,,,,,,,,,"-456,000","2,971,000","887,000",,"830,000","1,333,000","880,000","-1,102,000",,,"494,000",,,,,,"-226,000",,,,,,,,,,,,,,,,,,,"4,764,000",,,"13,042,000",,,,,,,,,,,,,,,,,,,,,"-1"
OperatingIncome,"74,083,000","17,513,000","19,499,000","20,039,000","16,990,000","8,910,000","6,094,000","13,758,000","16,063,000","15,424,000","18,573,000","20,073,000","18,144,000","8,031,000","18,067,000","13,530,000","14,415,000","3,034,000","18,427,000","7,445,000","12,694,000","14,428,000","11,882,000","24,289,000","29,956,000","15,709,000","12,652,000","37,128,000","37,439,000","10,358,000","27,919,000","21,360,000","34,617,000","41,948,000","37,634,000","25,819,000","31,145,000","20,193,000","37,077,000","35,841,000","16,080,000","4,467,000","19,262,000","26,538,000","23,287,000","12,162,000","21,246,000","24,924,000","10,390,000","7,830,000","11,675,000","14,000,000","19,036,000","21,842,000","28,501,000","24,627,000","20,230,000","20,629,000","23,233,000","21,826,000","19,767,000","18,915,000","14,406,000","12,123,000","11,307,000","9,673,000","7,984,000","7,218,000","8,150,000","8,229,000","4,565,629","3,470,014","7,561,679"
NetNonOperatingInterestIncomeExpense,"-8,627,000","-2,196,000","-2,185,000","-2,217,000","-2,029,000","-1,719,000","-1,776,000","-2,259,000","-2,916,000","-2,341,000","-2,492,000","-4,374,000","-4,524,000","-4,258,000","-4,377,000","-4,628,000","-5,022,000","-4,986,000","-4,802,000","-4,880,000","-4,927,000","-4,004,000","-4,004,000","-4,176,000","-4,123,000","-3,971,000","-4,336,000","-4,642,000","-4,764,000","-4,394,000","-3,898,000","-1,878,000","-1,594,000","-1,371,000","-1,418,000","-1,531,000","-1,706,000","-1,863,000","-2,030,000","-2,312,000","-2,015,000","-1,866,000","-2,390,000","-2,762,000","-3,535,000","-3,572,000","-3,854,000","-4,040,000","-3,553,000","-2,955,000","-3,247,000","-3,256,000","-3,020,000","-2,733,000",,,,,,,,,,,,,,,,,,,
	InterestExpenseNonOperating,,,,,,,,,,,,,,,,,,,,,,,,,,,,,,,,,,,,,,,,"2,312,000","2,015,000",,,"2,762,000","3,535,000","3,572,000",,,,,,"3,256,000",,,,,,,,,,,,,,,,,,,,,
	TotalOtherFinanceCost,"8,627,000","2,196,000","2,185,000","2,217,000","2,029,000","1,719,000","1,776,000","2,259,000","2,916,000","2,341,000","2,492,000","4,374,000","4,524,000","4,258,000","4,377,000","4,628,000","5,022,000","4,986,000","4,802,000","4,880,000","4,927,000","4,004,000","4,004,000","4,176,000","4,123,000","3,971,000","4,336,000","4,642,000","4,764,000","4,394,000","3,898,000","1,878,000","1,594,000","1,371,000","1,418,000","1,531,000","1,706,000","1,863,000","2,030,000",,"2,015,000","1,866,000","2,390,000","2,762,000","3,535,000","3,572,000",,"4,040,000","3,553,000","2,955,000",,"3,256,000","3,020,000","2,733,000",,,,,,,,,,,,,,,,,,,
OtherIncomeExpense,"45,766,000","22,810,000","23,835,000","-2,127,000","1,290,000","-250,000","-15,164,000","1,976,000","3,839,000","-66,571,000","1,529,000","421,000","426,000","942,000","-3,723,000","738,000","-970,000","-857,000","-45,194,000","-417,000","-211,753,000","479,000","-3,512,000","-560,000","-1,471,000","-862,000","9,303,000","-1,682,000","-1,180,000","-2,317,000","-1,980,000","-137,000","-425,000","47,000","-453,000","5,404,000","-748,000","1,163,000","-2,414,000","-15,141,000","-1,542,000","-497,000","-69,000","-24,865,000","-526,000","-420,000","-19,700,000","-34,000","-1,632,000","246,000","38,612,000","-107,065,000","642,000","-471,000","-1,884,000","-2,861,000","-35,000","-294,000","-117,000","11,000","95,000","30,000",,,,,"-1,000","-37,000",,"1,000","-548","-1,336,349","-1,069,052"
	SpecialIncomeCharges,"-13,526,000","-1,555,000","-9,335,000","-1,733,000","-861,000","-670,000","-18,748,000","-59,000","-109,000","-61,275,000","-74,000","503,000","-269,000","-1,275,000","-992,000","31,000","4,723,000","-712,000","-45,555,000","-1,347,000","-213,269,000","-279,000","-3,473,000","-1,049,000","-1,747,000","-1,333,000","9,161,000","-303,000","-1,347,000","-1,590,000","-2,042,000","-83,000","-594,000","-129,000","-740,000","5,300,000","-596,000","1,150,000","-2,842,000","-15,141,000","-1,542,000","-497,000","-69,000","-24,865,000","-526,000","-420,000","-19,700,000","-34,000","-1,632,000","246,000","38,612,000","-107,065,000","642,000","-471,000","-1,884,000","-2,861,000","-35,000","-294,000","-117,000","11,000","95,000","30,000",,,,,"-1,000","-37,000",,"1,000","-548","-1,336,349","-1,069,052"
		RestructuringAndMergernAcquisition,"13,328,000","1,555,000","9,235,000","1,677,000","861,000","628,000","18,748,000","59,000","109,000","1,609,000","-301,000","127,000","754,000","1,275,000","992,000","-31,000","1,984,000","712,000","951,000","1,347,000","3,669,000","279,000","5,463,000","1,049,000","1,747,000","1,333,000","839,000","303,000","597,000","1,590,000","2,042,000","233,000","1,034,000","129,000","165,000","0","596,000","0","751,000","2,194,000","229,000","830,000","2,450,000","394,000","461,000","524,000","2,603,000","295,000","1,165,000",,"1,041,000","2,090,000",,,"0","2,343,000",,,,,,,,,,,,,,,"342","1,335,831","1,069,414"
		ImpairmentOfCapitalAssets,,,"0","0","0","0","0","0","0","59,816,000",,,,,"0","0",,,"43,493,000","0","209,600,000",,,,,,,,,,,,,,"0","0",,,"0","13,083,000",,,"-1,927,000","23,900,000",,,"0","0",,,"-38,966,000","106,000,000",,,,,,,,,,,,,,,,,,,,,
		OtherSpecialCharges,,,"100,000","56,000",,"42,000","0",,,"-150,000","375,000","-630,000","-485,000",,,,"-6,707,000",,,,,,"-2,484,000",,,,"-10,000,000",,"750,000",,"0","-150,000","-440,000",,"575,000","-5,300,000",,"-1,150,000","2,091,000","-136,000","1,313,000","-333,000","-454,000","571,000","65,000","-104,000","17,097,000","-261,000","467,000",,"-687,000","-1,025,000",,,"1,884,000","518,000",,,,,,,,,,,,,,,,"518","-362"
	OtherNonOperatingIncomeExpenses,"59,292,000","24,365,000","33,170,000","-394,000","2,151,000","420,000","3,584,000","2,035,000","3,948,000","-5,296,000","1,603,000","-82,000","695,000","2,217,000","-2,731,000","707,000","-5,693,000","-145,000","361,000","930,000","1,516,000","758,000","-39,000","489,000","276,000","471,000","142,000","-1,379,000","167,000","-727,000","62,000","-54,000","169,000","176,000","287,000","104,000","-152,000","13,000","122,000",,,,,,,,,,,,,,,,,,,,,,,,,,,,,,,,,,
PretaxIncome,"111,222,000","38,127,000","41,149,000","15,695,000","16,251,000","6,941,000","-10,846,000","13,475,000","16,986,000","-53,488,000","17,610,000","16,120,000","14,046,000","4,715,000","9,967,000","9,640,000","8,423,000","-2,809,000","-31,569,000","2,148,000","-203,986,000","10,903,000","4,366,000","19,553,000","24,362,000","10,876,000","17,619,000","30,804,000","31,495,000","3,647,000","22,041,000","19,345,000","32,598,000","40,624,000","35,763,000","29,692,000","28,691,000","19,493,000","32,633,000","18,388,000","12,523,000","2,104,000","16,803,000","-1,089,000","19,226,000","8,170,000","-2,308,000","20,850,000","5,205,000","5,121,000","49,140,000","-96,321,000","19,345,000","18,638,000","21,909,000","16,828,000","17,901,000","18,502,000","20,724,000","19,216,000","18,037,000","17,520,000","14,084,000","11,719,000","11,114,000","9,905,000","8,142,000","7,265,000","8,214,000","8,395,000","4,608,184","1,914,577","6,234,620"
TaxProvision,"26,788,000","11,275,000","10,091,000","1,968,000","3,454,000","1,536,000","-4,742,000","2,388,000","3,414,000","-11,215,000","3,256,000","2,414,000","3,477,000","1,365,000","6,912,000","1,391,000","2,561,000","413,000","-2,259,000","-1,984,000","-53,504,000","5,748,000","179,000","7,265,000","8,223,000","4,010,000","-4,567,000","11,430,000","12,662,000","2,145,000","9,248,000","7,126,000","12,685,000","6,498,000","13,644,000","12,531,000","12,877,000","8,124,000","13,988,000","7,972,000","6,218,000","1,517,000","8,902,000","-1,242,000","9,760,000","4,209,000","2,559,000","9,797,000","1,937,000","2,205,000","16,357,000","-32,327,000","9,699,000","8,387,000","10,110,000","7,998,000","8,092,000","8,289,000","9,222,000","8,729,000","7,936,000","7,709,000","6,056,000","4,934,000","4,834,000","4,309,000","3,623,000","3,499,000","3,557,000","3,568,000","2,086,000","805,320","2,618,340"
NetIncomeCommonStockholders,"84,434,000","26,852,000","31,058,000","13,727,000","12,797,000","5,405,000","-6,137,000","11,058,000","13,547,000","-42,308,000","14,313,000","13,654,000","10,472,000","3,304,000","3,061,000","8,477,000","5,372,000","-3,264,000","-29,612,000","4,370,000","-150,173,000","5,298,000","4,154,000","12,292,000","15,169,000","6,002,000","19,343,000","19,374,000","18,833,000","1,502,000","12,793,000","12,219,000","19,913,000","34,126,000","22,120,000","17,171,000","15,805,000","11,337,000","18,602,000","10,463,000","6,507,000","856,000","6,505,000","489,000","9,469,000","4,056,000","-3,814,000","7,450,000","2,375,000","2,514,000","14,399,000","-63,994,000","9,646,000","10,251,000","11,799,000","8,830,000","9,809,000","10,213,000","11,502,000","10,487,000","10,101,000","9,811,000","8,028,000","6,785,000","6,280,000","5,596,000","4,519,000","3,766,000","4,657,000","4,827,000","2,448,338","810,502","3,337,080"
	NetIncome,"84,434,000","26,852,000","31,058,000","13,727,000","12,797,000","5,405,000","-6,137,000","11,058,000","13,547,000","-42,308,000","14,313,000","13,654,000","10,472,000","3,304,000","3,061,000","8,477,000","5,372,000","-3,264,000","-29,612,000","4,370,000","-150,173,000","5,298,000","4,154,000","12,292,000","15,169,000","6,002,000","19,343,000","19,374,000","18,833,000","1,502,000","12,793,000","12,219,000","19,913,000","34,126,000","22,120,000","17,171,000","15,805,000","11,337,000","18,602,000","10,463,000","6,507,000","856,000","6,505,000","489,000","9,469,000","4,056,000","-3,814,000","7,450,000","2,375,000","2,514,000","14,399,000","-63,994,000","9,646,000","10,251,000","11,799,000","8,830,000","9,809,000","10,213,000","11,502,000","10,487,000","10,101,000","9,811,000","8,028,000","6,785,000","6,280,000","5,596,000","4,519,000","3,766,000","4,657,000","4,827,000","2,522,184","1,109,257","3,616,280"
		NetIncomeIncludingNoncontrollingInterests,"84,434,000","26,852,000","31,058,000","13,727,000","12,797,000","5,405,000","-6,137,000","11,058,000","13,547,000","-42,308,000","14,313,000","13,654,000","10,472,000","3,304,000","3,061,000","8,477,000","5,372,000","-3,264,000","-29,612,000","4,370,000","-150,173,000","5,298,000","4,154,000","12,292,000","15,169,000","6,002,000","19,343,000","19,374,000","18,833,000","1,502,000","12,793,000","12,219,000","19,913,000","34,126,000","22,120,000","17,171,000","15,805,000","11,337,000","18,602,000","10,463,000","6,507,000","856,000","6,505,000","489,000","9,469,000","4,056,000","-3,814,000","7,450,000","2,375,000","2,514,000","14,399,000","-63,994,000","9,646,000","10,251,000","11,799,000","8,830,000","9,809,000","10,213,000","11,502,000","10,487,000","10,101,000","9,811,000","8,028,000","6,785,000","6,280,000","5,596,000","4,519,000","3,766,000","4,657,000","4,827,000","2,522,184","1,109,257","3,616,280"
			NetIncomeContinuousOperations,"84,434,000","26,852,000","31,058,000","13,727,000","12,797,000","5,405,000","-6,104,000","11,087,000","13,572,000","-42,273,000","14,354,000","13,706,000","10,569,000","3,350,000","3,055,000","8,249,000","5,862,000","-3,222,000","-29,310,000","4,132,000","-150,482,000","5,155,000","4,187,000","12,288,000","16,139,000","6,866,000","22,186,000","19,374,000","18,833,000","1,502,000","12,793,000","12,219,000","19,913,000","34,126,000","22,119,000","17,161,000","15,814,000","11,369,000","18,645,000","10,416,000","6,305,000","587,000","7,901,000","153,000","9,466,000","3,961,000","-4,867,000","11,053,000","3,268,000","2,916,000","32,783,000","-63,994,000","9,646,000","10,251,000","11,799,000","8,830,000","9,809,000","10,213,000","11,502,000","10,487,000","10,101,000","9,811,000","8,028,000","6,785,000","6,280,000","5,596,000","4,519,000","3,766,000","4,657,000","4,827,000","2,522,184","1,109,257","3,616,280"
			NetIncomeDiscontinuousOperations,,,"0","0","0","0","-33,000","-29,000","-25,000","-35,000","-41,000","-52,000","-97,000","-46,000","6,000","228,000","-490,000","-42,000","-302,000","238,000","309,000","143,000","-33,000","4,000","-970,000","-864,000","-13,159,000",,,,"0","0","0","0","1,000","10,000","-9,000","-32,000","-43,000","47,000","202,000","269,000","-1,396,000","336,000","3,000","95,000","1,053,000","-3,603,000","-893,000","-402,000",,,,,,,,,,,,,,,,,,,,,,,
	PreferredStockDividends,,,,,,,,,,,,,,,,,,,,,,,,,,,,,,,,,,,,,,,,,,,,,,,,,,,,,,,,,,,,,,,,,,,,,,,"73,846","298,755","279,200"
DilutedNIAvailtoComStockholders,"84,434,000","26,852,000","31,058,000","13,727,000","12,797,000","5,405,000","-6,137,000","11,058,000","13,547,000","-42,308,000","14,313,000","13,654,000","10,472,000","3,304,000","3,061,000","8,477,000","5,372,000","-3,264,000","-29,612,000","4,370,000","-150,173,000","5,298,000","4,154,000","12,292,000","15,169,000","6,002,000","19,343,000","19,374,000","18,833,000","1,502,000","12,793,000","12,219,000","19,913,000","34,126,000","22,120,000","17,171,000","15,805,000","11,337,000","18,602,000","10,463,000","6,507,000","856,000","6,505,000","489,000","9,469,000","4,056,000","-3,814,000","7,450,000","2,375,000","2,514,000","14,399,000","-63,994,000","9,646,000","10,251,000","11,799,000","8,830,000","9,809,000","10,213,000","11,502,000","10,487,000","10,101,000","9,811,000","8,028,000","6,785,000","6,280,000","5,596,000","4,519,000","3,766,000","4,657,000","4,827,000","2,448,338","810,502","3,337,080"
BasicEPS,,"1.29","1.48","0.65","0.59","0.25","-0.28","0.5","0.62","-1.94","0.65","0.62","0.48","0.15","0.14","0.39","0.25","-0.15","-1.38","0.2","-6.99","0.25","0.2","0.58","0.72","0.28","0.88","0.88","0.85","0.07",,"0.54","0.88","1.51","0.99","0.77","0.71","0.51","0.85","0.48","0.3","0.04",,"0.02","0.45","0.19",,"0.36","0.12","0.12",,"-3.16","0.49","0.52",,"0.46","0.56","0.59",,"0.61","0.6","0.59",,"0.41","0.39","0.35",,"0.24","0.3","0.31",,"0.06","0.25"
DilutedEPS,,"1.27","1.45","0.64","0.59","0.24","-0.28","0.5","0.61","-1.94","0.63","0.61","0.47","0.15","0.14","0.38","0.25","-0.15","-1.38","0.2","-6.99","0.25","0.19","0.57","0.71","0.28","0.86","0.86","0.83","0.07",,"0.53","0.86","1.48","0.96","0.75","0.69","0.5","0.83","0.47","0.29","0.04",,"0.02","0.44","0.19",,"0.36","0.12","0.12",,"-3.16","0.47","0.51",,"0.44","0.54","0.56",,"0.58","0.56","0.55",,"0.39","0.36","0.33",,"0.22","0.28","0.29",,"0.06","0.235"
BasicAverageShares,,"20,850,000","21,039,000","21,242,000","21,555,000","21,932,000","21,903,000","21,905,000","21,869,000","21,827,000","22,051,000","22,052,000","21,997,000","21,868,000","21,774,000","21,745,000","21,709,000","21,592,000","21,515,000","21,505,000","21,492,000","21,239,000","21,083,000","21,076,000","21,061,000","21,114,000","22,093,000","22,107,000","22,220,000","22,126,000",,"22,488,000","22,645,000","22,588,000","22,409,000","22,386,000","22,351,000","22,139,000","21,976,000","21,950,000","21,918,000","21,775,000",,"21,551,000","21,190,000","20,925,000",,"20,619,000","20,534,000","20,296,000",,"20,239,000","19,752,000","19,528,000",,"18,901,000","17,558,000","17,372,000",,"17,033,000","16,842,000","16,725,000",,"16,424,000","16,309,000","16,077,000",,"15,777,000","15,646,000","15,547,000",,"12,179,654","12,011,324"
DilutedAverageShares,,"21,167,000","21,466,000","21,531,000","21,871,000","22,341,000","21,903,000","22,175,000","22,116,000","21,827,000","22,676,000","22,561,000","22,400,000","22,311,000","22,294,000","22,110,000","21,918,000","21,592,000","21,515,000","21,622,000","21,492,000","21,474,000","21,473,000","21,445,000","21,376,000","21,460,000","22,551,000","22,592,000","22,654,000","22,602,000",,"22,975,000","23,098,000","23,086,000","22,973,000","22,873,000","22,760,000","22,487,000","22,399,000","22,326,000","22,248,000","22,164,000",,"21,968,000","21,476,000","21,157,000",,"20,849,000","20,756,000","20,496,000",,"20,239,000","20,405,000","20,252,000",,"19,845,000","18,178,000","18,215,000",,"18,137,000","17,993,000","17,768,000",,"17,415,000","17,244,000","16,995,000",,"16,950,000","16,773,000","16,677,000",,"13,148,852","13,005,228"
TotalOperatingIncomeAsReported,"60,557,000","15,958,000","10,164,000","18,306,000","16,129,000","8,240,000","-12,654,000","13,699,000","15,954,000","-45,851,000","18,499,000","20,576,000","17,875,000","6,756,000","17,075,000","13,561,000","19,138,000","2,322,000","-27,128,000","6,098,000","-200,575,000","14,149,000","8,409,000","23,240,000","28,209,000","14,376,000","21,813,000","36,825,000","36,092,000","8,768,000","25,877,000","21,277,000","34,023,000","41,819,000","36,894,000","31,119,000","30,549,000","21,343,000","34,541,000","20,564,000","14,701,000","3,637,000","18,739,000","2,244,000","22,826,000","11,638,000","1,327,000","24,629,000","9,225,000","7,830,000","51,700,000","-94,090,000","21,723,000","21,842,000","28,501,000","22,284,000","20,230,000","20,629,000","23,233,000","21,826,000","19,767,000","18,915,000","14,406,000","12,123,000","11,307,000","9,673,000","7,984,000","7,218,000","8,150,000","8,229,000","4,565,287","2,134,183","6,492,265"
TotalExpenses,"912,503,000","247,262,000","241,237,000","207,658,000","216,388,000","196,237,000","194,007,000","194,406,000","204,764,000","226,498,000","236,626,000","222,852,000","226,144,000","215,031,000","210,613,000","206,214,000","203,862,000","208,264,000","186,813,000","186,913,000","189,654,000","191,371,000","183,318,000","178,204,000","173,285,000","181,341,000","79,093,000","190,109,000","207,594,000","194,650,000","184,180,000","195,368,000","195,929,000","187,886,000","189,976,000","166,458,000","157,385,000","159,179,000","157,632,000","139,517,000","143,145,000","147,966,000","135,974,000","146,528,000","150,218,000","143,925,000","137,667,000","133,378,000","146,218,000","143,736,000","124,743,000","172,880,000","159,957,000","155,407,000","151,340,000","160,728,000","135,743,000","130,378,000","124,163,000","123,511,000","109,409,000","107,129,000","82,311,000","70,992,000","63,153,000","57,953,000","52,491,000","51,931,000","47,058,000","42,901,000","40,317,693","36,863,597","36,785,355"
NetIncomeFromContinuingAndDiscontinuedOperation,"84,434,000","26,852,000","31,058,000","13,727,000","12,797,000","5,405,000","-6,137,000","11,058,000","13,547,000","-42,308,000","14,313,000","13,654,000","10,472,000","3,304,000","3,061,000","8,477,000","5,372,000","-3,264,000","-29,612,000","4,370,000","-150,173,000","5,298,000","4,154,000","12,292,000","15,169,000","6,002,000","19,343,000","19,374,000","18,833,000","1,502,000","12,793,000","12,219,000","19,913,000","34,126,000","22,120,000","17,171,000","15,805,000","11,337,000","18,602,000","10,463,000","6,507,000","856,000","6,505,000","489,000","9,469,000","4,056,000","-3,814,000","7,450,000","2,375,000","2,514,000","14,399,000","-63,994,000","9,646,000","10,251,000","11,799,000","8,830,000","9,809,000","10,213,000","11,502,000","10,487,000","10,101,000","9,811,000","8,028,000","6,785,000","6,280,000","5,596,000","4,519,000","3,766,000","4,657,000","4,827,000","2,522,184","1,109,257","3,616,280"
NormalizedIncome,"94,702,240.852","27,946,720","38,103,770.979","15,243,375","13,474,607","5,926,930","7,582,040","11,135,557","13,659,091","6,134,250","14,414,317.774","13,278,450","10,771,288","4,255,250","3,779,160","8,222,464","2,574,792","-2,702,240","12,985,196.237","4,940,200","6,910,522","5,322,400","7,517,611.773","12,946,772","17,295,514","7,707,123","16,689,400","19,564,587","19,641,200","2,456,000","14,120,300","12,271,456","20,275,934","34,234,360","22,576,681.403","13,716,000","16,201,400","10,621,500","20,492,300","20,257,650","7,307,300","910,050","7,945,850","16,315,250","9,807,900","4,234,000","7,938,000","11,075,100","4,292,663.977","2,756,100","7,023,594.302","7,138,127.054","9,228,700","10,557,150","13,023,600","10,689,650","9,831,750","10,404,100","11,578,050","10,479,850","10,039,250","9,791,500","8,028,000","6,785,000","6,280,000","5,596,000","4,519,600","3,788,200","4,657,000","4,826,400","2,522,512.8","1,911,066.4","4,257,711.2"
InterestExpense,,,,,,,,,,,,,,,,,,,,,,,,,,,,,,,,,,,,,,,,"2,312,000","2,015,000",,,"2,762,000","3,535,000","3,572,000",,,,,,"3,256,000",,,,,,,,,,,,,,,,,,,,,
NetInterestIncome,"-8,627,000","-2,196,000","-2,185,000","-2,217,000","-2,029,000","-1,719,000","-1,776,000","-2,259,000","-2,916,000","-2,341,000","-2,492,000","-4,374,000","-4,524,000","-4,258,000","-4,377,000","-4,628,000","-5,022,000","-4,986,000","-4,802,000","-4,880,000","-4,927,000","-4,004,000","-4,004,000","-4,176,000","-4,123,000","-3,971,000","-4,336,000","-4,642,000","-4,764,000","-4,394,000","-3,898,000","-1,878,000","-1,594,000","-1,371,000","-1,418,000","-1,531,000","-1,706,000","-1,863,000","-2,030,000","-2,312,000","-2,015,000","-1,866,000","-2,390,000","-2,762,000","-3,535,000","-3,572,000","-3,854,000","-4,040,000","-3,553,000","-2,955,000","-3,247,000","-3,256,000","-3,020,000","-2,733,000",,,,,,,,,,,,,,,,,,,
EBIT,"74,083,000","17,513,000","19,499,000","20,039,000","16,990,000","8,910,000","6,094,000","13,758,000","16,063,000","15,424,000","18,573,000","20,073,000","18,144,000","8,031,000","18,067,000","13,530,000","14,415,000","3,034,000","18,427,000","7,445,000","12,694,000","14,428,000","11,882,000","24,289,000","29,956,000","15,709,000","12,652,000","37,128,000","37,439,000","10,358,000","27,919,000","21,360,000","34,617,000","41,948,000","37,634,000","25,819,000","31,145,000","20,193,000","54,257,000","20,700,000","16,080,000","4,467,000","19,262,000","26,538,000","23,287,000","12,162,000","129,000","24,924,000","10,390,000","7,830,000","-51,820,000","14,000,000","19,036,000","21,842,000","23,427,000","24,627,000","20,230,000","20,629,000","23,233,000","21,826,000","19,767,000","18,915,000","14,406,000","12,123,000","11,307,000","9,673,000","7,984,000","7,218,000","8,150,000","8,229,000","4,565,629","3,470,014","7,561,679"
EBITDA,"100,358,000"
ReconciledCostOfRevenue,"699,755,000","192,003,000","185,094,000","157,816,000","164,842,000","149,904,000","142,474,000","148,276,000","152,380,000","175,637,000","182,382,000","164,588,000","162,635,000","154,028,000","155,794,000","149,841,000","148,001,000","150,335,000","131,156,000","131,281,000","134,277,000","132,584,000","131,073,000","127,311,000","122,259,000","128,485,000","33,985,000","132,691,000","146,787,000","142,254,000","140,541,000","148,527,000","144,831,000","143,041,000","144,767,000","123,618,000","120,987,000","121,479,000","120,331,000","102,004,000","105,635,000","109,773,000","99,457,000","111,094,000","110,076,000","106,301,000","102,951,000","100,165,000","103,076,000","107,265,000","86,119,000","123,443,000","118,516,000","113,431,000","106,501,000","116,997,000","98,569,000","95,054,000","91,149,000","91,345,000","77,322,000","77,020,000","60,436,000","50,880,000","44,231,000","41,528,000","37,391,000","35,570,000","32,218,000","30,331,000","27,301,419","25,571,378","27,328,102"
ReconciledDepreciation,"26,275,000","6,864,000","6,733,000","6,322,000","6,356,000","6,567,000","7,711,000","7,569,000","7,527,000","7,415,000","2,582,000","10,141,000","10,972,000","10,710,000","9,346,000","9,571,000","10,373,000","10,021,000","12,208,000","13,176,000","12,774,000","11,931,000","12,472,000","12,143,000","11,402,000","10,799,000","19,833,000","13,789,000","14,142,000","10,289,000","8,353,000","7,565,000","7,914,000","7,157,000","6,978,000","5,643,000","5,551,000","5,437,000","6,257,000","6,350,000","6,023,000","6,621,000","6,842,000","6,374,000","5,763,000","5,738,000","6,021,000","5,499,000","5,744,000","5,597,000","7,295,000","6,658,000","6,935,000","7,445,000","10,068,000","9,296,000","5,394,000","5,162,000","5,946,000","6,491,000","6,481,000","6,282,000","3,227,000","3,388,000","3,209,000","1,584,000","1,668,000","2,587,000","1,494,000","847,000","683,146","607,012","537,421"
NetIncomeFromContinuingOperationNetMinorityInterest,"84,434,000","26,852,000","31,058,000","13,727,000","12,797,000","5,405,000","-6,104,000","11,087,000","13,572,000","-42,273,000","14,354,000","13,706,000","10,569,000","3,350,000","3,055,000","8,249,000","5,862,000","-3,222,000","-29,310,000","4,132,000","-150,482,000","5,155,000","4,187,000","12,288,000","16,139,000","6,866,000","22,186,000","19,374,000","18,833,000","1,502,000","12,793,000","12,219,000","19,913,000","34,126,000","22,119,000","17,161,000","15,814,000","11,369,000","18,645,000","10,416,000","6,305,000","587,000","7,901,000","153,000","9,466,000","3,961,000","-4,867,000","11,053,000","3,268,000","2,916,000","32,783,000","-63,994,000","9,646,000","10,251,000","11,799,000","8,830,000","9,809,000","10,213,000","11,502,000","10,487,000","10,101,000","9,811,000","8,028,000","6,785,000","6,280,000","5,596,000","4,519,000","3,766,000","4,657,000","4,827,000","2,522,184","1,109,257","3,616,280"
TotalUnusualItemsExcludingGoodwill,"-13,526,000","-1,555,000","-9,335,000","-1,733,000","-861,000","-670,000","-18,748,000","-59,000","-109,000","-61,275,000","-74,000","503,000","-269,000","-1,275,000","-992,000","31,000","4,723,000","-712,000","-45,555,000","-1,347,000","-213,269,000","-279,000","-3,473,000","-1,049,000","-1,747,000","-1,333,000","9,161,000","-303,000","-1,347,000","-1,590,000","-2,042,000","-83,000","-594,000","-129,000","-740,000","5,300,000","-596,000","1,150,000","-2,842,000","-15,141,000","-1,542,000","-497,000","-69,000","-24,865,000","-526,000","-420,000","-19,700,000","-34,000","-1,632,000","246,000","38,612,000","-107,065,000","642,000","-471,000","-1,884,000","-2,861,000","-35,000","-294,000","-117,000","11,000","95,000","30,000",,,,,"-1,000","-37,000",,"1,000","-548","-1,336,349","-1,069,052"
TotalUnusualItems,"-13,526,000","-1,555,000","-9,335,000","-1,733,000","-861,000","-670,000","-18,748,000","-59,000","-109,000","-61,275,000","-74,000","503,000","-269,000","-1,275,000","-992,000","31,000","4,723,000","-712,000","-45,555,000","-1,347,000","-213,269,000","-279,000","-3,473,000","-1,049,000","-1,747,000","-1,333,000","9,161,000","-303,000","-1,347,000","-1,590,000","-2,042,000","-83,000","-594,000","-129,000","-740,000","5,300,000","-596,000","1,150,000","-2,842,000","-15,141,000","-1,542,000","-497,000","-69,000","-24,865,000","-526,000","-420,000","-19,700,000","-34,000","-1,632,000","246,000","38,612,000","-107,065,000","642,000","-471,000","-1,884,000","-2,861,000","-35,000","-294,000","-117,000","11,000","95,000","30,000",,,,,"-1,000","-37,000",,"1,000","-548","-1,336,349","-1,069,052"
NormalizedEBITDA,"113,884,000","25,932,000","35,567,000","28,094,000","24,207,000","16,147,000","32,553,000","21,386,000","23,699,000","84,114,000","27,652,000","29,711,000","29,385,000","20,016,000","28,405,000","23,070,000","20,065,000","13,767,000","76,190,000","21,968,000","238,737,000","26,638,000","27,827,000","37,482,000","43,105,000","27,842,000","23,324,000","51,221,000","52,928,000","22,237,000","38,314,000","29,008,000","43,125,000","49,234,000","45,352,000","26,162,000","37,292,000","24,480,000","65,852,000","42,191,000","23,645,000","11,585,000","26,173,000","57,777,000","29,576,000","18,320,000","25,850,000","30,457,000","17,766,000","13,181,000","-83,137,000","127,723,000","25,329,000","29,758,000","35,379,000","36,784,000","25,659,000","26,085,000","29,296,000","28,306,000","26,153,000","25,167,000","17,633,000","15,511,000","14,516,000","11,257,000","9,653,000","9,842,000","9,644,000","9,075,000","5,249,323","5,413,375","9,168,152"
TaxRateForCalcs,"0.241","0.296","0.245","0.125","0.213","0.221","0.27","0.177","0.201","0.21","0.185","0.15","0.248","0.29","0.27","0.144","0.304","0.27","0.072","0.4","0.262","0.4","0.041","0.372","0.338","0.369","0.4","0.371","0.4","0.4","0.35","0.368","0.389","0.16","0.382","0.35","0.35","0.35","0.35","0.35","0.35","0.35","0.35","0.35","0.35","0.35","0.35","0.35","0.372","0.35","0.333","0.336","0.35","0.35","0.35","0.35","0.35","0.35","0.35","0.35","0.35","0.35","0.4","0.4","0.4","0.4","0.4","0.4","0.4","0.4","0.4","0.4","0.4"
TaxEffectOfUnusualItems,"-3,257,759.148","-460,280","-2,289,229.021","-216,625","-183,393","-148,070","-5,061,960","-10,443","-21,909","-12,867,750","-13,682.226","75,450","-66,712","-369,750","-267,840","4,464","1,435,792","-192,240","-3,259,803.763","-538,800","-55,876,478","-111,600","-142,388.227","-390,228","-590,486","-491,877","3,664,400","-112,413","-538,800","-636,000","-714,700","-30,544","-231,066","-20,640","-282,318.597","1,855,000","-208,600","402,500","-994,700","-5,299,350","-539,700","-173,950","-24,150","-8,702,750","-184,100","-147,000","-6,895,000","-11,900","-607,336.023","86,100","12,852,594.302","-35,932,872.946","224,700","-164,850","-659,400","-1,001,350","-12,250","-102,900","-40,950","3,850","33,250","10,500","0","0","0","0","-400","-14,800","0","400","-219.2","-534,539.6","-427,620.8"