name,ttm,03/31/2022,12/31/2021,09/30/2021,06/30/2021,03/31/2021,12/31/2020,09/30/2020,06/30/2020,03/31/2020,12/31/2019,09/30/2019,06/30/2019,03/31/2019,12/31/2018,09/30/2018,06/30/2018,03/31/2018,12/31/2017,09/30/2017,06/30/2017,03/31/2017,12/31/2016,09/30/2016,06/30/2016,03/31/2016,12/31/2015,09/30/2015,06/30/2015,03/31/2015,12/31/2014,09/30/2014,06/30/2014,03/31/2014,12/31/2013,09/30/2013,06/30/2013,03/31/2013,12/31/2012,09/30/2012,06/30/2012,03/31/2012,12/31/2011,09/30/2011,06/30/2011,03/31/2011,12/31/2010,09/30/2010,06/30/2010,03/31/2010,12/31/2009,09/30/2009,06/30/2009,03/31/2009,12/31/2008,09/30/2008,06/30/2008,03/31/2008,12/31/2007,09/30/2007,06/30/2007,03/31/2007,12/31/2006,09/30/2006,06/30/2006,03/31/2006,12/31/2005,09/30/2005,06/30/2005,03/31/2005,12/31/2004,09/30/2004,06/30/2004,03/31/2004,12/31/2003,09/30/2003,06/30/2003,03/31/2003,12/31/2002,09/30/2002,06/30/2002,03/31/2002,12/31/2001,09/30/2001,06/30/2001,03/31/2001,12/31/2000,09/30/2000,06/30/2000,03/31/2000,12/31/1999,09/30/1999,06/30/1999,03/31/1999,12/31/1998,09/30/1998,06/30/1998,03/31/1998,12/31/1997,09/30/1997,06/30/1997,03/31/1997,12/31/1996,09/30/1996,06/30/1996,03/31/1996,12/31/1995,09/30/1995,06/30/1995,03/31/1995,12/31/1994,09/30/1994,06/30/1994,03/31/1994,12/31/1993,09/30/1993,06/30/1993,03/31/1993,12/31/1992,09/30/1992,06/30/1992,03/31/1992,12/31/1991,09/30/1991,06/30/1991,03/31/1991,12/31/1990,09/30/1990,06/30/1990,03/31/1990,12/31/1989,09/30/1989,06/30/1989,03/31/1989,12/31/1988,09/30/1988,06/30/1988,03/31/1988,12/31/1987,09/30/1987,06/30/1987,03/31/1987,12/31/1986,09/30/1986,06/30/1986,03/31/1986,12/31/1985,09/30/1985
TotalRevenue,"1,015,254,000","238,946,000","265,941,000","260,378,000","249,989,000","236,491,000","241,339,000","217,513,000","109,968,000","179,432,000","213,836,000","209,320,000","191,893,000","187,242,000","208,968,000","210,547,000","198,775,000","199,442,000","214,962,000","207,647,000","196,829,000","200,427,000","220,595,000","211,690,000","194,774,000","194,511,000","215,886,000","209,921,000","187,732,000","191,331,000","212,998,000","198,541,000","175,132,000","181,737,000","196,164,000","192,722,000","171,114,000","186,090,000","182,091,000","172,746,000","151,590,000","163,645,000","168,357,000","155,488,000","143,213,000","154,305,000","162,800,000","157,137,000","145,075,000","156,036,000","162,638,000","152,212,000","129,683,000","144,631,000","163,810,000","175,579,000","168,412,000","185,253,000","208,220,000","200,666,000","187,104,000","191,073,000","218,861,000","222,940,000","211,034,000","209,088,000","225,587,000","202,044,000","192,394,000","207,634,000","216,802,000","197,445,000","179,614,000","190,301,000","205,269,000","195,352,000","168,634,000","175,380,000","188,434,000","175,680,000","164,892,000","174,953,000","187,753,000","170,645,000","152,116,000","167,599,000","175,418,000","177,345,000","164,413,000","163,741,000","168,900,000","157,900,000","142,200,000","149,800,000","149,900,000","139,000,000","122,000,000","129,400,000","134,100,000","128,200,000","113,000,000","114,700,000","125,700,000","117,100,000","103,300,000","110,800,000","111,500,000","101,000,000","88,700,000","94,400,000","102,800,000","94,500,000","84,700,000","88,000,000","92,100,000","81,200,000","71,900,000","77,700,000","82,000,000","70,600,000","63,400,000","66,000,000","64,900,000","61,800,000","57,800,000","61,900,000","70,200,000","62,400,000","57,700,000","60,100,000","63,600,000","58,000,000","52,800,000","57,800,000","61,200,000","56,900,000","52,400,000","57,500,000","56,500,000","56,800,000","49,600,000","54,600,000","37,100,000","54,400,000","49,000,000","48,300,000","52,500,000","50,300,000"
	OperatingRevenue,"1,015,254,000","238,946,000","265,941,000","260,378,000","249,989,000","236,491,000","241,339,000","217,513,000","109,968,000","179,432,000","213,836,000","209,320,000","191,893,000","187,242,000","208,968,000","210,547,000","198,775,000","199,442,000","214,962,000","207,647,000","196,829,000","200,427,000","220,595,000","211,690,000","194,774,000","194,511,000","215,886,000","209,921,000","187,732,000","191,331,000","212,998,000","198,541,000","175,132,000","181,737,000","196,164,000","192,722,000","171,114,000","186,090,000","182,091,000","172,746,000","151,590,000","163,645,000","168,357,000","155,488,000","143,213,000","154,305,000","162,800,000","157,137,000","145,075,000","156,036,000","163,609,000","151,945,000","129,683,000","144,238,000","163,810,000","175,579,000","168,412,000","185,253,000","208,220,000","200,666,000","187,104,000","191,073,000","218,861,000","222,940,000","211,034,000","209,088,000","225,587,000","202,044,000","192,394,000","207,634,000","216,802,000","197,445,000","179,614,000","190,301,000","205,269,000","195,352,000","168,634,000","175,380,000","188,434,000","175,680,000","164,892,000","174,953,000","187,753,000","170,645,000","152,116,000","167,599,000","175,418,000","177,345,000","164,413,000","163,741,000","168,900,000","157,900,000","142,200,000","149,800,000","149,900,000","139,000,000","122,000,000","129,400,000","134,100,000","128,200,000","113,000,000","114,700,000","125,700,000","117,100,000","103,300,000","110,800,000","111,500,000","101,000,000","88,700,000","94,400,000","102,800,000","94,500,000","84,700,000","88,000,000","92,100,000","81,200,000","71,900,000","77,700,000","82,000,000","70,600,000","63,400,000","66,000,000","64,900,000","61,800,000","57,800,000","61,900,000","70,200,000","62,400,000","57,700,000","60,100,000","63,600,000","58,000,000","52,800,000","57,800,000","61,200,000","56,900,000","52,400,000","57,500,000","56,500,000","56,800,000","49,600,000","54,600,000","37,100,000","54,400,000","49,000,000","48,300,000","52,500,000","50,300,000"
CostOfRevenue,"434,702,000","97,985,000","115,854,000","112,375,000","108,488,000","101,457,000","103,721,000","95,336,000","50,322,000","79,879,000","98,007,000","97,301,000","88,336,000","84,159,000","94,502,000","95,175,000","90,978,000","90,535,000","98,768,000","95,632,000","89,710,000","90,831,000","99,574,000","97,953,000","90,614,000","90,092,000","99,681,000","98,179,000","87,550,000","88,684,000","98,842,000","92,338,000","80,988,000","83,875,000","90,164,000","88,845,000","79,803,000","85,781,000","86,036,000","82,004,000","71,770,000","78,228,000","80,338,000","74,941,000","69,688,000","75,220,000","79,434,000","76,558,000","70,800,000","74,771,000","76,390,000","72,840,000","63,062,000","70,475,000","77,911,000","85,104,000","82,158,000","88,818,000","101,883,000","101,141,000","96,197,000","95,642,000","107,597,000","113,892,000","107,143,000","104,314,000","116,345,000","105,947,000","95,310,000","103,024,000","107,164,000","98,326,000","88,960,000","92,339,000","101,994,000","99,535,000","87,988,000","89,468,000","96,052,000","91,044,000","86,734,000","90,697,000","97,503,000","89,022,000","79,855,000","88,108,000","91,782,000","93,660,000","82,955,000","81,192,000","85,000,000","79,100,000","71,500,000","75,400,000","75,300,000","69,900,000","61,300,000","64,900,000","67,200,000","64,500,000","56,600,000","57,000,000","62,900,000","58,400,000","51,100,000","55,000,000","55,900,000","50,600,000","44,500,000","47,400,000","50,800,000","48,000,000","42,900,000","44,500,000","46,400,000","41,300,000","36,000,000","39,700,000","42,200,000","36,100,000","32,400,000","34,000,000","32,300,000","31,500,000","28,900,000","31,300,000","33,600,000","32,100,000","30,100,000","31,500,000","31,100,000","29,800,000",,,,,,,,,,,,,,,,
GrossProfit,"580,552,000","140,961,000","150,087,000","148,003,000","141,501,000","135,034,000","137,618,000","122,177,000","59,646,000","99,553,000","115,829,000","112,019,000","103,557,000","103,083,000","114,466,000","115,372,000","107,797,000","108,907,000","116,194,000","112,015,000","107,119,000","109,596,000","121,021,000","113,737,000","104,160,000","104,419,000","116,205,000","111,742,000","100,182,000","102,647,000","114,156,000","106,203,000","94,144,000","97,862,000","106,000,000","103,877,000","91,311,000","100,309,000","96,055,000","90,742,000","79,820,000","85,417,000","88,019,000","80,547,000","73,525,000","79,085,000","83,366,000","80,579,000","74,275,000","81,265,000","86,248,000","79,372,000","66,932,000","74,156,000","85,899,000","90,475,000","86,254,000","96,435,000","106,337,000","99,525,000","90,907,000","95,431,000","111,264,000","109,048,000","103,891,000","104,774,000","109,242,000","96,097,000","97,084,000","104,610,000","109,638,000","99,119,000","90,654,000","97,962,000","103,275,000","95,817,000","80,646,000","85,912,000","92,382,000","84,636,000","78,158,000","84,256,000","90,250,000","81,623,000","72,261,000","79,491,000","83,636,000","83,685,000","81,458,000","82,549,000","83,900,000","78,800,000","70,700,000","74,400,000","74,600,000","69,100,000","60,700,000","64,500,000","66,900,000","63,700,000","56,400,000","57,700,000","62,800,000","58,700,000","52,200,000","55,800,000","55,600,000","50,400,000","44,200,000","47,000,000","52,000,000","46,500,000","41,800,000","43,500,000","45,700,000","39,900,000","35,900,000","38,000,000","39,800,000","34,500,000","31,000,000","32,000,000","32,600,000","30,300,000","28,900,000","30,600,000","36,600,000","30,300,000","27,600,000","28,600,000","32,500,000","28,200,000",,,,,,,,,,,,,,,,
OperatingExpense,"461,659,000","115,154,000","117,952,000","116,156,000","112,397,000","109,762,000","107,004,000","100,102,000","72,633,000","97,550,000","108,637,000","104,184,000","95,785,000","98,861,000","101,902,000","103,195,000","98,750,000","100,974,000","103,582,000","102,079,000","96,856,000","100,431,000","104,468,000","101,761,000","96,768,000","96,392,000","101,108,000","98,732,000","92,736,000","92,254,000","118,741,000","93,572,000","86,280,000","87,641,000","90,398,000","88,259,000","83,153,000","86,589,000","85,869,000","85,112,000","76,414,000","81,303,000","81,626,000","80,468,000","74,451,000","79,488,000","79,230,000","79,298,000","74,910,000","78,839,000","78,617,000","78,464,000","73,248,000","81,294,000","86,551,000","93,311,000","90,506,000","94,800,000","103,009,000","100,205,000","93,947,000","95,272,000","104,277,000","103,774,000","98,574,000","98,584,000","100,951,000","93,306,000","95,560,000","-989,000","100,028,000","93,522,000","85,144,000","88,154,000","89,020,000","85,932,000","77,459,000","78,075,000","82,072,000","80,008,000","71,373,000","73,488,000","74,031,000","73,211,000","68,341,000","72,506,000","71,018,000","72,389,000","72,385,000","72,870,000","70,900,000","68,600,000","63,800,000","65,600,000","64,300,000","62,900,000","58,700,000","59,800,000","59,200,000","58,000,000","54,600,000","53,900,000","54,700,000","52,800,000","50,300,000","51,700,000","46,600,000","45,700,000","42,600,000","43,200,000","32,200,000","45,400,000","42,500,000","39,300,000","50,600,000","37,000,000","34,000,000","35,600,000","36,300,000","33,400,000","31,000,000","31,800,000","31,500,000","30,100,000","28,600,000","29,800,000","33,000,000","28,700,000","27,000,000","27,300,000","27,700,000","26,500,000",,,,,,,,,,,,,,,,
	SellingGeneralAndAdministration,"461,659,000","115,154,000","117,952,000","116,156,000","112,397,000","109,762,000","107,007,000","100,097,000","72,649,000","97,535,000","108,632,000","104,161,000","95,784,000","98,879,000","101,914,000","103,185,000","98,753,000","101,004,000","103,574,000","102,099,000","96,837,000","100,374,000","104,427,000","101,745,000","96,711,000","96,353,000","101,034,000","98,720,000","92,744,000","92,303,000","118,762,000","93,575,000","86,266,000","87,674,000","90,454,000","88,286,000","83,197,000","86,662,000","86,098,000","85,082,000","76,409,000","81,237,000","81,583,000","80,445,000","74,369,000","79,469,000","78,872,000","79,272,000","74,875,000","78,879,000","78,471,000","78,314,000","72,860,000","80,879,000","84,897,000","93,311,000","90,506,000","94,800,000","101,681,000","100,205,000","93,947,000","95,272,000","103,621,000","103,774,000","98,574,000","98,584,000","100,951,000","93,306,000","95,560,000","100,095,000","100,028,000","93,522,000","85,144,000","88,922,000","89,020,000","85,932,000","77,459,000","79,189,000","82,072,000","80,008,000","71,373,000","72,781,000","74,031,000","73,211,000","68,341,000","72,506,000","71,018,000","72,389,000","68,397,000","68,949,000","67,100,000","64,900,000","60,100,000","62,000,000","60,600,000","59,300,000","55,200,000","56,300,000","55,700,000","54,500,000","51,100,000","50,600,000","51,500,000","49,700,000","47,100,000","48,600,000","43,700,000","43,000,000","40,100,000","40,700,000","29,900,000","43,300,000","40,500,000","37,300,000","48,700,000","35,300,000","32,300,000","34,000,000","34,700,000","31,800,000","29,500,000","30,400,000","30,100,000","28,700,000","27,300,000","28,500,000","31,700,000","27,400,000","25,700,000","26,000,000","26,500,000","25,300,000",,,,,,,,,,,,,,,,
		GeneralAndAdministrativeExpense,,"115,154,000",,"116,156,000",,,"107,007,000","100,097,000","72,649,000","97,535,000","108,632,000","104,161,000","95,784,000","98,879,000","101,914,000","103,185,000","98,753,000","101,004,000","103,574,000","102,099,000","96,837,000","100,374,000","104,427,000","101,745,000","96,711,000","96,353,000","101,034,000","98,720,000","92,744,000","92,303,000","118,762,000","93,575,000","86,266,000","87,674,000","90,454,000","88,286,000","83,197,000","86,662,000","86,098,000",,,,,,,,,,,,,,,,,,,,,,,,,,,,,,,,,,,,,,,,,,,,,,,,,,,,,,,,,,,,,,,,,,,,,,,,,,,,,,,,,,,,,,,,,,,,,,,,,,,,,,,,,,,,,
			SalariesAndWages,,,,,,,,,,,,,,,,,,,,,,,,,,,,,,,"21,623,000",,,,,,,,,,,,,,,,,,,,,,,,,,,,,,,,,,,,,,,,,,,,,,,,,,,,,,,,,,,,,,,,,,,,,,,,,,,,,,,,,,,,,,,,,,,,,,,,,,,,,,,,,,,,,,,,,,,,,
			OtherGandA,,"115,154,000",,"116,156,000",,,"107,007,000","100,097,000","72,649,000","97,535,000","108,632,000","104,161,000","95,784,000","98,879,000","101,914,000","103,185,000","98,753,000","101,004,000","103,574,000","102,099,000","96,837,000","100,374,000","104,427,000","101,745,000","96,711,000","96,353,000","101,034,000","98,720,000","92,744,000","92,303,000","97,139,000","93,575,000","86,266,000","87,674,000","90,454,000","88,286,000","83,197,000","86,662,000","86,098,000",,,,,,,,,,,,,,,,,,,,,,,,,,,,,,,,,,,,,,,,,,,,,,,,,,,,,,,,,,,,,,,,,,,,,,,,,,,,,,,,,,,,,,,,,,,,,,,,,,,,,,,,,,,,,
	DepreciationAmortizationDepletionIncomeStatement,,,,,,,,,,,,,,,,,,,,,,,,,,,,,,,,,,,,,,,,,,,,,,,,,,,,,,,,,,,,,,,,,,,,,,,,,,,,,,,,,,,,,,,,,"3,988,000","3,921,000","3,800,000","3,700,000","3,700,000","3,600,000","3,700,000","3,600,000","3,500,000","3,500,000","3,500,000","3,500,000","3,500,000","3,300,000","3,200,000","3,100,000","3,200,000","3,100,000","2,900,000","2,700,000","2,500,000","2,500,000","2,300,000","2,100,000","2,000,000","2,000,000","1,900,000","1,700,000","1,700,000","1,600,000","1,600,000","1,600,000","1,500,000","1,400,000","1,400,000","1,400,000","1,300,000","1,300,000","1,300,000","1,300,000","1,300,000","1,300,000","1,200,000","1,200,000",,,,,,,,,,,,,,,,
		DepreciationAndAmortizationInIncomeStatement,,,,,,,,,,,,,,,,,,,,,,,,,,,,,,,,,,,,,,,,,,,,,,,,,,,,,,,,,,,,,,,,,,,,,,,,,,,,,,,,,,,,,,,,,"3,988,000","3,921,000","3,800,000","3,700,000","3,700,000","3,600,000","3,700,000","3,600,000","3,500,000","3,500,000","3,500,000","3,500,000","3,500,000","3,300,000","3,200,000","3,100,000","3,200,000","3,100,000","2,900,000","2,700,000","2,500,000","2,500,000","2,300,000","2,100,000","2,000,000","2,000,000","1,900,000","1,700,000","1,700,000","1,600,000","1,600,000","1,600,000","1,500,000","1,400,000","1,400,000","1,400,000","1,300,000","1,300,000","1,300,000","1,300,000","1,300,000","1,300,000","1,200,000","1,200,000",,,,,,,,,,,,,,,,
	ProvisionForDoubtfulAccounts,"103,000",,,,,,,"20,000","3,000","34,000","24,000","42,000","20,000","4,000","10,000","34,000","22,000","2,000","43,000","18,000","61,000","102,000","97,000","70,000","111,000","104,000","147,000","83,000","61,000","23,000","54,000","69,000","85,000","48,000","24,000","51,000","32,000","13,000","64,000","30,000","5,000","66,000","43,000","23,000","82,000","19,000","103,000","71,000","43,000","162,000","166,000","150,000","247,000","415,000",,,,,,,,,,,,,,,,,,,,,,,,,,,,,,,,,,,,,,,,,,,,,,,,,,,,,,,,,,,,,,,,,,,,,,,,,,,,,,,,,,,,,,,,,,,,,,
	OtherOperatingExpenses,,,,,,,,"-15,000","-19,000","-19,000","-19,000","-19,000","-19,000","-22,000","-22,000","-24,000","-25,000","-32,000","-35,000","-38,000","-42,000","-45,000","-56,000","-54,000","-54,000","-65,000","-73,000","-71,000","-69,000","-72,000","-75,000","-72,000","-71,000","-81,000","-80,000","-78,000","-76,000","-86,000","-77,000",,,,,,"-86,000",,,"-45,000","-8,000","-202,000",,,"141,000",,,,,,,,,,,,,,,,,"-101,084,000",,,,"-768,000",,,,"-1,114,000",,,,"707,000",,,,,,,,,,,,,,,,,,,,,,,,,,,,,,,,,,,,,,,,,,,,,,,,,,,,,,,,,,,,,,,,,,
OperatingIncome,"118,893,000","25,807,000","32,135,000","31,847,000","29,104,000","25,272,000","30,614,000","22,075,000","-12,987,000","2,003,000","7,192,000","7,835,000","7,772,000","4,222,000","12,564,000","12,177,000","9,047,000","7,933,000","12,612,000","9,936,000","10,263,000","9,165,000","16,553,000","11,976,000","7,392,000","8,027,000","15,097,000","13,010,000","7,446,000","10,393,000","-4,585,000","12,631,000","7,864,000","10,221,000","15,602,000","15,618,000","8,158,000","13,720,000","10,186,000","5,630,000","3,406,000","4,114,000","6,393,000","79,000","-926,000","-403,000","4,136,000","1,281,000","-635,000","2,426,000","7,631,000","908,000","-6,627,000","-7,138,000","-652,000","-2,836,000","-4,252,000","1,635,000","3,328,000","-680,000","-3,040,000","159,000","6,987,000","5,274,000","5,317,000","6,190,000","8,291,000","2,791,000","1,524,000","105,599,000","9,610,000","5,597,000","5,510,000","9,808,000","14,255,000","9,885,000","3,187,000","7,837,000","10,310,000","4,628,000","6,785,000","10,768,000","16,219,000","8,412,000","3,920,000","6,985,000","12,618,000","11,296,000","9,073,000","9,679,000","13,000,000","10,200,000","6,900,000","8,800,000","10,300,000","6,200,000","2,000,000","4,700,000","7,700,000","5,700,000","1,800,000","3,800,000","8,100,000","5,900,000","1,900,000","4,100,000","9,000,000","4,700,000","1,600,000","3,800,000","19,800,000","1,100,000","-700,000","4,200,000","-4,900,000","2,900,000","1,900,000","2,400,000","3,500,000","1,100,000","0","200,000","1,100,000","200,000","300,000","800,000","3,600,000","1,600,000","600,000","1,300,000","4,800,000","1,700,000","52,800,000","57,800,000","-160,500,000","56,900,000","52,400,000","57,500,000","-152,200,000","56,800,000","49,600,000","54,600,000","-145,000,000","54,400,000","49,000,000","48,300,000","-129,300,000","50,300,000"
NetNonOperatingInterestIncomeExpense,"249,000","74,000","58,000","58,000","59,000","56,000","62,000","51,000","-200,000","214,000","307,000","292,000","339,000","349,000","-239,000","-260,000","-454,000","-471,000","-470,000","-493,000","-565,000","-583,000","-514,000","-556,000","-541,000","-622,000","-675,000","-594,000","-528,000","-492,000","-385,000","-175,000","-218,000","-273,000","-270,000","-282,000","-277,000","-278,000","-151,000","-154,000","-158,000","-161,000","-161,000","-177,000","-178,000","-222,000","-199,000","-202,000","-206,000","-208,000","-213,000","-212,000","-203,000","-89,000",,,,,,,,,,,,,,,,,,,,,,,,,,,,,,,,,,,,,,,,,,,,,,,,,,,,,,,,,,,,,,,,,,,,,,,,,,,,,,,,,,,,,,,,,,,,,,
	InterestIncomeNonOperating,"249,000","74,000","58,000","58,000",,"56,000",,,,"214,000",,,,,,,,,,,,,,,,,,,,,,,,,,,,,,,,,,,,,,,,,,,,"32,000",,,,,,,,,,,,,,,,,,,,,,,,,,,,,,,,,,,,,,,,,,,,,,,,,,,,,,,,,,,,,,,,,,,,,,,,,,,,,,,,,,,,,,,,,,,,,,
	InterestExpenseNonOperating,,,,,,,,,,,,,,,,,,,,,,,,,,,,,,,,,,,,,,,,"154,000","158,000",,,,"178,000",,"199,000","202,000","206,000",,"213,000","212,000","203,000","121,000",,,,,,,,,,,,,,,,,,,,,,,,,,,,,,,,,,,,,,,,,,,,,,,,,,,,,,,,,,,,,,,,,,,,,,,,,,,,,,,,,,,,,,,,,,,,,,
	TotalOtherFinanceCost,,,,,"-59,000",,"-62,000","-51,000","200,000",,"-307,000","-292,000","-339,000","-349,000","239,000","260,000","454,000","471,000","470,000","493,000","565,000","583,000","514,000","556,000","541,000","622,000","675,000","594,000","528,000","492,000","385,000","175,000","218,000","273,000","270,000","282,000","277,000","278,000","150,000","154,000","158,000","161,000",,"177,000","178,000","222,000",,,,"208,000",,,"203,000",,,,,,,,,,,,,,,,,,,,,,,,,,,,,,,,,,,,,,,,,,,,,,,,,,,,,,,,,,,,,,,,,,,,,,,,,,,,,,,,,,,,,,,,,,,,,,,
OtherIncomeExpense,"-251,000","-161,000","-94,000","-2,000","6,000","36,000","598,000","2,406,000","31,812,000","83,000","93,000","42,000","126,000","154,000","12,000","-713,000","-183,000","995,000","1,928,000","276,000","-4,000","1,158,000","1,308,000","705,000","1,911,000","182,000","672,000","-2,000","921,000","27,000","-8,000","12,000","166,000","8,000","451,000","52,000","-15,000","8,000","58,000","160,000","518,000","68,000","-172,000","185,000","86,000","98,000",,,,,,,,"42,000","-1,480,000","827,000","574,000","42,000","-1,711,000","668,000","777,000","1,135,000","-1,747,000","631,000","629,000","1,980,000","2,009,000","3,482,000","855,000","1,448,000","4,601,000","1,979,000","1,427,000","1,893,000","2,068,000","2,835,000","1,397,000","2,247,000","3,618,000","6,313,000","1,002,000","1,333,000","2,672,000","2,823,000","2,899,000","2,991,000","3,164,000","3,208,000","3,095,000","3,436,000","3,700,000","3,600,000","3,800,000","4,100,000","3,200,000","4,300,000","4,600,000","4,100,000","4,200,000","4,100,000","4,100,000","3,900,000","3,800,000","3,400,000","3,200,000","3,300,000","700,000","3,100,000","4,600,000","3,200,000","-9,500,000","5,800,000","5,900,000","2,900,000","13,200,000","2,600,000","2,400,000","2,600,000","2,500,000","2,500,000","2,100,000","2,800,000","2,100,000","2,500,000","2,500,000","2,400,000","2,300,000","2,600,000","2,500,000","2,900,000","2,600,000","2,800,000",,,,,,,,,,,,,,,,
	SpecialIncomeCharges,,,,,,,,,,,,,,,,,,,,,,,,,,,,,,,,,,,,,,,,"160,000","518,000","68,000","-172,000","185,000","86,000","98,000",,,,,,,,"42,000","-1,480,000","827,000","574,000","42,000","-1,711,000","668,000","777,000","1,135,000","-1,747,000","631,000","629,000","1,980,000","2,009,000","3,482,000","855,000","1,448,000","4,601,000","1,979,000","1,427,000","1,893,000","2,068,000","2,835,000","1,397,000","2,247,000","3,618,000","6,313,000","1,002,000","1,333,000","2,672,000","2,823,000","2,899,000","2,991,000","3,164,000","3,208,000","3,095,000","3,436,000","3,700,000","3,600,000","3,800,000","4,100,000","3,200,000","4,300,000","4,600,000","4,100,000","4,200,000","4,100,000","4,100,000","3,900,000","3,800,000","3,400,000","3,200,000","3,300,000","700,000","3,100,000","4,600,000","3,200,000","-9,500,000","5,800,000","5,900,000","2,900,000","13,200,000","2,600,000","2,400,000","2,600,000","2,500,000","2,500,000","2,100,000","2,800,000","2,100,000","2,500,000","2,500,000","2,400,000","2,300,000","2,600,000","2,500,000","2,900,000","2,600,000","2,800,000",,,,,,,,,,,,,,,,
	OtherNonOperatingIncomeExpenses,"-251,000","-161,000","-94,000","-2,000","6,000","36,000","598,000","2,406,000","31,812,000","83,000","93,000","42,000","126,000","154,000","12,000","-713,000","-183,000","995,000","1,928,000","276,000","-4,000","1,158,000","1,308,000","705,000","1,911,000","182,000","672,000","-2,000","921,000","27,000","-8,000","12,000","166,000","8,000","451,000","52,000","-15,000","8,000","58,000",,,,,,,,,,,,,,,,,,,,,,,,,,,,,,,,,,,,,,,,,,,,,,,,,,,,,,,,,,,,,,,,,,,,,,,,,,,,,,,,,,,,,,,,,,,,,,,,,,,,,,,,,,,,,
PretaxIncome,"118,891,000","25,720,000","32,099,000","31,903,000","29,169,000","25,364,000","31,274,000","24,532,000","18,625,000","2,300,000","7,592,000","8,169,000","8,237,000","4,725,000","12,337,000","11,204,000","8,410,000","8,457,000","14,070,000","9,719,000","9,694,000","9,740,000","17,347,000","12,125,000","8,762,000","7,587,000","15,094,000","12,414,000","7,839,000","9,928,000","-4,978,000","12,468,000","7,812,000","9,956,000","15,783,000","15,388,000","7,866,000","13,450,000","10,093,000","5,636,000","3,766,000","4,021,000","6,060,000","87,000","-1,018,000","-527,000","5,652,000","1,246,000","-657,000","2,432,000","7,608,000","696,000","-6,519,000","-7,193,000","-2,174,000","-2,282,000","-3,884,000","1,808,000","2,201,000","559,000","-2,169,000","1,353,000","5,459,000","6,111,000","5,850,000","8,204,000","10,402,000","6,107,000","1,982,000","5,062,000","13,558,000","6,835,000","5,973,000","9,808,000","15,634,000","11,834,000","3,420,000","7,837,000","12,693,000","9,454,000","5,988,000","10,768,000","16,369,000","9,101,000","4,058,000","6,812,000","12,888,000","11,616,000","9,107,000","10,250,000","14,000,000","11,200,000","7,800,000","9,800,000","10,600,000","7,300,000","3,100,000","5,300,000","8,300,000","6,100,000","2,200,000","4,200,000","8,000,000","5,700,000","1,400,000","4,000,000","6,700,000","5,000,000","3,400,000","4,400,000","7,800,000","4,700,000","3,400,000","4,400,000","6,300,000","3,900,000","2,400,000","3,000,000","4,000,000","1,800,000","200,000","1,100,000","1,400,000","600,000","500,000","1,000,000","3,500,000","2,000,000","1,100,000","2,100,000","5,300,000","2,400,000",,,,,,,,,,,,,,,,
TaxProvision,"28,133,000","6,359,000","7,793,000","7,670,000","6,311,000","5,958,000","5,846,000","6,271,000","4,985,000","481,000","1,492,000","2,072,000","2,191,000","1,104,000","2,909,000","2,852,000","2,196,000","2,144,000","11,149,000","3,736,000","3,509,000","3,754,000","6,400,000","4,759,000","3,388,000","2,918,000","5,912,000","4,759,000","3,006,000","3,809,000","5,214,000","4,644,000","2,983,000","3,827,000","6,102,000","5,894,000","3,036,000","5,190,000","3,314,000","2,322,000","1,405,000","1,564,000","-10,897,000","-31,000","-76,000","144,000","143,000","59,000","-51,000","78,000","-1,557,000","195,000","63,000","70,000","7,135,000","-767,000","-1,575,000","776,000","566,000","-84,000","-818,000","522,000","2,289,000","1,975,000","2,259,000","3,101,000","3,648,000","2,291,000","673,000","1,888,000","4,983,000","2,551,000","2,228,000","3,658,000","5,785,000","4,437,000","1,283,000","2,939,000","4,759,000","3,545,000","2,246,000","4,038,000","6,140,000","3,490,000","1,495,000","2,505,000","4,705,000","4,240,000","3,324,000","3,741,000","5,100,000","4,000,000","2,800,000","3,500,000","3,900,000","2,600,000","1,100,000","1,900,000","2,900,000","2,200,000","800,000","1,500,000","2,900,000","2,000,000","500,000","1,500,000","2,400,000","1,900,000","1,300,000","1,700,000","3,000,000","1,800,000","1,300,000","1,700,000","2,400,000","1,500,000","900,000","1,100,000","1,500,000","700,000","100,000","400,000","500,000","200,000","200,000","400,000","900,000","600,000","300,000","600,000","1,500,000","700,000",,,,,,,,,,,,,,,,
NetIncomeCommonStockholders,"90,758,000","19,361,000","24,306,000","24,233,000","22,858,000","19,406,000","25,428,000","18,261,000","13,640,000","1,819,000","6,100,000","6,097,000","6,046,000","3,621,000","9,428,000","8,352,000","6,214,000","6,313,000","2,921,000","5,983,000","6,185,000","5,986,000","10,947,000","7,366,000","5,374,000","4,669,000","9,182,000","7,655,000","4,833,000","6,119,000","-10,192,000","7,824,000","4,829,000","6,129,000","9,681,000","9,494,000","4,830,000","8,260,000","6,779,000","3,314,000","2,361,000","2,457,000","16,957,000","118,000","-942,000","-671,000","5,509,000","1,187,000","-606,000","2,354,000","9,165,000","501,000","-6,582,000","-7,263,000","-9,309,000","-1,515,000","-2,309,000","1,032,000","1,635,000","643,000","-1,351,000","831,000","3,170,000","4,136,000","3,591,000","5,103,000","6,754,000","3,816,000","1,309,000","3,174,000","8,575,000","4,284,000","3,745,000","6,150,000","10,899,000","7,397,000","2,137,000","4,898,000","7,934,000","5,909,000","3,742,000","6,730,000","10,229,000","5,611,000","2,563,000","4,307,000","8,183,000","7,376,000","5,783,000","3,153,000","8,900,000","7,200,000","5,000,000","6,300,000","6,700,000","4,700,000","2,000,000","3,400,000","5,400,000","3,900,000","1,400,000","2,700,000","5,100,000","3,700,000","900,000","2,500,000","4,300,000","3,100,000","2,100,000","2,700,000","4,800,000","2,900,000","2,100,000","2,700,000","3,900,000","2,400,000","1,500,000","1,900,000","2,500,000","1,100,000","100,000","700,000","900,000","400,000","300,000","600,000","2,600,000","1,400,000","800,000","1,500,000","3,800,000","1,700,000",,,,,,,,,,,,,,,,
	NetIncome,"90,758,000","19,361,000","24,306,000","24,233,000","22,858,000","19,406,000","25,428,000","18,261,000","13,640,000","1,819,000","6,100,000","6,097,000","6,046,000","3,621,000","9,428,000","8,352,000","6,214,000","6,313,000","2,921,000","5,983,000","6,185,000","5,986,000","10,947,000","7,366,000","5,374,000","4,669,000","9,182,000","7,655,000","4,833,000","6,119,000","-10,192,000","7,824,000","4,829,000","6,129,000","9,681,000","9,494,000","4,830,000","8,260,000","6,779,000","3,314,000","2,361,000","2,457,000","16,957,000","118,000","-942,000","-671,000","5,509,000","1,187,000","-606,000","2,354,000","9,165,000","501,000","-6,582,000","-7,263,000","-9,309,000","-1,515,000","-2,309,000","1,032,000","1,635,000","643,000","-1,351,000","831,000","3,170,000","4,136,000","3,591,000","5,103,000","6,754,000","3,816,000","1,309,000","3,174,000","8,575,000","4,284,000","3,745,000","6,150,000","10,899,000","7,397,000","2,137,000","4,898,000","7,934,000","5,909,000","3,742,000","6,730,000","10,229,000","5,611,000","2,563,000","4,307,000","8,183,000","7,376,000","5,783,000","3,153,000","8,900,000","7,200,000","5,000,000","6,300,000","6,700,000","4,700,000","2,000,000","3,400,000","5,400,000","3,900,000","1,400,000","2,700,000","5,100,000","3,700,000","900,000","2,500,000","4,300,000","3,100,000","2,100,000","2,700,000","4,800,000","2,900,000","2,100,000","2,700,000","3,900,000","2,400,000","1,500,000","1,900,000","2,500,000","1,100,000","100,000","700,000","900,000","400,000","300,000","600,000","2,600,000","1,400,000","800,000","1,500,000","3,800,000","1,700,000",,,,,,,,,,,,,,,,
		NetIncomeIncludingNoncontrollingInterests,"90,758,000","19,361,000","24,306,000","24,233,000","22,858,000","19,406,000","25,428,000","18,261,000","13,640,000","1,819,000","6,100,000","6,097,000","6,046,000","3,621,000","9,428,000","8,352,000","6,214,000","6,313,000","2,921,000","5,983,000","6,185,000","5,986,000","10,947,000","7,366,000","5,374,000","4,669,000","9,182,000","7,655,000","4,833,000","6,119,000","-10,192,000","7,824,000","4,829,000","6,129,000","9,681,000","9,494,000","4,830,000","8,260,000","6,779,000","3,314,000","2,361,000","2,457,000","16,957,000","118,000","-942,000","-671,000","5,509,000","1,187,000","-606,000","2,354,000","9,165,000","501,000","-6,582,000","-7,263,000","-9,309,000","-1,515,000","-2,309,000","1,032,000","1,635,000","643,000","-1,351,000","831,000","3,170,000","4,136,000","3,591,000","5,103,000","6,754,000","3,816,000","1,309,000","3,174,000","8,575,000","4,284,000","3,745,000","6,150,000","10,899,000","7,397,000","2,137,000","4,898,000","7,934,000","5,909,000","3,742,000","6,730,000","10,229,000","5,611,000","2,563,000","4,307,000","8,183,000","7,376,000","5,783,000","3,153,000","8,900,000","7,200,000","5,000,000","6,300,000","6,700,000","4,700,000","2,000,000","3,400,000","5,400,000","3,900,000","1,400,000","2,700,000","5,100,000","3,700,000","900,000","2,500,000","4,300,000","3,100,000","2,100,000","2,700,000","4,800,000","2,900,000","2,100,000","2,700,000","3,900,000","2,400,000","1,500,000","1,900,000","2,500,000","1,100,000","100,000","700,000","900,000","400,000","300,000","600,000","2,600,000","1,400,000","800,000","1,500,000","3,800,000","1,700,000","700,000","1,600,000","2,400,000","1,800,000","1,300,000","2,300,000","2,300,000","2,300,000","1,800,000","2,300,000","2,400,000","2,100,000","1,600,000","1,100,000","1,900,000","1,700,000"
			NetIncomeContinuousOperations,"90,758,000","19,361,000","24,306,000","24,233,000","22,858,000","19,406,000","25,428,000","18,261,000","13,640,000","1,819,000","6,100,000","6,097,000","6,046,000","3,621,000","9,428,000","8,352,000","6,214,000","6,313,000","2,921,000","5,983,000","6,185,000","5,986,000","10,947,000","7,366,000","5,374,000","4,669,000","9,182,000","7,655,000","4,833,000","6,119,000","-10,192,000","7,824,000","4,829,000","6,129,000","9,681,000","9,494,000","4,830,000","8,260,000","6,779,000","3,314,000","2,361,000","2,457,000","16,957,000","118,000","-942,000","-671,000","5,509,000","1,187,000","-606,000","2,354,000","9,165,000","501,000","-6,582,000","-7,263,000","-9,309,000","-1,515,000","-2,309,000","1,032,000","1,635,000","643,000","-1,351,000","831,000","3,170,000","4,136,000","3,591,000","5,103,000","6,754,000","3,816,000","1,309,000","3,174,000","8,575,000","4,284,000","3,745,000","6,150,000","9,849,000","7,397,000","2,137,000","4,898,000","7,934,000","5,909,000","3,742,000","6,730,000","10,229,000","5,611,000","2,563,000","4,307,000","8,183,000","7,376,000","5,783,000","6,509,000","8,900,000","7,200,000","5,000,000","6,300,000","6,700,000","4,700,000","2,000,000","3,400,000","5,400,000","3,900,000","1,400,000","2,700,000","5,100,000","3,700,000","900,000","2,500,000","4,300,000","3,100,000","2,100,000","2,700,000","4,800,000","2,900,000","2,100,000","2,700,000","3,900,000","2,400,000","1,500,000","1,900,000","2,500,000","1,100,000","100,000","700,000","900,000","400,000","300,000","600,000","2,600,000","1,400,000","800,000","1,500,000","3,800,000","1,700,000","700,000","1,600,000","2,400,000","1,800,000","1,300,000","2,300,000","2,300,000","2,300,000","1,800,000","2,300,000","2,400,000","2,100,000","1,600,000","1,100,000","1,900,000","1,700,000"
			NetIncomeFromTaxLossCarryforward,,,,,,,,,,,,,,,,,,,,,,,,,,,,,,,,,,,,,,,,,,,,,,,,,,,,,,,,,,,,,,,,,,,,,,,,,,,,,,,,,,,,,,,"0",,,"-3,356,000",,,,,,,,,,,,,,,,,,,,,,,,,,,,,,,,,,,,,,,,,,,,,,,,,,,,,,,,,,
DilutedNIAvailtoComStockholders,"90,758,000","19,361,000","24,306,000","24,233,000","22,858,000","19,406,000","25,428,000","18,261,000","13,640,000","1,819,000","6,100,000","6,097,000","6,046,000","3,621,000","9,428,000","8,352,000","6,214,000","6,313,000","2,921,000","5,983,000","6,185,000","5,986,000","10,947,000","7,366,000","5,374,000","4,669,000","9,182,000","7,655,000","4,833,000","6,119,000","-10,192,000","7,824,000","4,829,000","6,129,000","9,681,000","9,494,000","4,830,000","8,260,000","6,779,000","3,314,000","2,361,000","2,457,000","16,957,000","118,000","-942,000","-671,000","5,509,000","1,187,000","-606,000","2,354,000","9,165,000","501,000","-6,582,000","-7,263,000","-9,309,000","-1,515,000","-2,309,000","1,032,000","1,635,000","643,000","-1,351,000","831,000","3,170,000","4,136,000","3,591,000","5,103,000","6,754,000","3,816,000","1,309,000","3,174,000","8,575,000","4,284,000","3,745,000","6,150,000","10,899,000","7,397,000","2,137,000","4,898,000","7,934,000","5,909,000","3,742,000","6,730,000","10,229,000","5,611,000","2,563,000","4,307,000","8,183,000","7,376,000","5,783,000","3,153,000","8,900,000","7,200,000","5,000,000","6,300,000","6,700,000","4,700,000","2,000,000","3,400,000","5,400,000","3,900,000","1,400,000","2,700,000","5,100,000","3,700,000","900,000","2,500,000","4,300,000","3,100,000","2,100,000","2,700,000","4,800,000","2,900,000","2,100,000","2,700,000","3,900,000","2,400,000","1,500,000","1,900,000","2,500,000","1,100,000","100,000","700,000","900,000","400,000","300,000","600,000","2,600,000","1,400,000","800,000","1,500,000","3,800,000","1,700,000",,,,,,,,,,,,,,,,
BasicEPS,,"1.14","1.419","1.36","1.245","1.07","1.396","1.003","0.73","0.1","0.319","0.311","0.307","0.176","0.459","0.4","0.3","0.3","0.138","0.28","0.29","0.28","0.52","0.35","0.25","0.21","0.42","0.34","0.21","0.27","-0.45","0.35","0.21","0.27","0.43","0.42","0.22","0.37","0.31","0.15","0.11","0.11",,"0.01","-0.05","-0.03",,"0.05","-0.03","0.11",,"0.02","-0.31","-0.34",,"-0.07","-0.11","0.05",,"0.03","-0.06","0.04",,"0.18","0.16","0.23",,"0.17","0.06","0.14",,"0.19","0.17","0.27",,"0.34","0.1","0.22",,"0.27","0.17","0.31",,"0.27","0.12","0.21",,"0.36","0.28","0.16",,"0.32","0.11","0.14",,"0.105","0.045","0.075",,"0.085","0.03","0.06",,"0.08","0.02","0.055",,"0.07","0.045","0.06",,"0.065","0.045","0.06",,"0.055","0.023","0.037",,"0.023","0.003","0.017",,"0.01","0.007","0.013",,"0.03","0.017","0.03",,"0.033","0.017","0.03",,"0.033","0.027","0.043",,"0.043","0.033","0.043",,"0.04","0.03","0.01",,"0.017"
DilutedEPS,,"1.11","1.35","1.31","1.21","1.04","1.37","0.97","0.72","0.09","0.31","0.31","0.29","0.17","0.45","0.39","0.29","0.29","0.13","0.28","0.29","0.28","0.51","0.34","0.24","0.21","0.41","0.34","0.21","0.27","-0.45","0.34","0.21","0.27","0.42","0.42","0.21","0.36","0.3","0.15","0.11","0.11",,"0.01","-0.05","-0.03",,"0.05","-0.03","0.11",,"0.02","-0.31","-0.34",,"-0.07","-0.11","0.05",,"0.03","-0.06","0.04",,"0.18","0.16","0.23",,"0.14","0.05","0.14",,"0.19","0.16","0.27",,"0.33","0.1","0.22",,"0.27","0.17","0.3",,"0.26","0.12","0.2",,"0.35","0.28","0.15",,"0.31","0.105","0.14",,"0.105","0.045","0.07",,"0.085","0.03","0.06",,"0.08","0.02","0.055",,"0.07","0.045","0.06",,"0.065","0.045","0.06",,"0.055","0.023","0.037",,"0.023","0.003","0.017",,"0.01","0.007","0.013",,"0.03","0.017","0.03",,"0.033","0.017","0.03",,"0.033","0.027","0.043",,"0.043","0.033","0.043",,"0.04","0.03","0.01",,"0.017"
BasicAverageShares,,"16,983,333","17,125,000","17,820,000","18,357,000","18,136,449","18,212,000","18,208,000","17,245,000","18,190,000","19,113,000","19,621,000","19,704,000","20,571,000","20,537,000","20,903,000","21,078,000","21,185,000","21,220,000","21,219,000","21,178,000","21,110,000","21,104,000","21,104,000","21,672,000","22,152,000","22,154,000","22,509,000","23,014,286","22,650,000","20,551,000","22,686,000","22,616,000","22,515,000","22,514,000","22,502,000","22,421,000","22,498,000","22,145,000","19,163,000","19,023,000","18,865,000",,"18,666,000","18,600,000","18,534,000",,"18,472,000","18,060,000","17,578,000",,"17,437,000","21,384,000","17,322,000",,"17,213,000","17,162,000","17,112,000",,"18,460,000","18,558,000","18,486,000",,"18,410,000","18,308,000","18,163,000",,"22,584,000","22,742,000","18,374,000",,"18,252,000","18,221,000","22,451,000",,"21,986,000","21,862,000","21,827,000",,"21,693,000","21,631,000","21,406,000",,"21,058,000","20,936,000","20,807,000",,"20,632,000","20,522,000","21,097,000",,"22,500,000","22,486,000","22,346,000",,"22,278,000","22,776,000","23,482,798",,"23,428,000","23,188,000","23,384,000",,"23,468,000","23,388,000","23,356,000",,"22,620,000","23,080,000","23,080,000",,"22,924,000","22,826,000","23,134,000",,"22,744,000","22,254,000","17,998,000",,"17,056,000","17,010,000","16,938,000",,"16,886,000","16,964,000","17,020,000",,"17,046,000","17,090,000","17,142,000",,"17,106,000","17,430,000","18,360,000",,"17,448,000","17,434,000","17,802,000",,"17,802,000","17,812,000","17,956,000",,"17,830,000","17,830,000","17,968,000",,"17,944,000"
DilutedAverageShares,,"17,442,342","19,329,000","19,852,000","20,155,000","18,659,615","18,618,000","20,390,000","18,985,000","20,211,111","19,719,000","19,893,000","20,542,000","20,907,000","20,957,000","21,230,000","21,391,000","21,605,000","21,647,000","21,610,000","21,596,000","21,540,000","21,476,000","21,436,000","21,989,000","22,496,000","22,473,000","22,791,000","23,014,286","22,977,000","20,551,000","22,939,000","22,940,000","22,928,000","22,901,000","22,855,000","22,791,000","22,955,000","22,566,000","22,371,000","22,313,000","22,272,000",,"22,162,000","21,914,000","21,865,000",,"22,013,000","21,733,000","21,821,000",,"21,607,000","25,371,000","21,327,000",,"17,213,000","17,162,000","21,443,000",,"22,725,000","22,737,000","22,977,000",,"22,807,000","22,751,000","22,620,000",,"26,958,000","27,224,000","23,015,000",,"22,965,000","23,048,000","23,185,000",,"22,589,000","22,152,000","21,920,000",,"21,994,000","22,388,000","22,253,000",,"21,528,000","21,460,000","21,344,000",,"21,075,000","20,961,000","21,529,000",,"23,225,806","22,486,000","22,346,000",,"22,278,000","22,776,000","23,482,798",,"23,428,000","23,188,000","23,384,000",,"23,468,000","23,388,000","23,356,000",,"22,620,000","23,080,000","23,080,000",,"22,924,000","22,826,000","23,134,000",,"22,744,000","22,254,000","17,998,000",,"17,056,000","17,010,000","16,938,000",,"16,886,000","16,964,000","17,020,000",,"17,046,000","17,090,000","17,142,000",,"17,106,000","17,430,000","18,360,000",,"17,448,000","17,434,000","17,802,000",,"17,802,000","17,812,000","17,956,000",,"17,830,000","17,830,000","17,968,000",,"17,944,000"
TotalExpenses,"896,361,000","213,139,000","233,806,000","228,531,000","220,885,000","211,219,000","210,725,000","195,438,000","122,955,000","177,429,000","206,644,000","201,485,000","184,121,000","183,020,000","196,404,000","198,370,000","189,728,000","191,509,000","202,350,000","197,711,000","186,566,000","191,262,000","204,042,000","199,714,000","187,382,000","186,484,000","200,789,000","196,911,000","180,286,000","180,938,000","217,583,000","185,910,000","167,268,000","171,516,000","180,562,000","177,104,000","162,956,000","172,370,000","171,905,000","167,116,000","148,184,000","159,531,000","161,964,000","155,409,000","144,139,000","154,708,000","158,664,000","155,856,000","145,710,000","153,610,000","155,007,000","151,304,000","136,310,000","151,769,000","164,462,000","178,415,000","172,664,000","183,618,000","204,892,000","201,346,000","190,144,000","190,914,000","211,874,000","217,666,000","205,717,000","202,898,000","217,296,000","199,253,000","190,870,000","102,035,000","207,192,000","191,848,000","174,104,000","180,493,000","191,014,000","185,467,000","165,447,000","167,543,000","178,124,000","171,052,000","158,107,000","164,185,000","171,534,000","162,233,000","148,196,000","160,614,000","162,800,000","166,049,000","155,340,000","154,062,000","155,900,000","147,700,000","135,300,000","141,000,000","139,600,000","132,800,000","120,000,000","124,700,000","126,400,000","122,500,000","111,200,000","110,900,000","117,600,000","111,200,000","101,400,000","106,700,000","102,500,000","96,300,000","87,100,000","90,600,000","83,000,000","93,400,000","85,400,000","83,800,000","97,000,000","78,300,000","70,000,000","75,300,000","78,500,000","69,500,000","63,400,000","65,800,000","63,800,000","61,600,000","57,500,000","61,100,000","66,600,000","60,800,000","57,100,000","58,800,000","58,800,000","56,300,000",,,,,,,,,,,,,,,,
NetIncomeFromContinuingAndDiscontinuedOperation,"90,758,000","19,361,000","24,306,000","24,233,000","22,858,000","19,406,000","25,428,000","18,261,000","13,640,000","1,819,000","6,100,000","6,097,000","6,046,000","3,621,000","9,428,000","8,352,000","6,214,000","6,313,000","2,921,000","5,983,000","6,185,000","5,986,000","10,947,000","7,366,000","5,374,000","4,669,000","9,182,000","7,655,000","4,833,000","6,119,000","-10,192,000","7,824,000","4,829,000","6,129,000","9,681,000","9,494,000","4,830,000","8,260,000","6,779,000","3,314,000","2,361,000","2,457,000","16,957,000","118,000","-942,000","-671,000","5,509,000","1,187,000","-606,000","2,354,000","9,165,000","501,000","-6,582,000","-7,263,000","-9,309,000","-1,515,000","-2,309,000","1,032,000","1,635,000","643,000","-1,351,000","831,000","3,170,000","4,136,000","3,591,000","5,103,000","6,754,000","3,816,000","1,309,000","3,174,000","8,575,000","4,284,000","3,745,000","6,150,000","9,849,000","7,397,000","2,137,000","4,898,000","7,934,000","5,909,000","3,742,000","6,730,000","10,229,000","5,611,000","2,563,000","4,307,000","8,183,000","7,376,000","5,783,000","6,509,000","8,900,000","7,200,000","5,000,000","6,300,000","6,700,000","4,700,000","2,000,000","3,400,000","5,400,000","3,900,000","1,400,000","2,700,000","5,100,000","3,700,000","900,000","2,500,000","4,300,000","3,100,000","2,100,000","2,700,000","4,800,000","2,900,000","2,100,000","2,700,000","3,900,000","2,400,000","1,500,000","1,900,000","2,500,000","1,100,000","100,000","700,000","900,000","400,000","300,000","600,000","2,600,000","1,400,000","800,000","1,500,000","3,800,000","1,700,000",,,,,,,,,,,,,,,,
NormalizedIncome,"90,758,000","19,361,000","24,306,000","24,233,000","22,858,000","19,406,000","25,428,000","18,261,000","13,640,000","1,819,000","6,100,000","6,097,000","6,046,000","3,621,000","9,428,000","8,352,000","6,214,000","6,313,000","2,921,000","5,983,000","6,185,000","5,986,000","10,947,000","7,366,000","5,374,000","4,669,000","9,182,000","7,655,000","4,833,000","6,119,000","-10,192,000","7,824,000","4,829,000","6,129,000","9,681,000","9,494,000","4,830,000","8,260,000","6,779,000","3,210,000","2,036,252.788","2,415,449.142","17,068,800","-2,250","-1,021,579.568","-734,700","5,509,000","1,187,000","-606,000","2,354,000","9,165,000","501,000","-6,582,000","-7,290,300","-8,347,000","-2,064,038.124","-2,682,100","1,004,700","2,906,006.361","208,800","-1,834,968.188","133,893.57","4,218,200","3,708,931.435","3,204,890.769","3,871,412.969","5,449,559.892","1,640,248.895","744,320.383","2,266,067.957","5,665,015.12","3,043,614.338","2,850,287.962","4,963,014.886","8,546,215.556","5,624,945.327","1,264,079.24","3,493,660.84","5,672,500.591","1,963,208.06","3,115,833.667","5,896,875","8,559,265.257","3,870,548.072","732,015.032","2,415,890.634","6,174,076.04","5,338,964.187","3,817,656.308","4,327,056.195","6,547,857.143","4,885,714.286","2,564,102.564","3,664,285.714","4,677,358.491","1,931,506.849","-967,741.935","769,811.321","2,667,469.88","1,278,688.525","-1,209,090.909","192,857.143","2,677,500","1,492,982.456","-1,157,142.857","437,500","3,850,746.269","1,178,000","-741,176.471","736,363.636","10,646,153.846","-678,723.404","-1,544,117.647","920,454.545","-4,271,428.571","800,000","0","253,333.333","937,500","-427,777.778","-1,160,000","-1,081,818.182","-450,000","-1,266,666.667","-1,200,000","-840,000","891,428.571","-420,000","-1,018,181.818","-571,428.571","1,935,849.057","-283,333.333",,,,,,,,,,,,,,,,
InterestIncome,"249,000","74,000","58,000","58,000",,"56,000",,,,"214,000",,,,,,,,,,,,,,,,,,,,,,,,,,,,,,,,,,,,,,,,,,,,"32,000",,,,,,,,,,,,,,,,,,,,,,,,,,,,,,,,,,,,,,,,,,,,,,,,,,,,,,,,,,,,,,,,,,,,,,,,,,,,,,,,,,,,,,,,,,,,,,
InterestExpense,,,,,,,,,,,,,,,,,,,,,,,,,,,,,,,,,,,,,,,,"154,000","158,000",,,,"178,000",,"199,000","202,000","206,000",,"213,000","212,000","203,000","121,000",,,,,,,,,,,,,,,,,,,,,,,,,,,,,,,,,,,,,,,,,,,,,,,,,,,,,,,,,,,,,,,,,,,,,,,,,,,,,,,,,,,,,,,,,,,,,,
NetInterestIncome,"249,000","74,000","58,000","58,000","59,000","56,000","62,000","51,000","-200,000","214,000","307,000","292,000","339,000","349,000","-239,000","-260,000","-454,000","-471,000","-470,000","-493,000","-565,000","-583,000","-514,000","-556,000","-541,000","-622,000","-675,000","-594,000","-528,000","-492,000","-385,000","-175,000","-218,000","-273,000","-270,000","-282,000","-277,000","-278,000","-151,000","-154,000","-158,000","-161,000","-161,000","-177,000","-178,000","-222,000","-199,000","-202,000","-206,000","-208,000","-213,000","-212,000","-203,000","-89,000",,,,,,,,,,,,,,,,,,,,,,,,,,,,,,,,,,,,,,,,,,,,,,,,,,,,,,,,,,,,,,,,,,,,,,,,,,,,,,,,,,,,,,,,,,,,,,
EBIT,"118,893,000","25,807,000","32,135,000","31,847,000","29,104,000","25,272,000","30,614,000","22,075,000","-12,987,000","2,003,000","7,192,000","7,835,000","7,772,000","4,222,000","12,564,000","12,177,000","9,047,000","7,933,000","12,612,000","9,936,000","10,263,000","9,165,000","16,553,000","11,976,000","7,392,000","8,027,000","15,097,000","13,010,000","7,446,000","10,393,000","-4,585,000","12,631,000","7,864,000","10,221,000","15,602,000","15,618,000","8,158,000","13,720,000","9,441,000","5,790,000","3,924,000","4,114,000","6,589,000","79,000","-926,000","-403,000","5,851,000","1,448,000","-451,000","2,426,000","7,821,000","908,000","-6,316,000","-7,072,000","1,228,000","-2,836,000","-4,252,000","1,635,000","8,538,000","-680,000","-3,040,000","159,000","12,089,000","5,274,000","5,317,000","6,190,000","8,291,000","2,791,000","1,524,000","105,599,000","9,610,000","5,597,000","5,510,000","9,808,000","14,255,000","9,885,000","3,187,000","7,837,000","10,310,000","4,628,000","6,785,000","10,768,000","16,219,000","8,412,000","3,920,000","6,985,000","12,618,000","11,296,000","9,073,000","9,679,000","13,000,000","10,200,000","6,900,000","8,800,000","10,300,000","6,200,000","2,000,000","4,700,000","7,700,000","5,700,000","1,800,000","3,800,000","8,100,000","5,900,000","1,900,000","4,100,000","9,000,000","4,700,000","1,600,000","3,800,000","19,800,000","1,100,000","-700,000","4,200,000","-4,900,000","2,900,000","1,900,000","2,400,000","3,500,000","1,100,000","0","200,000","1,100,000","200,000","300,000","800,000","3,600,000","1,600,000","600,000","1,300,000","4,800,000","1,700,000","52,800,000","57,800,000","-160,500,000","56,900,000","52,400,000","57,500,000","-152,200,000","56,800,000","49,600,000","54,600,000","-145,000,000","54,400,000","49,000,000","48,300,000","-129,300,000","50,300,000"
EBITDA,"135,477,000"
ReconciledCostOfRevenue,"434,702,000","97,985,000","115,854,000","112,375,000","108,488,000","101,457,000","103,721,000","95,336,000","50,322,000","79,879,000","98,007,000","97,301,000","88,336,000","84,159,000","94,502,000","95,175,000","90,978,000","90,535,000","98,768,000","95,632,000","89,710,000","90,831,000","99,574,000","97,953,000","90,614,000","90,092,000","99,681,000","98,179,000","87,550,000","88,684,000","98,842,000","92,338,000","80,988,000","83,875,000","90,164,000","88,845,000","79,803,000","85,781,000","86,036,000","82,004,000","71,770,000","78,228,000","80,338,000","74,941,000","69,688,000","75,220,000","79,434,000","76,558,000","70,800,000","74,771,000","76,390,000","72,840,000","63,062,000","70,475,000","77,911,000","85,104,000","82,158,000","88,818,000","101,883,000","101,141,000","96,197,000","95,642,000","107,597,000","113,892,000","107,143,000","104,314,000","116,345,000","105,947,000","95,310,000","103,024,000","107,164,000","98,326,000","88,960,000","92,339,000","101,994,000","99,535,000","87,988,000","89,468,000","96,052,000","91,044,000","86,734,000","90,697,000","97,503,000","89,022,000","79,855,000","88,108,000","91,782,000","93,660,000","82,955,000","81,192,000","85,000,000","79,100,000","71,500,000","75,400,000","75,300,000","69,900,000","61,300,000","64,900,000","67,200,000","64,500,000","56,600,000","57,000,000","62,900,000","58,400,000","51,100,000","55,000,000","55,900,000","50,600,000","44,500,000","47,400,000","50,800,000","47,800,000","42,900,000","44,500,000","46,400,000","41,300,000","36,000,000","39,700,000","42,200,000","36,200,000","32,300,000","34,000,000","32,300,000","31,500,000","28,800,000","31,300,000","33,600,000","32,000,000","30,200,000","31,500,000","31,100,000","29,800,000",,,,,,,,,,,,,,,,
ReconciledDepreciation,"16,584,000","4,272,000","4,205,000","4,167,000","3,940,000","3,992,000","4,248,000","4,168,000","4,667,000","5,124,000","5,184,000","5,136,000","5,171,000","5,105,000","7,156,000","7,589,000","7,526,000","7,535,000","7,697,000","7,618,000","7,619,000","7,582,000","7,573,000","7,480,000","7,200,000","6,792,000","6,789,000","6,464,000","6,405,000","6,098,000","5,981,000","5,672,000","5,580,000","5,380,000","5,639,000","5,325,000","5,144,000","5,342,000","5,081,000","4,916,000","4,774,000","4,644,000","4,700,000","4,522,000","4,495,000","4,525,000","4,170,000","4,161,000","4,223,000","4,305,000","4,537,000","4,694,000","4,966,000","5,149,000","5,386,000","5,364,000","5,406,000","5,447,000","5,527,000","5,549,000","5,694,000","5,646,000","5,571,000","5,564,000","5,250,000","5,278,000","5,254,000","5,257,000","5,252,000","5,272,000","5,000,000","4,693,000","4,678,000","4,774,000","4,495,000","4,274,000","4,201,000","4,229,000","4,164,000","3,902,000","3,898,000","3,939,000","8,191,000","3,971,000","4,043,000","4,095,000","3,920,000","3,909,000","3,988,000","3,921,000","3,800,000","3,700,000","3,700,000","3,600,000","3,700,000","3,600,000","3,500,000","3,500,000","3,500,000","3,500,000","3,500,000","3,300,000","3,200,000","3,100,000","3,200,000","3,100,000","2,900,000","2,700,000","2,500,000","2,500,000","2,300,000","2,300,000","2,000,000","2,000,000","1,900,000","1,700,000","1,700,000","1,600,000","1,600,000","1,500,000","1,600,000","1,400,000","1,400,000","1,400,000","1,400,000","1,300,000","1,300,000","1,400,000","1,200,000","1,300,000","1,200,000","1,200,000",,,,,,,,,,,,,,,,
NetIncomeFromContinuingOperationNetMinorityInterest,"90,758,000","19,361,000","24,306,000","24,233,000","22,858,000","19,406,000","25,428,000","18,261,000","13,640,000","1,819,000","6,100,000","6,097,000","6,046,000","3,621,000","9,428,000","8,352,000","6,214,000","6,313,000","2,921,000","5,983,000","6,185,000","5,986,000","10,947,000","7,366,000","5,374,000","4,669,000","9,182,000","7,655,000","4,833,000","6,119,000","-10,192,000","7,824,000","4,829,000","6,129,000","9,681,000","9,494,000","4,830,000","8,260,000","6,779,000","3,314,000","2,361,000","2,457,000","16,957,000","118,000","-942,000","-671,000","5,509,000","1,187,000","-606,000","2,354,000","9,165,000","501,000","-6,582,000","-7,263,000","-9,309,000","-1,515,000","-2,309,000","1,032,000","1,635,000","643,000","-1,351,000","831,000","3,170,000","4,136,000","3,591,000","5,103,000","6,754,000","3,816,000","1,309,000","3,174,000","8,575,000","4,284,000","3,745,000","6,150,000","9,849,000","7,397,000","2,137,000","4,898,000","7,934,000","5,909,000","3,742,000","6,730,000","10,229,000","5,611,000","2,563,000","4,307,000","8,183,000","7,376,000","5,783,000","6,509,000","8,900,000","7,200,000","5,000,000","6,300,000","6,700,000","4,700,000","2,000,000","3,400,000","5,400,000","3,900,000","1,400,000","2,700,000","5,100,000","3,700,000","900,000","2,500,000","4,300,000","3,100,000","2,100,000","2,700,000","4,800,000","2,900,000","2,100,000","2,700,000","3,900,000","2,400,000","1,500,000","1,900,000","2,500,000","1,100,000","100,000","700,000","900,000","400,000","300,000","600,000","2,600,000","1,400,000","800,000","1,500,000","3,800,000","1,700,000",,,,,,,,,,,,,,,,
TotalUnusualItemsExcludingGoodwill,,,,,,,,,,,,,,,,,,,,,,,,,,,,,,,,,,,,,,,,"160,000","518,000","68,000","-172,000","185,000","86,000","98,000",,,,,,,,"42,000","-1,480,000","827,000","574,000","42,000","-1,711,000","668,000","777,000","1,135,000","-1,747,000","631,000","629,000","1,980,000","2,009,000","3,482,000","855,000","1,448,000","4,601,000","1,979,000","1,427,000","1,893,000","2,068,000","2,835,000","1,397,000","2,247,000","3,618,000","6,313,000","1,002,000","1,333,000","2,672,000","2,823,000","2,899,000","2,991,000","3,164,000","3,208,000","3,095,000","3,436,000","3,700,000","3,600,000","3,800,000","4,100,000","3,200,000","4,300,000","4,600,000","4,100,000","4,200,000","4,100,000","4,100,000","3,900,000","3,800,000","3,400,000","3,200,000","3,300,000","700,000","3,100,000","4,600,000","3,200,000","-9,500,000","5,800,000","5,900,000","2,900,000","13,200,000","2,600,000","2,400,000","2,600,000","2,500,000","2,500,000","2,100,000","2,800,000","2,100,000","2,500,000","2,500,000","2,400,000","2,300,000","2,600,000","2,500,000","2,900,000","2,600,000","2,800,000",,,,,,,,,,,,,,,,
TotalUnusualItems,,,,,,,,,,,,,,,,,,,,,,,,,,,,,,,,,,,,,,,,"160,000","518,000","68,000","-172,000","185,000","86,000","98,000",,,,,,,,"42,000","-1,480,000","827,000","574,000","42,000","-1,711,000","668,000","777,000","1,135,000","-1,747,000","631,000","629,000","1,980,000","2,009,000","3,482,000","855,000","1,448,000","4,601,000","1,979,000","1,427,000","1,893,000","2,068,000","2,835,000","1,397,000","2,247,000","3,618,000","6,313,000","1,002,000","1,333,000","2,672,000","2,823,000","2,899,000","2,991,000","3,164,000","3,208,000","3,095,000","3,436,000","3,700,000","3,600,000","3,800,000","4,100,000","3,200,000","4,300,000","4,600,000","4,100,000","4,200,000","4,100,000","4,100,000","3,900,000","3,800,000","3,400,000","3,200,000","3,300,000","700,000","3,100,000","4,600,000","3,200,000","-9,500,000","5,800,000","5,900,000","2,900,000","13,200,000","2,600,000","2,400,000","2,600,000","2,500,000","2,500,000","2,100,000","2,800,000","2,100,000","2,500,000","2,500,000","2,400,000","2,300,000","2,600,000","2,500,000","2,900,000","2,600,000","2,800,000",,,,,,,,,,,,,,,,
NormalizedEBITDA,"135,477,000","30,079,000","36,340,000","36,014,000","33,044,000","29,264,000","34,862,000","26,243,000","-8,320,000","7,127,000","12,376,000","12,971,000","12,943,000","9,327,000","19,720,000","19,766,000","16,573,000","15,468,000","20,309,000","17,554,000","17,882,000","16,747,000","24,126,000","19,456,000","14,592,000","14,819,000","21,886,000","19,474,000","13,851,000","16,491,000","1,396,000","18,303,000","13,444,000","15,601,000","21,241,000","20,943,000","13,302,000","19,062,000","14,522,000","10,546,000","8,180,000","8,690,000","11,461,000","4,416,000","3,483,000","4,024,000","10,021,000","5,609,000","3,772,000","6,731,000","12,358,000","5,602,000","-1,350,000","-1,965,000","8,094,000","1,701,000","580,000","7,040,000","15,776,000","4,201,000","1,877,000","4,670,000","19,407,000","10,207,000","9,938,000","9,488,000","11,536,000","4,566,000","5,921,000","109,423,000","10,009,000","8,311,000","8,761,000","12,689,000","16,682,000","11,324,000","5,991,000","9,819,000","10,856,000","2,217,000","9,681,000","13,374,000","21,738,000","9,560,000","5,064,000","8,089,000","13,374,000","11,997,000","9,966,000","10,164,000","13,100,000","10,300,000","6,800,000","8,300,000","10,800,000","5,500,000","900,000","4,100,000","7,000,000","5,100,000","1,200,000","3,200,000","7,500,000","5,600,000","1,900,000","3,900,000","11,200,000","4,300,000","-500,000","3,100,000","31,600,000","-2,400,000","-4,600,000","3,300,000","-16,200,000","2,000,000","1,200,000","1,400,000","2,600,000","200,000","-500,000","-1,200,000","400,000","-900,000","-800,000","-300,000","2,600,000","400,000","-600,000","-300,000","3,400,000","100,000","52,800,000","57,800,000","-160,500,000","56,900,000","52,400,000","57,500,000","-152,200,000","56,800,000","49,600,000","54,600,000","-145,000,000","54,400,000","49,000,000","48,300,000","-129,300,000","50,300,000"
TaxRateForCalcs,"0.237","0.247","0.243","0.24","0.216","0.235","0.187","0.256","0.268","0.209","0.197","0.254","0.266","0.234","0.236","0.255","0.261","0.254","0.4","0.384","0.362","0.385","0.369","0.392","0.387","0.385","0.392","0.383","0.383","0.384","0.35","0.372","0.382","0.384","0.387","0.383","0.386","0.386","0.328","0.35","0.373","0.389","0.35","0.35","0.075","0.35","0.025","0.047","0.078","0.032","0.35","0.28","0.35","0.35","0.35","0.336","0.35","0.35","0.257","0.35","0.377","0.386","0.4","0.323","0.386","0.378","0.351","0.375","0.34","0.373","0.368","0.373","0.373","0.373","0.37","0.375","0.375","0.375","0.375","0.375","0.375","0.375","0.375","0.383","0.368","0.368","0.365","0.365","0.365","0.365","0.364","0.357","0.359","0.357","0.368","0.356","0.355","0.358","0.349","0.361","0.364","0.357","0.363","0.351","0.357","0.375","0.358","0.38","0.382","0.386","0.385","0.383","0.382","0.386","0.381","0.385","0.375","0.367","0.375","0.389","0.4","0.364","0.357","0.333","0.4","0.4","0.257","0.3","0.273","0.286","0.283","0.292",,,,,,,,,,,,,,,,
TaxEffectOfUnusualItems,"0","0","0","0","0","0","0","0","0","0","0","0","0","0","0","0","0","0","0","0","0","0","0","0","0","0","0","0","0","0","0","0","0","0","0","0","0","0","0","56,000","193,252.788","26,449.142","-60,200","64,750","6,420.432","34,300","0","0","0","0","0","0","0","14,700","-518,000","277,961.876","200,900","14,700","-439,993.639","233,800","293,031.812","437,893.57","-698,800","203,931.435","242,890.769","748,412.969","704,559.892","1,306,248.895","290,320.383","540,067.957","1,691,015.12","738,614.338","532,287.962","706,014.886","765,215.556","1,062,945.327","524,079.24","842,660.84","1,356,500.591","2,367,208.06","375,833.667","499,875","1,002,265.257","1,082,548.072","1,068,015.032","1,099,890.634","1,155,076.04","1,170,964.187","1,129,656.308","1,254,056.195","1,347,857.143","1,285,714.286","1,364,102.564","1,464,285.714","1,177,358.491","1,531,506.849","1,632,258.065","1,469,811.321","1,467,469.88","1,478,688.525","1,490,909.091","1,392,857.143","1,377,500","1,192,982.456","1,142,857.143","1,237,500","250,746.269","1,178,000","1,758,823.529","1,236,363.636","-3,653,846.154","2,221,276.596","2,255,882.353","1,120,454.545","5,028,571.429","1,000,000","900,000","953,333.333","937,500","972,222.222","840,000","1,018,181.818","750,000","833,333.333","1,000,000","960,000","591,428.571","780,000","681,818.182","828,571.429","735,849.057","816,666.667",,,,,,,,,,,,,,,,