name,ttm,03/31/2022,12/31/2021,09/30/2021,06/30/2021,03/31/2021,12/31/2020,09/30/2020,06/30/2020,03/31/2020,12/31/2019,09/30/2019,06/30/2019,03/31/2019,12/31/2018,09/30/2018,06/30/2018,03/31/2018,12/31/2017,09/30/2017,06/30/2017,03/31/2017,12/31/2016,09/30/2016,06/30/2016,03/31/2016,12/31/2015,09/30/2015,06/30/2015,03/31/2015,12/31/2014,09/30/2014,06/30/2014,03/31/2014,12/31/2013,09/30/2013,06/30/2013,03/31/2013,12/31/2012,09/30/2012,06/30/2012,03/31/2012,12/31/2011,09/30/2011,06/30/2011,03/31/2011,12/31/2010,09/30/2010,06/30/2010,03/31/2010,12/31/2009,09/30/2009,06/30/2009,03/31/2009,12/31/2008,09/30/2008,06/30/2008,03/31/2008,12/31/2007,09/30/2007,06/30/2007,03/31/2007,12/31/2006,09/30/2006,06/30/2006,03/31/2006
TotalRevenue,"2,816,000,000","734,000,000","728,000,000","685,000,000","669,000,000","858,000,000","620,000,000","564,000,000","560,000,000","676,000,000","593,000,000","662,000,000","616,000,000","588,000,000","597,000,000","537,000,000","530,000,000","544,000,000","466,000,000","417,000,000","379,000,000","333,000,000","349,000,000","339,000,000","330,000,000","363,000,000","333,000,000","376,000,000","350,000,000","319,000,000","393,478,000","179,217,000","303,398,000","350,036,000","247,071,000","317,617,000","273,268,000","209,034,000","232,729,000","318,599,000","260,888,000","303,922,000","307,958,000","385,526,000","296,940,000","367,888,000","186,264,000","299,138,000","226,136,000","210,570,000","200,409,000","271,492,000","332,098,000","296,341,000","429,315,000","496,995,000","395,376,000","528,448,000","397,468,000","445,153,000","294,732,000","330,808,000","293,204,000","339,847,000","290,788,000","328,569,000"
	OperatingRevenue,"2,816,000,000","734,000,000","728,000,000","685,000,000","669,000,000","858,000,000","620,000,000","564,000,000","560,000,000","676,000,000","593,000,000","662,000,000","616,000,000","588,000,000","597,000,000","537,000,000","530,000,000","544,000,000","466,000,000","417,000,000","379,000,000","333,000,000","349,000,000","339,000,000","330,000,000","363,000,000","333,000,000","376,000,000","350,000,000","319,000,000","393,478,000","179,217,000","303,398,000","350,036,000","247,071,000","317,617,000","273,268,000","209,034,000","232,729,000","318,599,000","260,888,000","303,922,000","307,958,000","385,526,000","296,940,000","367,888,000","186,264,000","299,138,000","226,136,000","210,570,000","200,409,000","271,492,000","332,098,000","296,341,000","429,315,000","496,995,000","395,376,000","528,448,000","397,468,000","445,153,000","294,732,000","330,808,000","293,204,000","339,847,000","290,788,000","328,569,000"
CostOfRevenue,"841,000,000","232,000,000","216,000,000","210,000,000","183,000,000","250,000,000","207,000,000","196,000,000","206,000,000","270,000,000","265,000,000","312,000,000","311,000,000","294,000,000","278,000,000","239,000,000","242,000,000","237,000,000","191,000,000","186,000,000","180,000,000","158,000,000","151,000,000","141,000,000","135,000,000","138,000,000","128,000,000","135,000,000","135,000,000","127,000,000","123,738,000","125,690,000","117,165,000","121,982,000","131,978,000","112,449,000","136,319,000","118,729,000","135,300,000",,,,,,,,,,,,,,,,,,,,,,,,,,,
GrossProfit,"1,975,000,000","502,000,000","512,000,000","475,000,000","486,000,000","608,000,000","413,000,000","368,000,000","354,000,000","406,000,000","328,000,000","350,000,000","305,000,000","294,000,000","319,000,000","298,000,000","288,000,000","307,000,000","275,000,000","231,000,000","199,000,000","175,000,000","198,000,000","198,000,000","195,000,000","225,000,000","205,000,000","241,000,000","215,000,000","192,000,000","269,740,000","53,527,000","186,233,000","228,054,000","115,093,000","205,168,000","136,949,000","90,305,000","98,700,000",,,,,,,,,,,,,,,,,,,,,,,,,,,
OperatingExpense,"235,000,000","66,000,000","116,000,000","238,000,000","-65,000,000","-35,000,000","8,000,000","58,000,000","145,000,000","42,000,000","20,000,000","17,000,000","10,000,000","9,000,000","5,000,000","3,000,000","5,000,000","4,000,000","-89,000,000","-6,000,000","23,000,000","12,000,000","12,000,000","13,000,000","12,000,000","7,000,000","8,000,000","4,000,000","4,000,000","9,000,000","-48,062,000","30,033,000","29,867,000","29,068,000","7,833,000","29,612,000","27,285,000","27,993,000","28,100,000",,,,,,,,,,,,,,,,,,,,,,,,,,,
	SellingGeneralAndAdministration,"270,000,000","68,000,000","69,000,000","71,000,000","62,000,000","87,000,000","55,000,000","60,000,000","156,000,000","60,000,000","55,000,000","52,000,000","46,000,000","44,000,000","45,000,000","44,000,000","40,000,000","41,000,000","38,000,000","33,000,000","53,000,000","37,000,000","36,000,000","39,000,000","36,000,000","32,000,000","33,000,000","31,000,000","31,000,000","32,000,000","31,882,000","30,033,000","29,867,000","29,068,000","92,217,000","29,612,000","27,285,000","27,993,000","-315,645,000","136,936,000","142,424,000","144,311,000","145,966,000","158,785,000","138,737,000","136,670,000","134,567,000","128,021,000","144,912,000","136,453,000","137,409,000","128,217,000","130,048,000","119,833,000","150,254,000","139,099,000","127,399,000","145,970,000","121,397,000","130,582,000","123,618,000","134,512,000","125,669,000","114,624,000","120,228,000","107,630,000"
		GeneralAndAdministrativeExpense,"270,000,000","68,000,000","69,000,000","71,000,000","62,000,000","87,000,000","55,000,000","60,000,000","156,000,000","60,000,000","55,000,000","52,000,000","46,000,000","44,000,000","45,000,000","44,000,000","40,000,000","41,000,000","38,000,000","33,000,000","53,000,000","37,000,000","36,000,000","39,000,000","36,000,000","32,000,000","33,000,000","31,000,000","31,000,000","32,000,000","31,882,000","30,033,000","29,867,000","29,068,000","92,217,000","29,612,000","27,285,000","27,993,000","-315,645,000","136,936,000","142,424,000","144,311,000","145,966,000","158,785,000","138,737,000","136,670,000","134,567,000","128,021,000","144,912,000","136,453,000","137,409,000","128,217,000","130,048,000","119,833,000","150,254,000","139,099,000","127,399,000","145,970,000","121,397,000","130,582,000","123,618,000","134,512,000","125,669,000","114,624,000","120,228,000","107,630,000"
			SalariesAndWages,,,,"98,000,000","96,000,000","97,000,000","86,000,000","77,000,000","82,000,000","80,000,000","75,000,000","67,000,000","75,000,000","71,000,000","63,000,000","63,000,000","68,000,000","70,000,000","57,000,000","64,000,000","66,000,000","62,000,000","68,000,000","58,000,000","58,000,000","58,000,000","56,000,000","56,000,000","58,000,000","57,000,000","48,322,000","49,408,000","53,589,000","53,486,000","56,751,000","44,242,000","58,018,000","46,318,000","64,302,000","57,676,000","59,801,000","62,725,000","55,142,000","56,157,000","52,651,000","52,359,000","50,506,000","49,613,000","49,578,000","50,458,000","47,515,000","43,015,000","42,475,000","42,822,000","38,593,000","39,549,000","38,502,000","41,374,000","26,103,000","30,993,000","28,880,000","32,793,000","26,011,000","28,307,000","27,120,000","28,687,000"
			RentAndLandingFees,"82,000,000","22,000,000","22,000,000","19,000,000","19,000,000","20,000,000","18,000,000","17,000,000","17,000,000","17,000,000","17,000,000","15,000,000","14,000,000","14,000,000","14,000,000","12,000,000","11,000,000","12,000,000","13,000,000","11,000,000","10,000,000","13,000,000","13,000,000","13,000,000","13,000,000","12,000,000","11,000,000","12,000,000","11,000,000","10,000,000","10,464,000","9,393,000","9,693,000","9,819,000","10,218,000","9,387,000","9,249,000","10,069,000","9,900,000",,,,,,,,,,,,,,,,,,,,,,,,,,,
			OtherGandA,"188,000,000","46,000,000","47,000,000","52,000,000","43,000,000","67,000,000","37,000,000","43,000,000","139,000,000","43,000,000","38,000,000","37,000,000","32,000,000","30,000,000","31,000,000","32,000,000","29,000,000","29,000,000","25,000,000","22,000,000","43,000,000","24,000,000","23,000,000","26,000,000","23,000,000","20,000,000","22,000,000","19,000,000","20,000,000","22,000,000","21,418,000","20,640,000","20,174,000","19,249,000","81,999,000","20,225,000","18,036,000","17,924,000","-174,318,000","79,260,000","82,623,000","81,586,000","90,824,000","102,628,000","86,086,000","84,311,000","84,061,000","78,408,000","95,334,000","85,995,000","89,894,000","85,202,000","87,573,000","77,011,000","111,661,000","99,550,000","88,897,000","104,596,000","95,294,000","99,589,000","94,738,000","101,719,000","99,658,000","86,317,000","93,108,000","78,943,000"
	DepreciationAmortizationDepletionIncomeStatement,,,,,,,,,,,,,,,,,,,,,,,,,,,,,,,,,,,,,,,"9,941,000","9,043,000","9,957,000","9,934,000","9,797,000","8,984,000","9,059,000","9,246,000","9,787,000","9,197,000","9,148,000","9,204,000","10,829,000","10,008,000","9,942,000","9,561,000","10,016,000","10,506,000","8,616,000","8,525,000","7,358,000","6,706,000","6,461,000","5,957,000","5,900,000","5,080,000","6,137,000","5,580,000"
		DepreciationAndAmortizationInIncomeStatement,,,,,,,,,,,,,,,,,,,,,,,,,,,,,,,,,,,,,,,"9,941,000","9,043,000","9,957,000","9,934,000","9,797,000","8,984,000","9,059,000","9,246,000","9,787,000","9,197,000","9,148,000","9,204,000","10,829,000","10,008,000","9,942,000","9,561,000","10,016,000","10,506,000","8,616,000","8,525,000","7,358,000","6,706,000","6,461,000","5,957,000","5,900,000","5,080,000","6,137,000","5,580,000"
	OtherOperatingExpenses,"-35,000,000","-2,000,000","47,000,000","167,000,000","-127,000,000","-122,000,000","-47,000,000","-2,000,000","-11,000,000","-18,000,000","-35,000,000","-35,000,000","-36,000,000","-35,000,000","-40,000,000","-41,000,000","-35,000,000","-37,000,000","-127,000,000","-39,000,000","-30,000,000","-25,000,000","-24,000,000","-26,000,000","-24,000,000","-25,000,000","-25,000,000","-27,000,000","-27,000,000","-23,000,000","-27,056,000","-15,887,000","-17,843,000","-19,158,000","-19,385,000","-20,826,000","-24,262,000","-19,911,000","-25,600,000",,,,,,,,,,,,,,,,,,,,,,,,,,,
OperatingIncome,"1,740,000,000","436,000,000","396,000,000","237,000,000","551,000,000","643,000,000","405,000,000","310,000,000","209,000,000","364,000,000","308,000,000","333,000,000","295,000,000","285,000,000","314,000,000","295,000,000","283,000,000","303,000,000","364,000,000","237,000,000","176,000,000","163,000,000","186,000,000","185,000,000","183,000,000","218,000,000","197,000,000","237,000,000","211,000,000","183,000,000","317,802,000","23,494,000","156,366,000","198,986,000","107,260,000","175,556,000","109,664,000","62,312,000","70,600,000",,,,,,,,,,,,,,,,,,,,,,,,,,,
OtherIncomeExpense,"-198,000,000","-42,000,000","-23,000,000","-3,000,000","-10,000,000","-4,000,000","-13,000,000","24,000,000","13,000,000","-56,000,000","4,000,000","-52,000,000","-70,000,000","54,000,000","-5,000,000","-19,000,000","-12,000,000","37,000,000","0","31,000,000","28,000,000","50,000,000","-158,000,000","-2,000,000","30,000,000","119,000,000","-70,000,000","-35,000,000","29,000,000","-294,000,000","-243,413,000","15,887,000","17,843,000","19,158,000","-68,513,000","20,826,000","24,262,000","19,911,000","25,600,000",,,,,,,,,,,,,,,,,,,,,,,,,,,
	GainOnSaleOfSecurity,,,"-23,000,000","-3,000,000","-9,000,000","-2,000,000","-13,000,000","27,000,000","16,000,000","-49,000,000","-9,000,000","-7,000,000","-60,000,000","116,000,000","9,000,000","4,000,000","9,000,000","2,000,000","-6,000,000","5,000,000","29,000,000","2,000,000","-6,000,000","-10,000,000","16,000,000","35,000,000","-49,000,000","-4,000,000","3,000,000","32,000,000","20,147,000","0","0","0","22,187,000","0","0","0","-458,000","0","0","0","0","0","0","0","0","0","0","0","0","0","0","0","0","0","0","0","0","0","0","0","0","0","0","0"
	SpecialIncomeCharges,"-2,000,000","-1,000,000","0","0","-1,000,000","-2,000,000","0","-3,000,000","-3,000,000","-7,000,000","1,000,000","2,000,000","-4,000,000","-43,000,000","-2,000,000","1,000,000","0","-3,000,000","0","0","-1,000,000","-1,000,000","0","-3,000,000","-3,000,000","0","-1,000,000","-7,000,000","1,000,000","-139,000,000",,,,,,,,,,,,,,,,,,,,,,,,,,,,,,,,,,,,
		WriteOff,"2,000,000","1,000,000","0","0","1,000,000","2,000,000","0","3,000,000","3,000,000","7,000,000","-1,000,000","-2,000,000","4,000,000","43,000,000","2,000,000","-1,000,000","0","3,000,000","0","0","1,000,000","1,000,000","0","3,000,000","3,000,000","0","1,000,000","7,000,000","-1,000,000","139,000,000",,,,,,,,,,,,,,,,,,,,,,,,,,,,,,,,,,,,
	OtherNonOperatingIncomeExpenses,"-196,000,000","-41,000,000","-23,000,000","-3,000,000","-9,000,000","-2,000,000","-13,000,000","27,000,000","16,000,000","-49,000,000","12,000,000","-47,000,000","-6,000,000","-19,000,000","-12,000,000","-24,000,000","-21,000,000","38,000,000","6,000,000","26,000,000","29,000,000","49,000,000","-152,000,000","11,000,000","17,000,000","84,000,000","-20,000,000","-24,000,000","25,000,000","-187,000,000","-238,127,000","15,887,000","17,843,000","19,158,000","15,900,000","20,826,000","24,262,000","19,911,000","25,600,000",,,,,,,,,,,,,,,,,,,,,,,,,,,
PretaxIncome,"1,542,000,000","394,000,000","373,000,000","234,000,000","541,000,000","639,000,000","392,000,000","334,000,000","222,000,000","308,000,000","312,000,000","281,000,000","225,000,000","339,000,000","309,000,000","276,000,000","271,000,000","340,000,000","364,000,000","268,000,000","204,000,000","213,000,000","28,000,000","183,000,000","213,000,000","337,000,000","127,000,000","202,000,000","240,000,000","-111,000,000","74,389,000","39,381,000","174,209,000","218,144,000","38,747,000","196,382,000","133,926,000","82,223,000","96,196,000","172,620,000","108,507,000","149,677,000","152,195,000","217,757,000","149,144,000","221,972,000","41,910,000","161,920,000","72,076,000","64,913,000","52,171,000","133,267,000","192,108,000","166,947,000","269,045,000","347,390,000","259,361,000","373,953,000","268,713,000","307,865,000","164,653,000","190,339,000","161,635,000","220,143,000","164,423,000","215,359,000"
TaxProvision,"126,000,000","28,000,000","35,000,000","28,000,000","35,000,000","53,000,000","12,000,000","32,000,000","15,000,000","18,000,000","18,000,000","20,000,000","15,000,000","15,000,000","19,000,000","18,000,000","13,000,000","21,000,000","200,000,000","21,000,000","17,000,000","18,000,000","7,000,000","15,000,000","13,000,000","27,000,000","6,000,000","20,000,000","19,000,000","-2,000,000","9,162,000","7,691,000","13,451,000","16,950,000","2,446,000","10,414,000","13,890,000","6,935,000","-4,444,000","14,747,000","10,977,000","8,734,000","7,391,000","15,270,000","12,496,000","18,732,000","34,678,000","13,201,000","7,308,000","5,226,000","4,188,000","13,168,000","25,191,000","11,832,000","33,981,000","32,384,000","28,593,000","33,413,000","24,162,000","27,228,000","5,504,000","6,143,000","5,753,000","5,886,000","6,569,000","9,184,000"
NetIncomeCommonStockholders,"274,000,000","73,000,000","67,000,000","42,000,000","92,000,000","107,000,000","71,000,000","46,000,000","32,000,000","46,000,000","44,000,000","36,000,000","32,000,000","49,000,000","43,000,000","39,000,000","41,000,000","46,000,000","-2,000,000","31,000,000","23,000,000","24,000,000","4,000,000","20,000,000","27,000,000","33,000,000","17,000,000","22,000,000","23,000,000","-13,000,000","7,092,000","3,191,000","15,161,000","19,089,000","3,621,000","16,447,000","10,378,000","6,557,000","-354,570,000","157,873,000","97,530,000","140,943,000","144,804,000","202,487,000","136,648,000","203,240,000","7,232,000","148,719,000","64,768,000","59,687,000","47,983,000","120,099,000","166,917,000","155,115,000","235,064,000","315,006,000","230,768,000","340,540,000","244,551,000","280,637,000","159,149,000","184,196,000","155,882,000","214,257,000","157,854,000","206,175,000"
	NetIncome,"274,000,000","73,000,000","67,000,000","42,000,000","92,000,000","107,000,000","71,000,000","46,000,000","32,000,000","46,000,000","44,000,000","36,000,000","32,000,000","49,000,000","43,000,000","39,000,000","41,000,000","46,000,000","-2,000,000","31,000,000","23,000,000","24,000,000","4,000,000","20,000,000","27,000,000","33,000,000","17,000,000","22,000,000","23,000,000","-13,000,000","7,092,000","3,191,000","15,161,000","19,089,000","3,621,000","16,447,000","10,378,000","6,557,000","-355,678,000","157,873,000","97,530,000","140,943,000","144,804,000","202,487,000","136,648,000","203,240,000","7,232,000","148,719,000","64,768,000","59,687,000","47,983,000","120,099,000","166,917,000","155,115,000","235,064,000","315,006,000","230,768,000","340,540,000","244,551,000","280,637,000","159,149,000","184,196,000","155,882,000","214,257,000","157,854,000","206,175,000"
		NetIncomeIncludingNoncontrollingInterests,"1,416,000,000","366,000,000","338,000,000","206,000,000","506,000,000","586,000,000","380,000,000","302,000,000","207,000,000","290,000,000","294,000,000","261,000,000","210,000,000","324,000,000","290,000,000","258,000,000","258,000,000","319,000,000","164,000,000","247,000,000","187,000,000","195,000,000","21,000,000","168,000,000","200,000,000","310,000,000","121,000,000","182,000,000","221,000,000","-109,000,000","65,227,000","31,690,000","160,758,000","201,194,000","36,301,000","185,968,000","120,036,000","75,288,000","100,640,000","157,873,000","97,530,000","140,943,000","144,804,000","202,487,000","136,648,000","203,240,000","7,232,000","148,719,000","64,768,000","59,687,000","47,983,000","120,099,000","166,917,000","155,115,000","235,064,000","315,006,000","230,768,000","340,540,000","244,551,000","280,637,000","159,149,000","184,196,000","155,882,000","214,257,000","157,854,000","206,175,000"
			NetIncomeContinuousOperations,"1,416,000,000","366,000,000","338,000,000","206,000,000","506,000,000","586,000,000","380,000,000","302,000,000","207,000,000","290,000,000","294,000,000","261,000,000","210,000,000","324,000,000","290,000,000","258,000,000","258,000,000","319,000,000","164,000,000","247,000,000","187,000,000","195,000,000","21,000,000","168,000,000","200,000,000","310,000,000","121,000,000","182,000,000","221,000,000","-109,000,000","65,227,000","31,690,000","160,758,000","201,194,000","36,301,000","185,968,000","120,036,000","75,288,000","100,640,000","157,873,000","97,530,000","140,943,000","144,804,000","202,487,000","136,648,000","203,240,000","7,232,000","148,719,000","64,768,000","59,687,000","47,983,000","120,099,000","166,917,000","155,115,000","235,064,000","315,006,000","230,768,000","340,540,000","244,551,000","280,637,000","159,149,000","184,196,000","155,882,000","214,257,000","157,854,000","206,175,000"
		MinorityInterests,"-1,142,000,000","-293,000,000","-271,000,000","-164,000,000","-414,000,000","-479,000,000","-309,000,000","-256,000,000","-175,000,000","-244,000,000","-250,000,000","-225,000,000","-178,000,000","-275,000,000","-247,000,000","-219,000,000","-217,000,000","-273,000,000","-166,000,000","-216,000,000","-164,000,000","-171,000,000","-17,000,000","-148,000,000","-173,000,000","-277,000,000","-104,000,000","-160,000,000","-198,000,000","96,000,000","-58,135,000","-28,499,000","-145,597,000","-182,105,000","-32,680,000","-169,521,000","-109,658,000","-68,731,000","-91,500,000",,,,,,,,,,,,,,,,,,,,,,,,,,,
DilutedNIAvailtoComStockholders,"274,000,000","73,000,000","67,000,000","42,000,000","92,000,000","107,000,000","71,000,000","46,000,000","32,000,000","46,000,000","44,000,000","36,000,000","32,000,000","49,000,000","43,000,000","39,000,000","41,000,000","46,000,000","-2,000,000","31,000,000","23,000,000","24,000,000","4,000,000","20,000,000","27,000,000","33,000,000","17,000,000","22,000,000","23,000,000","-13,000,000","7,092,000","3,191,000","15,161,000","19,089,000","3,621,000","16,447,000","10,378,000","6,557,000","-354,570,000","157,873,000","97,530,000","140,943,000","144,804,000","202,487,000","136,648,000","203,240,000","7,232,000","148,719,000","64,768,000","59,687,000","47,983,000","120,099,000","166,917,000","155,115,000","235,064,000","315,006,000","230,768,000","340,540,000","244,551,000","280,637,000","159,149,000","184,196,000","155,882,000","214,257,000","157,854,000","206,175,000"
BasicEPS,,"0.74","0.68","0.44","1.01","1.18","0.82","0.59","0.41","0.6","0.58","0.46","0.43","0.65","0.58","0.52","0.58","0.64","-0.02","0.44","0.33","0.35","0.07","0.3","0.41","0.52","0.26","0.35","0.38","-0.22","0.12","0.06","0.27","0.35","0.07","0.33","0.21","0.14","0.19","0.26","0.17","0.24",,"0.5","0.22","0.38",,"0.26","0.09","0.09",,"0.2","0.31","0.31",,"0.67","0.45","0.68",,"0.55","0.17","0.46",,"0.535","0.394","0.515"
DilutedEPS,,"0.74","0.67","0.43","1","1.16","0.81","0.58","0.4","0.6","0.57","0.45","0.43","0.64","0.57","0.51","0.58","0.63","-0.02","0.43","0.32","0.34","0.07","0.3","0.4","0.51","0.25","0.35","0.37","-0.22","0.12","0.05","0.26","0.34","0.07","0.32","0.21","0.14","0.19","0.26","0.17","0.24",,"0.5","0.22","0.38",,"0.26","0.09","0.09",,"0.2","0.31","0.3",,"0.65","0.44","0.66",,"0.53","0.17","0.46",,"0.535","0.394","0.515"
BasicAverageShares,,"98,226,147","98,181,875","95,454,545","91,089,109","90,677,966","86,585,366","77,966,102","78,048,780","76,666,667","75,862,069","78,260,870","74,418,605","75,384,615","74,137,931","75,000,000","72,413,793","71,875,000","71,475,855","70,454,545","69,696,970","68,571,429","57,142,857","66,666,667","65,853,659","63,461,538","65,384,615","62,857,143","60,526,316","59,090,909","59,166,667","53,333,333","55,925,926","54,571,429","51,428,571","50,000,000","49,047,619","47,142,857","47,894,737","400,189,023","400,188,453","398,279,984",,"400,269,185","398,281,960","396,931,651",,"398,822,449","397,816,879","397,816,879",,"398,814,498","398,136,615","398,136,615",,"400,602,415","400,602,415","400,602,414",,"400,142,096","400,187,953","400,187,953",,"400,187,953","400,187,953","400,187,953"
DilutedAverageShares,,"99,224,776","98,980,339","97,674,419","92,000,000","92,241,379","87,654,321","79,310,345","80,000,000","76,666,667","77,192,982","80,000,000","74,418,605","76,562,500","75,438,596","76,470,588","72,413,793","73,015,873","71,475,855","72,093,023","71,875,000","70,588,235","57,142,857","66,666,667","67,500,000","64,705,882","68,000,000","62,857,143","62,162,162","59,090,909","59,166,667","64,000,000","58,076,923","56,176,471","51,428,571","51,562,500","49,047,619","47,142,857","47,894,737","400,189,023","400,188,453","398,279,984",,"400,269,185","398,281,960","396,931,651",,"398,822,449","397,816,879","397,816,879",,"398,814,498","398,136,615","517,050,000",,"484,615,385","515,969,697","515,969,697",,"400,142,096","400,187,953","400,187,953",,"400,187,953","400,187,953","400,187,953"
RentExpenseSupplemental,"82,000,000","22,000,000","22,000,000","19,000,000","19,000,000","20,000,000","18,000,000","17,000,000","17,000,000","17,000,000","17,000,000","15,000,000","14,000,000","14,000,000","14,000,000","12,000,000","11,000,000","12,000,000","13,000,000","11,000,000","10,000,000","13,000,000","13,000,000","13,000,000","13,000,000","12,000,000","11,000,000","12,000,000","11,000,000","10,000,000","10,464,000","9,393,000","9,693,000","9,819,000","10,218,000","9,387,000","9,249,000","10,069,000","9,900,000",,,,,,,,,,,,,,,,,,,,,,,,,,,
TotalExpenses,"1,076,000,000","298,000,000","332,000,000","448,000,000","118,000,000","215,000,000","215,000,000","254,000,000","351,000,000","312,000,000","285,000,000","329,000,000","321,000,000","303,000,000","283,000,000","242,000,000","247,000,000","241,000,000","102,000,000","180,000,000","203,000,000","170,000,000","163,000,000","154,000,000","147,000,000","145,000,000","136,000,000","139,000,000","139,000,000","136,000,000","75,676,000","155,723,000","147,032,000","151,050,000","139,811,000","142,061,000","163,604,000","146,722,000","163,400,000",,,,,,,,,,,,,,,,,,,,,,,,,,,
NetIncomeFromContinuingAndDiscontinuedOperation,"274,000,000","73,000,000","67,000,000","42,000,000","92,000,000","107,000,000","71,000,000","46,000,000","32,000,000","46,000,000","44,000,000","36,000,000","32,000,000","49,000,000","43,000,000","39,000,000","41,000,000","46,000,000","-2,000,000","31,000,000","23,000,000","24,000,000","4,000,000","20,000,000","27,000,000","33,000,000","17,000,000","22,000,000","23,000,000","-13,000,000","7,092,000","3,191,000","15,161,000","19,089,000","3,621,000","16,447,000","10,378,000","6,557,000","-355,678,000","157,873,000","97,530,000","140,943,000","144,804,000","202,487,000","136,648,000","203,240,000","7,232,000","148,719,000","64,768,000","59,687,000","47,983,000","120,099,000","166,917,000","155,115,000","235,064,000","315,006,000","230,768,000","340,540,000","244,551,000","280,637,000","159,149,000","184,196,000","155,882,000","214,257,000","157,854,000","206,175,000"
NormalizedIncome,"275,836,575.875","73,928,934.01","67,000,000","42,000,000","92,935,304.991","108,834,115.806","71,000,000","48,712,574.85","34,797,297.297","52,590,909.091","51,538,461.538","40,644,128.114","91,733,333.333","-20,769,911.504","36,430,420.712","34,326,086.957","32,431,734.317","46,938,235.294","1,600,000","26,391,791.045","23,916,666.667","23,084,507.042","8,500,000","31,934,426.23","14,793,427.23","804,154.303","64,637,795.276","31,910,891.089","19,316,666.667","92,072,072.072","7,092,000","3,191,000","15,161,000","19,089,000","3,621,000","16,447,000","10,378,000","6,557,000","-355,380,300","157,873,000","97,530,000","140,943,000","144,804,000","202,487,000","136,648,000","203,240,000","7,232,000","148,719,000","64,768,000","59,687,000","47,983,000","120,099,000","166,917,000","155,115,000","235,064,000","315,006,000","230,768,000","340,540,000","244,551,000","280,637,000","159,149,000","184,196,000","155,882,000","214,257,000","157,854,000","206,175,000"
InterestIncome,,,,"325,000,000","307,000,000","390,000,000","280,000,000","240,000,000","244,000,000","369,000,000","418,000,000","468,000,000","432,000,000","408,000,000","385,000,000","363,000,000","333,000,000","311,000,000","282,000,000","243,000,000","206,000,000","177,000,000","160,000,000","157,000,000","144,000,000","145,000,000","136,000,000","122,000,000","126,000,000","108,000,000","112,871,000","122,371,000","95,027,000","85,883,000","79,095,000","74,000,000","76,070,000","70,502,000","67,820,000","65,410,000","68,621,000","66,576,000","68,433,000","73,694,000","79,400,000","58,663,000","52,537,000","42,350,000","40,968,000","36,649,000","31,902,000","29,902,000","33,493,000","26,321,000","63,354,000","101,168,000","128,730,000","143,920,000","185,040,000","207,547,000","205,091,000","184,519,000","196,188,000","183,305,000","160,489,000","132,075,000"
InterestExpense,,,,"51,000,000","33,000,000","85,000,000","55,000,000","45,000,000","48,000,000","113,000,000","131,000,000","177,000,000","173,000,000","162,000,000","142,000,000","119,000,000","108,000,000","94,000,000","78,000,000","61,000,000","51,000,000","35,000,000","22,000,000","21,000,000","18,000,000","18,000,000","18,000,000","16,000,000","18,000,000","15,000,000","21,914,000","24,130,000","11,942,000","14,286,000","13,084,000","12,191,000","13,574,000","12,871,000","12,475,000","14,199,000","16,133,000","19,143,000","20,735,000","23,337,000","24,437,000","17,747,000","17,376,000","15,959,000","17,714,000","15,160,000","15,292,000","15,173,000","22,784,000","16,184,000","45,466,000","70,819,000","102,545,000","113,138,000","135,410,000","142,720,000","143,547,000","133,537,000","143,462,000","134,467,000","112,701,000","93,803,000"
NetInterestIncome,,,,"274,000,000","274,000,000","305,000,000","225,000,000","195,000,000","196,000,000","256,000,000","287,000,000","291,000,000","259,000,000","246,000,000","243,000,000","244,000,000","225,000,000","217,000,000","204,000,000","182,000,000","155,000,000","142,000,000","138,000,000","136,000,000","126,000,000","127,000,000","118,000,000","106,000,000","108,000,000","93,000,000","90,957,000","98,241,000","83,085,000","71,597,000","66,011,000","61,809,000","62,496,000","57,631,000","55,345,000","51,211,000","52,488,000","47,433,000","47,698,000","50,357,000","54,963,000","40,916,000","35,161,000","26,391,000","23,254,000","21,489,000","16,610,000","14,729,000","10,709,000","10,137,000","17,888,000","30,349,000","26,185,000","30,782,000","49,630,000","64,827,000","61,544,000","50,982,000","52,726,000","48,838,000","47,788,000","38,272,000"
EBIT,"1,740,000,000","436,000,000","396,000,000","237,000,000","551,000,000","643,000,000","405,000,000","310,000,000","209,000,000","364,000,000","308,000,000","333,000,000","295,000,000","285,000,000","314,000,000","295,000,000","283,000,000","303,000,000","364,000,000","237,000,000","176,000,000","163,000,000","186,000,000","185,000,000","183,000,000","218,000,000","197,000,000","237,000,000","211,000,000","183,000,000","317,802,000","23,494,000","156,366,000","198,986,000","107,260,000","175,556,000","109,664,000","62,312,000","47,179,000","186,819,000","124,640,000","168,820,000","172,930,000","241,094,000","173,581,000","239,719,000","59,286,000","177,879,000","89,790,000","80,073,000","67,463,000","148,440,000","214,892,000","183,131,000","314,511,000","418,209,000","361,906,000","487,091,000","404,123,000","450,585,000","308,200,000","323,876,000","305,097,000","354,610,000","277,124,000","309,162,000"
EBITDA,"1,817,000,000"
ReconciledCostOfRevenue,"841,000,000","232,000,000","216,000,000","210,000,000","183,000,000","250,000,000","207,000,000","196,000,000","206,000,000","270,000,000","265,000,000","312,000,000","311,000,000","294,000,000","278,000,000","239,000,000","242,000,000","237,000,000","191,000,000","186,000,000","180,000,000","158,000,000","151,000,000","141,000,000","135,000,000","138,000,000","128,000,000","135,000,000","135,000,000","127,000,000","123,738,000","125,690,000","117,165,000","121,982,000","131,978,000","112,449,000","136,319,000","118,729,000","135,300,000",,,,,,,,,,,,,,,,,,,,,,,,,,,
ReconciledDepreciation,"77,000,000","21,000,000","20,000,000","18,000,000","18,000,000","18,000,000","17,000,000","15,000,000","15,000,000","15,000,000","16,000,000","12,000,000","12,000,000","12,000,000","8,000,000","6,000,000","5,000,000","7,000,000","7,000,000","6,000,000","6,000,000","6,000,000","7,000,000","6,000,000","6,000,000","6,000,000","6,000,000","5,000,000","6,000,000","5,000,000","5,604,000","4,624,000","4,555,000","4,896,000","5,330,000","4,475,000","4,470,000","4,969,000","5,068,000","4,451,000","4,557,000","5,193,000","5,071,000","4,269,000","4,414,000","4,946,000","5,167,000","4,483,000","4,320,000","4,732,000","5,756,000","5,075,000","5,263,000","4,980,000","4,783,000","4,547,000","4,217,000","4,350,000","3,114,000","3,003,000","2,998,000","2,953,000","2,443,000","2,442,000","3,501,000","3,244,000"
NetIncomeFromContinuingOperationNetMinorityInterest,"274,000,000","73,000,000","67,000,000","42,000,000","92,000,000","107,000,000","71,000,000","46,000,000","32,000,000","46,000,000","44,000,000","36,000,000","32,000,000","49,000,000","43,000,000","39,000,000","41,000,000","46,000,000","-2,000,000","31,000,000","23,000,000","24,000,000","4,000,000","20,000,000","27,000,000","33,000,000","17,000,000","22,000,000","23,000,000","-13,000,000","7,092,000","3,191,000","15,161,000","19,089,000","3,621,000","16,447,000","10,378,000","6,557,000","-355,678,000","157,873,000","97,530,000","140,943,000","144,804,000","202,487,000","136,648,000","203,240,000","7,232,000","148,719,000","64,768,000","59,687,000","47,983,000","120,099,000","166,917,000","155,115,000","235,064,000","315,006,000","230,768,000","340,540,000","244,551,000","280,637,000","159,149,000","184,196,000","155,882,000","214,257,000","157,854,000","206,175,000"
TotalUnusualItemsExcludingGoodwill,"-2,000,000","-1,000,000","0","0","-1,000,000","-2,000,000","0","-3,000,000","-3,000,000","-7,000,000","-8,000,000","-5,000,000","-64,000,000","73,000,000","7,000,000","5,000,000","9,000,000","-1,000,000","-6,000,000","5,000,000","-1,000,000","1,000,000","-6,000,000","-13,000,000","13,000,000","35,000,000","-50,000,000","-11,000,000","4,000,000","-107,000,000","20,147,000","0","0","0","22,187,000","0","0","0","-458,000","0","0","0","0","0","0","0","0","0","0","0","0","0","0","0","0","0","0","0","0","0","0","0","0","0","0","0"
TotalUnusualItems,"-2,000,000","-1,000,000","0","0","-1,000,000","-2,000,000","0","-3,000,000","-3,000,000","-7,000,000","-8,000,000","-5,000,000","-64,000,000","73,000,000","7,000,000","5,000,000","9,000,000","-1,000,000","-6,000,000","5,000,000","-1,000,000","1,000,000","-6,000,000","-13,000,000","13,000,000","35,000,000","-50,000,000","-11,000,000","4,000,000","-107,000,000","20,147,000","0","0","0","22,187,000","0","0","0","-458,000","0","0","0","0","0","0","0","0","0","0","0","0","0","0","0","0","0","0","0","0","0","0","0","0","0","0","0"
NormalizedEBITDA,"1,819,000,000","458,000,000","416,000,000","255,000,000","570,000,000","663,000,000","422,000,000","328,000,000","227,000,000","386,000,000","332,000,000","350,000,000","371,000,000","224,000,000","315,000,000","296,000,000","279,000,000","311,000,000","377,000,000","238,000,000","183,000,000","168,000,000","199,000,000","204,000,000","176,000,000","189,000,000","253,000,000","253,000,000","213,000,000","295,000,000","323,406,000","28,118,000","160,921,000","203,882,000","112,590,000","180,031,000","114,134,000","67,281,000","52,705,000","195,862,000","134,597,000","178,754,000","182,727,000","250,078,000","182,640,000","248,965,000","69,073,000","187,076,000","98,938,000","89,277,000","78,292,000","158,448,000","224,834,000","192,692,000","324,527,000","428,715,000","370,522,000","495,616,000","411,481,000","457,291,000","314,661,000","329,833,000","310,997,000","359,690,000","283,261,000","314,742,000"
TaxRateForCalcs,"0.082","0.071","0.094","0.12","0.065","0.083","0.031","0.096","0.068","0.058","0.058","0.071","0.067","0.044","0.061","0.065","0.048","0.062","0.4","0.078","0.083","0.085","0.25","0.082","0.061","0.08","0.047","0.099","0.079","0.018","0.123","0.195","0.077","0.078","0.063","0.053","0.104","0.084","0.35","0.085","0.101","0.058","0.049","0.07","0.084","0.084","0.35","0.082","0.101","0.081","0.08","0.099","0.131","0.071","0.126","0.093","0.11","0.089","0.09","0.088","0.033","0.032","0.036","0.027","0.04","0.043"
TaxEffectOfUnusualItems,"-163,424.125","-71,065.99","0","0","-64,695.009","-165,884.194","0","-287,425.15","-202,702.703","-409,090.909","-461,538.462","-355,871.886","-4,266,666.667","3,230,088.496","430,420.712","326,086.957","431,734.317","-61,764.706","-2,400,000","391,791.045","-83,333.333","84,507.042","-1,500,000","-1,065,573.77","793,427.23","2,804,154.303","-2,362,204.724","-1,089,108.911","316,666.667","-1,927,927.928","0","0","0","0","0","0","0","0","-160,300","0","0","0","0","0","0","0","0","0","0","0","0","0","0","0","0","0","0","0","0","0","0","0","0","0","0","0"