name,ttm,03/31/2022,12/31/2021,09/30/2021,06/30/2021,03/31/2021,12/31/2020,09/30/2020,06/30/2020,03/31/2020,12/31/2019,09/30/2019,06/30/2019,03/31/2019,12/31/2018,09/30/2018,06/30/2018,03/31/2018,12/31/2017,09/30/2017,06/30/2017,03/31/2017,12/31/2016,09/30/2016,06/30/2016,03/31/2016,12/31/2015,09/30/2015,06/30/2015,03/31/2015,12/31/2014,09/30/2014,06/30/2014,03/31/2014,12/31/2013,09/30/2013,06/30/2013,03/31/2013,12/31/2012,09/30/2012,06/30/2012,03/31/2012,12/31/2011,09/30/2011,06/30/2011,03/31/2011,12/31/2010,09/30/2010,06/30/2010,03/31/2010,12/31/2009,09/30/2009,06/30/2009,03/31/2009,12/31/2008,09/30/2008,06/30/2008,03/31/2008,12/31/2007,09/30/2007,06/30/2007,03/31/2007,12/31/2006,09/30/2006,06/30/2006,03/31/2006,12/31/2005,09/30/2005,06/30/2005,03/31/2005,12/31/2004,09/30/2004,06/30/2004,03/31/2004,12/31/2003,09/30/2003,06/30/2003,03/31/2003,12/31/2002,09/30/2002,06/30/2002,03/31/2002,12/31/2001,09/30/2001,06/30/2001,03/31/2001,12/31/2000,09/30/2000,06/30/2000,03/31/2000,12/31/1999,09/30/1999,06/30/1999,03/31/1999,12/31/1998,09/30/1998,06/30/1998,03/31/1998,12/31/1997,09/30/1997,06/30/1997,03/31/1997,12/31/1996,09/30/1996,06/30/1996,03/31/1996,12/31/1995,09/30/1995,06/30/1995,03/31/1995,12/31/1994,09/30/1994,06/30/1994,03/31/1994,12/31/1993,09/30/1993,06/30/1993,03/31/1993,12/31/1992,09/30/1992,06/30/1992,03/31/1992,12/31/1991,09/30/1991,06/30/1991,03/31/1991,12/31/1990,09/30/1990,06/30/1990,03/31/1990,12/31/1989,09/30/1989,06/30/1989,03/31/1989,12/31/1988,09/30/1988,06/30/1988,03/31/1988,12/31/1987,09/30/1987,06/30/1987,03/31/1987,12/31/1986,09/30/1986,06/30/1986,03/31/1986,12/31/1985,09/30/1985
TotalRevenue,"1,486,318,000","344,288,000","335,012,000","446,944,000","360,074,000","316,054,000","315,694,000","425,261,000","318,766,000","291,008,000","292,848,000","386,320,000","316,895,000","350,319,000","311,892,000","408,801,000","339,952,000","310,107,000","305,612,000","408,324,000","333,006,000","302,544,000","293,583,000","372,045,000","315,436,000","280,956,000","285,400,000","369,165,000","336,328,000","279,395,000","289,821,000","382,201,000","317,783,000","292,719,000","296,230,000","381,107,000","303,948,000","264,928,000","250,800,000","334,019,000","254,701,000","241,140,000","230,649,000","309,630,000","234,983,000","251,494,000","231,956,000","309,357,000","241,753,000","252,963,000","253,083,000","324,509,000","243,634,000","228,574,000","217,032,000","299,716,000","230,226,000","213,440,000","197,446,000","261,463,000","213,772,000","206,711,000","184,784,000","230,532,000","242,635,000","273,641,000","208,693,000","249,142,000","205,471,000","196,182,000","197,753,000","246,677,000","211,872,000","188,189,000","171,570,000","239,228,000","200,276,000","211,928,000","219,800,000","259,000,000","621,000,000","653,000,000","4,608,248,000","398,001,000","329,226,000","288,245,000","408,399,000","231,539,000","213,081,000","166,333,000","157,136,000","161,978,000","165,072,000","174,149,000","269,805,000","392,378,000","221,622,000","238,170,000","208,908,000","217,174,000","166,975,000","155,447,000","141,780,000","149,652,000","140,384,000","146,629,000","135,305,000","148,726,000","130,254,000","131,336,000","135,276,000","151,031,000","128,541,000","128,810,000","135,500,000","134,600,000","129,500,000","140,800,000","129,900,000","129,000,000","124,700,000","114,500,000","122,100,000","129,600,000","110,900,000","120,600,000","117,900,000","125,600,000","109,400,000","112,000,000","116,500,000","128,200,000","119,100,000","132,400,000","99,400,000","111,600,000","98,400,000","102,900,000","91,200,000","107,900,000","94,200,000","101,300,000","90,400,000","103,100,000","98,300,000","117,100,000","106,300,000","116,900,000"
	OperatingRevenue,"1,483,763,000","343,921,000","334,431,000","446,353,000","359,058,000","315,568,000","315,016,000","424,170,000","317,666,000","290,488,000","292,366,000","385,028,000","315,774,000","349,771,000","311,067,000","407,355,000","338,699,000","309,461,000","274,947,000","380,279,000","303,101,000","281,032,000","269,180,000","347,968,000","291,519,000","262,531,000","260,647,000","347,283,000","312,489,000","261,505,000","268,239,000","363,287,000","293,878,000","274,042,000","278,525,000","360,597,000","268,959,000","248,119,000","169,437,000","334,019,000","254,701,000","241,140,000","230,649,000","309,630,000","234,983,000","251,494,000","231,956,000","309,357,000","241,753,000","252,963,000","253,083,000","324,509,000","243,634,000","228,574,000","217,032,000","299,716,000","230,226,000","213,440,000","197,446,000","261,463,000","213,772,000","206,711,000","184,784,000","230,532,000","242,635,000","273,641,000","208,693,000","249,142,000","205,471,000","196,182,000","197,753,000","246,677,000","211,872,000","188,189,000","171,570,000","239,228,000","200,276,000","211,928,000","219,800,000","259,000,000","621,000,000","653,000,000","4,608,248,000","398,001,000","329,226,000","288,245,000","408,399,000","231,539,000","213,081,000","166,333,000","157,136,000","161,978,000","165,072,000","174,149,000","269,805,000","392,378,000","221,622,000","238,170,000","208,908,000","217,174,000","166,975,000","155,447,000","141,780,000","149,652,000","140,384,000","146,629,000","135,305,000","148,726,000","130,254,000","131,336,000","135,276,000","151,031,000","128,541,000","128,810,000","135,500,000","134,600,000","129,500,000","140,800,000","129,900,000","129,000,000","124,700,000","114,500,000","122,100,000","129,600,000","110,900,000","120,600,000","117,900,000","125,600,000","109,400,000","112,000,000","116,500,000","128,200,000","119,100,000","132,400,000","99,400,000","111,600,000","98,400,000","102,900,000","91,200,000","107,900,000","94,200,000","101,300,000","90,400,000","103,100,000","98,300,000","117,100,000","106,300,000","116,900,000"
CostOfRevenue,"1,092,581,000","267,269,000","267,513,000","306,309,000","251,490,000","235,937,000","241,949,000","280,350,000","217,710,000","220,159,000","220,071,000","253,839,000","223,190,000","272,066,000","245,004,000","274,172,000","238,120,000","241,467,000","228,232,000","265,617,000","231,389,000","233,380,000","225,973,000","253,157,000","217,896,000","218,453,000","214,573,000","244,972,000","230,425,000","219,754,000","242,500,000","259,190,000","226,425,000","227,542,000","243,008,000","248,995,000","193,116,000","189,007,000","507,192,000","127,548,000","71,336,000","80,513,000","47,287,000","115,651,000","77,424,000","93,013,000","36,026,000","112,181,000","94,743,000","111,719,000","64,324,000","139,620,000","78,104,000","88,693,000","84,520,000","105,875,000","77,941,000","64,792,000","67,015,000","109,650,000","65,815,000","60,194,000","84,943,000","133,859,000","101,362,000","126,361,000","82,593,000","109,414,000","73,713,000","64,757,000","97,846,000","107,898,000","86,335,000","46,009,000","123,684,000","102,886,000","55,927,000","39,143,000","227,462,000","77,000,000","95,000,000","58,000,000","93,392,000","196,637,000","123,684,000","92,288,000","49,888,000","163,054,000","121,686,000","37,549,000","47,060,000","64,611,000","41,381,000","39,908,000","144,467,000","276,695,000","90,349,000","114,926,000","97,422,000","111,148,000","47,856,000","34,044,000","40,454,000","51,341,000","23,830,000","16,747,000","28,220,000","40,554,000","18,294,000","22,209,000","30,633,000","57,255,000","36,515,000","30,701,000",,,,,,,,,,,,,,,,,,,,,,,,,,,,,,,,,,
GrossProfit,"393,737,000","77,019,000","67,499,000","140,635,000","108,584,000","80,117,000","73,745,000","144,911,000","101,056,000","70,849,000","72,777,000","132,481,000","93,705,000","78,253,000","66,888,000","134,629,000","101,832,000","68,640,000","77,380,000","142,707,000","101,617,000","69,164,000","67,610,000","118,888,000","97,540,000","62,503,000","70,827,000","124,193,000","105,903,000","59,641,000","47,321,000","123,011,000","91,358,000","65,177,000","53,222,000","132,112,000","110,832,000","75,921,000","-256,392,000","206,471,000","183,365,000","160,627,000","183,362,000","193,979,000","157,559,000","158,481,000","195,930,000","197,176,000","147,010,000","141,244,000","188,759,000","184,889,000","165,530,000","139,881,000","132,512,000","193,841,000","152,285,000","148,648,000","130,431,000","151,813,000","147,957,000","146,517,000","99,841,000","96,673,000","141,273,000","147,280,000","126,100,000","139,728,000","131,758,000","131,425,000","99,907,000","138,779,000","125,537,000","142,180,000","47,886,000","136,342,000","144,349,000","172,785,000","-7,662,000","182,000,000","526,000,000","595,000,000","4,514,856,000","201,364,000","205,542,000","195,957,000","358,511,000","68,485,000","91,395,000","128,784,000","110,076,000","97,367,000","123,691,000","134,241,000","125,338,000","115,683,000","131,273,000","123,244,000","111,486,000","106,026,000","119,119,000","121,403,000","101,326,000","98,311,000","116,554,000","129,882,000","107,085,000","108,172,000","111,960,000","109,127,000","104,643,000","93,776,000","92,026,000","98,109,000",,,,,,,,,,,,,,,,,,,,,,,,,,,,,,,,,,
OperatingExpense,"79,776,000","16,351,000","30,802,000","16,443,000","16,180,000","19,008,000","31,868,000","20,141,000","21,616,000","19,279,000","29,483,000","18,325,000","21,925,000","20,134,000","34,403,000","19,396,000","18,997,000","18,051,000","23,867,000","21,793,000","22,507,000","18,349,000","14,533,000","20,960,000","20,587,000","18,685,000","22,276,000","19,529,000","19,927,000","16,737,000","19,735,000","17,289,000","19,549,000","16,599,000","15,879,000","16,553,000","31,426,000","16,488,000","-286,506,000","95,128,000","124,565,000","118,283,000","508,272,000","122,586,000","200,684,000","201,403,000","156,905,000","108,183,000","110,405,000","107,197,000","149,886,000","105,286,000","116,058,000","104,247,000","105,662,000","112,422,000","112,102,000","103,892,000","106,636,000","105,755,000","112,267,000","102,738,000","70,563,000","40,039,000","103,848,000","103,483,000","108,311,000","96,516,000","107,913,000","96,528,000","77,190,000","119,846,000","111,778,000","105,986,000","73,808,000","80,429,000","130,349,000","142,147,000","-21,757,000","165,000,000","518,000,000","540,000,000","4,485,675,000","132,366,000","128,724,000","128,120,000","164,616,000","74,138,000","77,199,000","58,818,000","77,113,000","57,425,000","83,967,000","74,412,000","80,914,000","68,224,000","88,490,000","66,689,000","72,643,000","62,149,000","77,341,000","62,330,000","61,166,000","56,531,000","69,813,000","71,393,000","61,963,000","62,535,000","73,279,000","62,575,000","59,980,000","60,167,000","58,042,000","60,701,000",,,,,,,,,,,,,,,,,,,,,,,,,,,,,,,,,,
	SellingGeneralAndAdministration,,,,,,,,,,,,,,,,,,,,,,,,,,,,,,,,,,,,,,,,,,,,,,,,,,,,,,,,,,,,,,,,,,,,,,,,"558,000","543,000","520,000","3,095,000","8,070,000","6,481,000","6,703,000","14,036,000","6,000,000","5,000,000","3,000,000",,,,,,,,,,,,,,,,,,,,,,,,,,,,,,,,,,,,,,,,,,,,,,,,,,,,,,,,,,,,,,,,,,
	DepreciationAmortizationDepletionIncomeStatement,,,,,,,,,,"42,526,000","43,204,000","42,601,000","41,172,000","42,234,000","42,106,000","41,668,000","41,348,000","40,068,000","39,829,000","40,259,000","45,240,000","36,763,000","36,214,000","36,036,000","35,794,000","35,617,000","35,114,000","34,639,000","34,314,000","34,043,000","33,683,000","33,476,000","32,952,000","32,875,000","33,055,000","32,538,000","32,232,000","31,910,000","31,913,000","31,607,000","29,879,000","30,542,000","30,517,000","30,115,000","29,693,000","29,464,000","29,475,000","29,137,000","28,726,000","28,583,000","28,995,000","28,837,000","26,832,000","25,963,000","24,002,000","25,717,000","26,617,000","25,750,000","26,202,000","25,967,000","25,613,000","25,290,000","25,353,000","25,289,000","24,633,000","24,549,000","25,647,000","25,726,000","25,193,000","24,919,000","25,396,000","25,229,000","25,271,000","24,890,000","24,797,000","24,439,000","24,279,000","24,135,000","23,609,000","24,000,000","23,000,000","23,000,000","22,707,000","21,894,000","21,448,000","20,952,000","20,518,000","19,933,000","19,949,000","19,887,000","19,746,000","19,511,000","19,404,000","19,171,000","17,401,000","19,140,000","19,044,000","18,895,000","18,309,000","18,099,000","18,042,000","17,522,000","17,481,000","17,652,000","17,177,000","17,395,000","17,272,000","17,033,000","16,436,000","16,674,000","12,541,000","16,101,000","15,527,000","16,033,000",,,,,,,,,,,,,,,,,,,,,,,,,,,,,,,,,,
		DepreciationAndAmortizationInIncomeStatement,,,,,,,,,,"42,526,000","43,204,000","42,601,000","41,172,000","42,234,000","42,106,000","41,668,000","41,348,000","40,068,000","39,829,000","40,259,000","45,240,000","36,763,000","36,214,000","36,036,000","35,794,000","35,617,000","35,114,000","34,639,000","34,314,000","34,043,000","33,683,000","33,476,000","32,952,000","32,875,000","33,055,000","32,538,000","32,232,000","31,910,000","31,913,000","31,607,000","29,879,000","30,542,000","30,517,000","30,115,000","29,693,000","29,464,000","29,475,000","29,137,000","28,726,000","28,583,000","28,995,000","28,837,000","26,832,000","25,963,000",,,,,,,,,,,,,,,,,,,,,,,,,,,,,,,,,,,,,,,,,,,,,,,,,,,,,,,,,,,,,,,,,,,,,,,,,,,,,,,,,,,,,,,,,,,,,,
			DepreciationIncomeStatement,,,,,,,,,,"42,526,000","43,204,000","42,601,000","41,172,000","42,234,000","42,106,000","41,668,000","41,348,000","40,068,000","39,829,000","40,259,000","45,240,000","36,763,000","36,214,000","36,036,000","35,794,000","35,617,000","35,114,000","34,639,000","34,314,000","34,043,000","33,683,000","33,476,000","32,952,000","32,875,000","33,055,000","32,538,000","32,232,000","31,910,000","31,913,000","31,607,000","29,879,000","30,542,000","30,517,000","30,115,000","29,693,000","29,464,000","29,475,000","29,137,000","28,726,000","28,583,000","28,995,000","28,837,000","26,832,000","25,963,000",,,,,,,,,,,,,,,,,,,,,,,,,,,,,,,,,,,,,,,,,,,,,,,,,,,,,,,,,,,,,,,,,,,,,,,,,,,,,,,,,,,,,,,,,,,,,,
	OtherTaxes,,,,"8,959,000",,,,"8,536,000","8,727,000","8,683,000","6,980,000","8,827,000","9,377,000","8,859,000","7,486,000","8,911,000","9,118,000","9,277,000","7,955,000","8,614,000","8,843,000","8,678,000","7,595,000","8,287,000","8,203,000","8,738,000","7,809,000","8,286,000","8,193,000","8,520,000","7,063,000","8,340,000","8,241,000","8,105,000","7,318,000","7,017,000","8,054,000","8,172,000","7,528,000","7,012,000","7,849,000","8,100,000","7,199,000","7,302,000","7,182,000","7,211,000","6,916,000","5,645,000","5,805,000","5,680,000","5,320,000","5,600,000","5,088,000","5,062,000","4,652,000","4,827,000","4,800,000","4,803,000","3,367,000","4,714,000","4,636,000","4,918,000","2,704,000","4,057,000","6,329,000","5,571,000","5,212,000","5,115,000","5,302,000","5,227,000","3,554,000","4,593,000","5,378,000","5,565,000","5,181,000","5,164,000","5,251,000","5,157,000","4,953,000","5,000,000","5,000,000","5,000,000","4,409,000","4,947,000","5,409,000","5,235,000","4,252,000","5,024,000","5,463,000","5,427,000","5,290,000","5,170,000","5,676,000","5,584,000","4,622,000","5,258,000","5,501,000","5,344,000","4,441,000","5,333,000","5,556,000","5,831,000","4,909,000","5,902,000","4,716,000","5,130,000","4,564,000","5,971,000","6,318,000","6,126,000","6,407,000","6,163,000","5,596,000","5,779,000",,,,,,,,,,,,,,,,,,,,,,,,,,,,,,,,,,
	OtherOperatingExpenses,"64,527,000","16,351,000","42,846,000","7,484,000","16,180,000","19,008,000","45,950,000","11,605,000","12,889,000","10,596,000","11,527,000","9,498,000","12,548,000","11,275,000","11,136,000","10,485,000","9,879,000","8,774,000","15,912,000","13,179,000","13,664,000","9,671,000","6,938,000","12,673,000","12,384,000","9,947,000","14,467,000","11,243,000","11,734,000","8,217,000","12,672,000","8,949,000","11,308,000","8,494,000","8,561,000","9,536,000","23,372,000","8,316,000","52,481,000","-33,459,000","832,000","1,127,000","334,948,000","607,000","78,337,000","94,067,000","1,564,000","1,462,000","749,000","840,000","3,031,000","1,879,000","9,485,000","4,453,000","2,300,000","7,100,000","5,068,000","1,048,000","6,427,000","5,920,000","3,130,000","2,588,000","-20,138,000","-51,702,000","3,046,000","11,799,000","21,351,000","1,383,000","11,701,000","11,284,000","-25,492,000","26,223,000","17,393,000","20,865,000","-15,850,000","-11,520,000","34,801,000","55,567,000","-116,710,000","78,000,000","431,000,000","459,000,000","4,330,942,000","55,521,000","52,258,000","52,786,000","-16,962,000","35,505,000","37,885,000","24,494,000","40,295,000","21,841,000","47,388,000","41,774,000","48,281,000","33,117,000","52,420,000","33,422,000","37,001,000","26,759,000","40,175,000","28,674,000","27,318,000","20,819,000","37,610,000","40,062,000","32,519,000","30,186,000","40,583,000","30,717,000","30,417,000","26,822,000","25,167,000","28,847,000",,,,,,,,,,,,,,,,,,,,,,,,,,,,,,,,,,
OperatingIncome,"313,961,000","60,668,000","36,697,000","124,192,000","92,404,000","61,109,000","41,877,000","124,770,000","79,440,000","51,570,000","43,294,000","114,156,000","71,780,000","58,119,000","32,485,000","115,233,000","82,835,000","50,589,000","53,513,000","120,914,000","79,110,000","50,815,000","53,077,000","97,928,000","76,953,000","43,818,000","48,551,000","104,664,000","85,976,000","42,904,000","27,586,000","105,722,000","71,809,000","48,578,000","37,343,000","115,559,000","79,406,000","59,433,000","30,114,000","111,343,000","58,800,000","42,344,000","-324,910,000","71,393,000","-43,125,000","-42,922,000","39,025,000","88,993,000","36,605,000","34,047,000","38,873,000","79,603,000","49,472,000","35,634,000","26,850,000","81,419,000","40,183,000","44,756,000","23,795,000","46,058,000","35,690,000","43,779,000","29,278,000","56,634,000","37,425,000","43,797,000","17,789,000","43,212,000","23,845,000","34,897,000","22,717,000","18,933,000","13,759,000","36,194,000","-25,922,000","55,913,000","14,000,000","30,638,000","14,095,000","17,000,000","8,000,000","55,000,000","29,181,000","68,998,000","76,818,000","67,837,000","193,895,000","-5,653,000","14,196,000","69,966,000","32,963,000","39,942,000","39,724,000","59,829,000","44,424,000","47,459,000","42,783,000","56,555,000","38,843,000","43,877,000","41,778,000","59,073,000","40,160,000","41,780,000","46,741,000","58,489,000","45,122,000","45,637,000","38,681,000","46,552,000","44,663,000","33,609,000","33,984,000","37,408,000","135,500,000","134,600,000","129,500,000","140,800,000","129,900,000","129,000,000","124,700,000","114,500,000","122,100,000","129,600,000","110,900,000","120,600,000","117,900,000","125,600,000","109,400,000","112,000,000","116,500,000","128,200,000","119,100,000","132,400,000","99,400,000","111,600,000","98,400,000","102,900,000","91,200,000","107,900,000","94,200,000","101,300,000","90,400,000","103,100,000","98,300,000","117,100,000","106,300,000","116,900,000"
NetNonOperatingInterestIncomeExpense,"-86,647,000","-21,499,000","-21,804,000","-21,715,000","-21,628,000","-21,550,000","-21,786,000","-22,168,000","-22,727,000","-20,744,000","-20,779,000","-21,571,000","-22,108,000","-22,017,000","-21,970,000","-21,836,000","-20,968,000","-21,173,000","-21,657,000","-20,742,000","-20,648,000","-20,700,000","-20,015,000","-20,312,000","-20,640,000","-21,068,000","-20,557,000","-20,277,000","-20,663,000","-20,437,000","-19,951,000","-19,871,000","-19,942,000","-20,036,000","-20,098,000","-20,795,000","-20,649,000","-19,490,000","-19,826,000","-19,401,000","-17,436,000","-17,205,000","-17,552,000","-17,446,000","-17,568,000","-18,959,000","-19,992,000","-18,745,000","-17,389,000","-18,988,000","-18,567,000","-18,601,000","-18,165,000","-17,475,000",,,,,,,,,,,,,,,,,,,,,,,,,,,,,,,,,,,,,,,,,,,,,,,,,,,,,,,,,,,,,,,,,,,,,,,,,,,,,,,,,,,,,,,,,,,,,,
	InterestIncomeNonOperating,,,,,,,,,,,,,,,,,,,,,,,,,,,,,,,,,,,,,,,,"269,000",,"2,294,000","1,947,000","2,053,000","1,936,000",,,,,,,,,,,,,,,,,,,,,,,,,,,,,,,,,,,,,,,,,,,,,,,,,,,,,,,,,,,,,,,,,,,,,,,,,,,,,,,,,,,,,,,,,,,,,,,,,,,,,,,
	InterestExpenseNonOperating,"86,647,000","21,499,000","21,804,000","21,715,000","21,628,000","21,550,000","21,786,000","22,168,000","22,727,000","20,744,000","20,779,000","21,571,000","22,108,000","22,017,000","21,970,000","21,836,000","20,968,000","21,173,000","21,657,000","20,742,000","20,648,000","20,700,000","20,015,000","20,312,000","20,640,000","21,068,000","20,557,000","20,277,000","20,663,000","20,437,000","19,951,000","19,871,000","19,942,000","20,036,000","20,098,000","20,795,000","20,649,000","19,490,000","14,617,000","19,670,000","17,436,000","19,499,000","19,499,000","19,499,000","19,504,000","18,959,000","19,992,000","18,745,000","17,389,000","18,988,000","18,567,000","18,601,000","18,165,000","17,475,000",,,,,,,,,,,,,,,,,,,,,,,,,,,,,,,,,,,,,,,,,,,,,,,,,,,,,,,,,,,,,,,,,,,,,,,,,,,,,,,,,,,,,,,,,,,,,,
OtherIncomeExpense,"57,794,000","13,041,000","21,331,000","12,852,000","10,568,000","10,327,000","22,992,000","12,045,000","10,879,000","10,520,000","22,559,000","12,794,000","10,756,000","10,851,000","19,234,000","13,062,000","7,831,000","9,589,000","10,395,000","13,200,000","8,574,000","9,074,000","7,899,000","20,936,000","8,794,000","7,147,000","10,163,000","12,403,000","10,519,000","6,988,000","9,808,000","12,252,000","7,221,000","7,350,000","28,381,000","8,059,000","2,823,000","4,548,000","9,428,000","4,232,000","4,643,000","8,012,000","10,075,000","8,095,000","594,000","3,244,000","5,687,000","6,992,000","3,392,000","2,103,000","-232,000","7,435,000","1,438,000","7,323,000","-8,550,000","4,665,000","1,330,000","16,000","3,494,000","4,053,000","1,622,000","851,000","-6,268,000","1,340,000","8,343,000","3,217,000","9,090,000","2,876,000","1,211,000","3,833,000","1,406,000","4,027,000","11,507,000","2,810,000","39,353,000","-6,655,000","1,402,000","-16,604,000","-12,991,000","-2,000,000","1,000,000","-3,000,000","20,297,000","894,000","-135,000","2,109,000","-141,702,000","84,864,000","50,103,000","11,953,000","9,181,000","8,900,000","8,989,000","2,983,000","60,000","3,657,000","3,015,000","987,000","7,634,000","2,123,000","2,256,000","3,389,000","2,471,000","3,561,000","3,115,000","3,342,000","4,307,000","4,747,000","3,374,000","1,944,000","2,074,000","3,618,000","2,258,000","2,530,000",,,,,,,,,,,,,,,,,,,,,,,,,,,,,,,,,,
	EarningsFromEquityInterest,"11,426,000","2,308,000","2,739,000","4,066,000","2,313,000","2,317,000","2,550,000","3,960,000","2,687,000","2,316,000","2,825,000","4,166,000","2,997,000","2,381,000","231,000","6,665,000","1,537,000","4,015,000","4,105,000","5,232,000","592,000","1,445,000","-779,000","12,324,000","1,367,000","-42,000","2,492,000","5,527,000","3,270,000","-160,000","3,464,000","6,414,000","1,510,000","983,000","11,368,000","2,758,000","-2,293,000","107,000","-1,123,000","1,304,000","-1,928,000","1,419,000","4,455,000","2,085,000","-4,447,000","-1,294,000","1,564,000","3,442,000","380,000","-2,378,000",,"2,866,000",,"402,000",,,,,,,,,,,,,,,,,,,,,,,,,,,,,,,,,,,,,,,,,,,,,,,,,,,,,,,,,,,,,,,,,,,,,,,,,,,,,,,,,,,,,,,,,,,,,,
	SpecialIncomeCharges,"38,094,000","9,123,000","13,263,000","7,913,000","7,795,000","7,769,000","11,796,000","7,369,000","7,149,000","7,272,000","11,359,000","6,803,000","6,699,000","6,356,000","9,067,000","6,047,000","5,985,000","6,033,000","6,319,000","5,712,000","5,611,000","5,232,000","8,466,000","5,931,000","5,238,000","4,985,000","7,305,000","5,654,000","5,378,000","5,187,000","5,913,000","4,645,000","4,459,000","4,079,000","4,000,000","3,734,000","3,528,000","3,615,000","6,356,000","2,928,000","6,571,000","6,593,000","5,620,000","6,010,000","5,041,000","4,538,000","4,123,000","3,550,000","3,012,000","4,481,000","416,000","4,569,000","1,438,000","6,921,000","-8,550,000","4,665,000","1,330,000","16,000","3,494,000","4,053,000","1,622,000","851,000","-6,268,000","1,340,000","8,343,000","3,217,000","9,090,000","2,876,000","1,211,000","3,833,000","1,406,000","4,027,000","11,507,000","2,810,000","39,353,000","-6,655,000","1,402,000","-16,604,000","-12,991,000","-2,000,000","1,000,000","-3,000,000","20,297,000","894,000","-135,000","2,109,000","-141,702,000","84,864,000","50,103,000","11,953,000","9,181,000","8,900,000","8,989,000","2,983,000","60,000","3,657,000","3,015,000","987,000","7,634,000","2,123,000","2,256,000","3,389,000","2,471,000","3,561,000","3,115,000","3,342,000","4,307,000","4,747,000","3,374,000","1,944,000","2,074,000","3,618,000","2,258,000","2,530,000",,,,,,,,,,,,,,,,,,,,,,,,,,,,,,,,,,
		OtherSpecialCharges,"-38,094,000","-9,123,000","-13,263,000","-7,913,000","-7,795,000","-7,769,000","-11,796,000","-7,369,000","-7,149,000","-7,272,000","-11,359,000","-6,803,000","-6,699,000","-6,356,000","-9,067,000","-6,047,000","-5,985,000","-6,033,000","-6,319,000","-5,712,000","-5,611,000","-5,232,000","-8,466,000","-5,931,000","-5,238,000","-4,985,000","-7,305,000","-5,654,000","-5,378,000","-5,187,000","-5,913,000","-4,645,000","-4,459,000","-4,079,000","-4,000,000","-3,734,000","-3,528,000","-3,615,000",,,,,,,,,,,,,,,,,,,,,,,,,,,,,,,,,,,,,,,,,,,,,,,,,,,,,,,,,,,,,,,,,,,,,,,,,,,,,,,,,,,,,,,,,,,,,,,,,,,,,,,,,,,,,,
	OtherNonOperatingIncomeExpenses,"6,866,000","1,610,000","3,921,000","873,000","460,000","241,000","4,833,000","716,000","1,043,000","932,000","194,000","1,825,000","1,060,000","2,114,000","4,331,000","350,000","309,000","-459,000","-3,901,000","2,256,000","2,371,000","2,397,000","-4,254,000","2,681,000","2,189,000","2,204,000","-2,524,000","1,222,000","1,871,000","1,961,000","-2,224,000","1,193,000","1,252,000","2,288,000","-997,000","1,567,000","1,588,000","826,000",,,,,,,,,,,,,,,,,,,,,,,,,,,,,,,,,,,,,,,,,,,,,,,,,,,,,,,,,,,,,,,,,,,,,,,,,,,,,,,,,,,,,,,,,,,,,,,,,,,,,,,,,,,,,,
PretaxIncome,"285,108,000","52,210,000","36,224,000","115,329,000","81,344,000","49,886,000","43,083,000","114,647,000","67,592,000","41,346,000","45,074,000","105,379,000","60,428,000","46,953,000","29,749,000","106,459,000","69,698,000","39,005,000","42,251,000","113,372,000","67,036,000","39,189,000","40,961,000","98,552,000","65,107,000","29,897,000","38,157,000","96,790,000","75,832,000","29,455,000","17,443,000","98,103,000","59,088,000","35,892,000","45,626,000","102,823,000","61,580,000","44,491,000","19,716,000","96,174,000","46,007,000","33,151,000","988,000","62,042,000","17,325,000","34,376,000","24,720,000","77,240,000","22,608,000","17,162,000","20,074,000","68,437,000","32,745,000","25,482,000","-1,690,000","67,548,000","24,456,000","27,300,000","11,135,000","33,486,000","21,902,000","29,478,000","7,313,000","43,184,000","30,393,000","31,840,000","11,270,000","31,162,000","9,949,000","24,200,000","4,253,000","8,297,000","9,613,000","25,197,000","-4,870,000","34,280,000",,,"-15,475,000","-2,000,000","-6,000,000","34,000,000","29,020,000","50,978,000","57,949,000","52,052,000","32,992,000","63,400,000","48,733,000","65,575,000","26,461,000","32,593,000","31,767,000","46,201,000","24,136,000","36,107,000","30,981,000","42,580,000","30,983,000","31,856,000","29,168,000","46,741,000","28,425,000","30,748,000","35,861,000","47,677,000","35,619,000","36,214,000","28,539,000","34,961,000","33,484,000","24,439,000","23,584,000","27,666,000",,,,,,,,,,,,,,,,,,,,,,,,,,,,,,,,,,
TaxProvision,"37,852,000","6,026,000","3,380,000","17,376,000","11,070,000","5,086,000","5,534,000","12,345,000","6,933,000","3,888,000","-1,999,000","15,161,000","7,028,000","4,316,000","3,520,000","3,868,000","7,105,000","2,894,000","3,240,000","22,296,000","16,940,000","6,183,000","7,807,000","15,535,000","8,721,000","4,367,000","6,484,000","23,523,000","9,642,000","6,111,000","-17,196,000","10,869,000","14,391,000","8,707,000","14,097,000","31,088,000","15,930,000","11,111,000","3,301,000","3,910,000","10,569,000","8,333,000","-7,996,000","-45,372,000","-3,652,000","4,888,000","4,479,000","10,115,000","-16,629,000","1,305,000","-3,338,000","13,730,000","5,175,000","6,796,000","-9,135,000","15,809,000","6,941,000","5,584,000","840,000","4,555,000","3,437,000","4,898,000","-10,642,000","10,692,000","7,720,000","6,364,000","3,744,000","7,545,000","498,000","1,134,000","-5,190,000","-20,886,000","-3,379,000","4,685,000","-8,624,000","-12,495,000",,,"-12,147,000","-39,000,000","-9,000,000","9,000,000","8,802,000","17,055,000","21,861,000","17,282,000","9,272,000","21,839,000","16,211,000","23,496,000","7,873,000","10,574,000","10,525,000","16,700,000","9,900,000","12,392,000","9,213,000","13,125,000","10,270,000","10,715,000","9,126,000","16,361,000","10,201,000","11,597,000","12,828,000","17,466,000","10,786,000","12,442,000","10,951,000","14,234,000","10,133,000","8,150,000","6,554,000","9,406,000",,,,,,,,,,,,,,,,,,,,,,,,,,,,,,,,,,
NetIncomeCommonStockholders,"246,979,000","46,260,000","32,798,000","97,897,000","70,023,000","44,831,000","37,507,000","102,031,000","60,389,000","37,490,000","47,136,000","89,876,000","53,156,000","42,686,000","26,140,000","102,231,000","62,288,000","36,142,000","38,852,000","90,634,000","49,831,000","33,102,000","33,213,000","83,100,000","56,246,000","25,729,000","31,832,000","73,336,000","66,080,000","23,430,000","34,648,000","86,889,000","44,540,000","27,404,000","31,621,000","71,750,000","45,513,000","33,533,000","16,462,000","92,069,000","35,301,000","24,930,000","8,985,000","107,067,000","20,901,000","29,740,000","20,391,000","67,135,000","39,209,000","16,063,000","23,513,000","54,478,000","27,475,000","18,884,000","7,445,000","51,739,000","17,515,000","21,716,000","10,295,000","28,931,000","18,465,000","24,647,000","18,082,000","43,989,000","25,490,000","25,476,000","7,526,000","23,617,000","9,451,000","23,066,000","9,443,000","26,067,000","12,992,000","19,658,000","1,192,000","46,775,000","-879,000","-3,072,000","-7,915,000","37,000,000","3,000,000","25,000,000","20,218,000","33,923,000","36,088,000","34,770,000","23,720,000","41,561,000","32,522,000","42,079,000","18,588,000","22,019,000","21,242,000","29,501,000","12,810,000","22,305,000","20,351,000","28,050,000","19,018,000","19,719,000","19,377,000","28,986,000","16,593,000","17,197,000","21,106,000","28,259,000","22,851,000","21,796,000","15,582,000","18,701,000","21,423,000","14,427,000","15,211,000","16,471,000","26,500,000","14,800,000","17,200,000","20,000,000","17,800,000","13,800,000","11,000,000","12,000,000","13,700,000","15,600,000","8,900,000","14,700,000","19,500,000","16,500,000","13,100,000","15,800,000",,,,,,,,,,,,,,,,,,
	NetIncome,"246,979,000","46,260,000","32,798,000","97,897,000","70,023,000","44,831,000","37,507,000","102,031,000","60,389,000","37,490,000","47,136,000","89,876,000","53,156,000","42,686,000","26,140,000","102,231,000","62,288,000","36,142,000","38,852,000","90,634,000","49,831,000","33,102,000","33,213,000","83,100,000","56,246,000","25,729,000","31,832,000","73,336,000","66,080,000","23,430,000","34,648,000","86,889,000","44,540,000","27,404,000","31,621,000","71,750,000","45,513,000","33,533,000","16,462,000","92,069,000","35,301,000","24,930,000","8,985,000","107,067,000","20,901,000","29,740,000","20,391,000","67,135,000","39,209,000","16,063,000","23,513,000","54,478,000","27,475,000","18,884,000","7,445,000","51,739,000","17,515,000","21,716,000","10,295,000","28,931,000","18,465,000","24,647,000","18,082,000","43,989,000","25,490,000","25,476,000","7,526,000","23,617,000","9,451,000","23,066,000","9,443,000","29,183,000","12,992,000","20,512,000","3,754,000","46,775,000","-879,000","-2,204,000","-3,328,000","37,000,000","3,000,000","25,000,000","20,218,000","33,923,000","36,088,000","34,770,000","23,720,000","41,561,000","32,522,000","42,079,000","18,588,000","22,019,000","21,242,000","29,501,000","14,236,000","23,715,000","21,768,000","29,455,000","20,713,000","21,141,000","20,042,000","30,380,000","18,224,000","19,151,000","23,033,000","30,211,000","24,833,000","23,772,000","17,588,000","20,727,000","23,351,000","16,289,000","17,030,000","18,260,000","28,300,000","16,400,000","18,500,000","21,300,000","19,100,000","15,100,000","12,400,000","13,400,000","15,400,000","16,700,000","10,000,000","15,800,000","20,600,000","17,600,000","14,200,000","16,900,000",,,,,,,,,,,,,,,,,,
		NetIncomeIncludingNoncontrollingInterests,"247,256,000","46,184,000","32,844,000","97,953,000","70,274,000","44,800,000","37,549,000","102,302,000","60,659,000","37,458,000","47,073,000","90,218,000","53,400,000","42,637,000","26,229,000","102,591,000","62,593,000","36,111,000","39,011,000","91,076,000","50,096,000","33,006,000","33,154,000","83,017,000","56,386,000","25,530,000","31,673,000","73,267,000","66,190,000","23,344,000","34,639,000","87,234,000","44,697,000","27,185,000","31,529,000","71,735,000","45,650,000","33,380,000","16,415,000","92,264,000","35,438,000","24,818,000","8,984,000","107,414,000","20,977,000","29,488,000","20,241,000","67,125,000","39,237,000","15,857,000","23,412,000","54,707,000","27,570,000","18,686,000","7,445,000","51,739,000","17,515,000","21,716,000","10,295,000","28,931,000","18,465,000","24,647,000","18,082,000","43,989,000","25,490,000","25,476,000","7,526,000","23,617,000","9,451,000","23,066,000","9,443,000","29,183,000","12,992,000","20,512,000","3,754,000","46,775,000","-879,000","-2,204,000","-3,328,000","37,000,000","3,000,000","25,000,000","20,218,000","33,923,000","36,088,000","34,770,000","23,720,000","41,561,000","32,522,000","42,079,000","18,588,000","22,019,000","21,242,000","29,501,000","14,236,000","23,715,000","21,768,000","29,455,000","20,713,000","21,141,000","20,042,000","30,380,000","18,224,000","19,151,000","23,033,000","30,211,000","24,833,000","23,772,000","17,588,000","20,727,000","23,351,000","16,289,000","17,030,000","18,260,000","28,300,000","16,400,000","18,500,000","21,300,000","19,100,000","15,100,000","12,400,000","13,400,000","15,400,000","16,700,000","10,000,000","15,800,000","20,600,000","17,600,000","14,200,000","16,900,000","20,200,000","19,700,000","20,200,000","24,600,000","19,400,000","13,700,000","5,800,000","10,200,000","5,600,000","17,900,000","8,200,000","16,500,000","17,200,000","22,100,000","15,400,000","23,700,000","18,300,000","19,400,000"
			NetIncomeContinuousOperations,"247,256,000","46,184,000","32,844,000","97,953,000","70,274,000","44,800,000","37,549,000","102,302,000","60,659,000","37,458,000","47,073,000","90,218,000","53,400,000","42,637,000","26,229,000","102,591,000","62,593,000","36,111,000","39,011,000","91,076,000","50,096,000","33,006,000","33,154,000","83,017,000","56,386,000","25,530,000","31,673,000","73,267,000","66,190,000","23,344,000","34,639,000","87,234,000","44,697,000","27,185,000","31,529,000","71,735,000","45,650,000","33,380,000","16,415,000","92,264,000","35,438,000","24,818,000","8,984,000","107,414,000","20,977,000","29,488,000","20,241,000","67,125,000","39,237,000","15,857,000","23,412,000","54,707,000","27,570,000","18,686,000","7,445,000","51,739,000","17,515,000","21,716,000","10,295,000","28,931,000","18,465,000","24,580,000","17,955,000","32,492,000","22,673,000","25,476,000","7,526,000","23,617,000","9,451,000","23,066,000","9,443,000","29,183,000","12,992,000","20,512,000","3,754,000","46,775,000","-879,000","-2,204,000","-3,328,000","37,000,000","3,000,000","25,000,000","20,218,000","33,923,000","36,088,000","34,770,000","23,720,000","41,561,000","32,522,000","42,079,000","18,588,000","22,019,000","21,242,000","29,501,000","14,236,000","23,715,000","21,768,000","29,455,000","20,713,000","21,141,000","20,042,000","30,380,000","18,224,000","19,151,000","23,033,000","30,211,000","24,833,000","23,772,000","17,588,000","20,727,000","23,351,000","16,289,000","17,030,000","18,260,000","28,300,000","16,400,000","18,500,000","21,300,000","19,100,000","15,100,000","12,400,000","13,400,000","15,400,000","16,700,000","10,000,000","15,800,000","20,600,000","17,600,000","14,200,000","16,900,000","20,200,000","19,700,000","20,200,000","24,600,000","19,400,000","13,700,000","5,800,000","10,200,000","5,600,000","17,900,000","8,200,000","16,500,000","17,200,000","22,100,000","15,400,000","23,700,000","18,300,000","19,400,000"
			NetIncomeDiscontinuousOperations,,,,,,,,,,,,,,,,,,,,,,,,,,,,,,,,,,,,,,,,,,,,,,,,,,,,,,,,,,,"0",,,"67,000","127,000","11,497,000","2,817,000",,,,,,,,,,,,,,,,,,,,,,,,,,,,,,,,,,,,,,,,,,,,,,,,,,,,,,,,,,,,,,,,,,,,,,,,,,,,,,,,,,,
		MinorityInterests,"-277,000","76,000","-46,000","-56,000","-251,000","31,000","-42,000","-271,000","-270,000","32,000","63,000","-342,000","-244,000","49,000","-89,000","-360,000","-305,000","31,000","-159,000","-442,000","-265,000","96,000","59,000","83,000","-140,000","199,000","159,000","69,000","-110,000","86,000","9,000","-345,000","-157,000","219,000","92,000","15,000","-137,000","153,000","47,000","-195,000","-137,000","112,000","1,000","-347,000","-76,000","252,000","150,000","10,000","-28,000","206,000","101,000","-229,000","-95,000","198,000",,,,,,,,,,,,,,,,,,,,,,,,,,,,,,,,,,,,,,,,,,,,,,,,,,,,,,,,,,,,,,,,,,,,,,,,,,,,,,,,,,,,,,,,,,,,,,
	PreferredStockDividends,,,,,,,,,,,,,,,,,,,,,,,,,,,,,,,,,,,,,,,,,,,,,,,,,,,,,,,,,,,,,,,,,,,,,,,"0","3,116,000",,"854,000","2,562,000",,,"868,000",,,,,,,,,,,,,,,,,"1,426,000","1,410,000","1,417,000","1,405,000","1,695,000","1,422,000","665,000","1,394,000","1,631,000","1,954,000","1,927,000","1,952,000","1,982,000","1,976,000","2,006,000","2,026,000","1,928,000","1,862,000","1,819,000","1,789,000",,,,,,,,,,,,,,,,,,,,,,,,,,,,,,,,,,
	OtherunderPreferredStockDividend,,,,,,,,,,,,,,,,,,,,,,,,,,,,,,,,,,,,,,,,,,,,,,,,,,,,,,,,,,,,,,,,,,,,,,,,,,,,,,,,,,,,,,,,,,,,,,,,,,,,,,,,,,,,,,,,,,,"1,800,000","1,600,000","1,300,000","1,300,000","1,300,000","1,300,000","1,400,000","1,400,000","1,700,000","1,100,000","1,100,000","1,100,000","1,100,000","1,100,000","1,100,000","1,100,000",,,,,,,,,,,,,,,,,,
DilutedNIAvailtoComStockholders,"246,979,000","46,260,000","32,798,000","97,897,000","70,023,000","44,831,000","37,507,000","102,031,000","60,389,000","37,490,000","47,136,000","89,876,000","53,156,000","42,686,000","26,140,000","102,231,000","62,288,000","36,142,000","38,852,000","90,634,000","49,831,000","33,102,000","33,213,000","83,100,000","56,246,000","25,729,000","31,832,000","73,336,000","66,080,000","23,430,000","34,648,000","86,889,000","44,540,000","27,404,000","31,621,000","71,750,000","45,513,000","33,533,000","16,462,000","92,069,000","35,301,000","24,930,000","8,985,000","107,067,000","20,901,000","29,740,000","20,391,000","67,135,000","39,209,000","16,063,000","23,513,000","54,478,000","27,475,000","18,884,000","7,445,000","51,739,000","17,515,000","21,716,000","10,295,000","28,931,000","18,465,000","24,647,000","18,082,000","43,989,000","25,490,000","25,476,000","7,526,000","23,617,000","9,451,000","23,066,000","9,443,000","26,067,000","12,992,000","19,658,000","1,192,000","46,775,000","-879,000","-3,072,000","-7,915,000","37,000,000","3,000,000","25,000,000","20,218,000","33,923,000","36,088,000","34,770,000","23,720,000","41,561,000","32,522,000","42,079,000","18,588,000","22,019,000","21,242,000","29,501,000","12,810,000","22,305,000","20,351,000","28,050,000","19,018,000","19,719,000","19,377,000","28,986,000","16,593,000","17,197,000","21,106,000","28,259,000","22,851,000","21,796,000","15,582,000","18,701,000","21,423,000","14,427,000","15,211,000","16,471,000","26,500,000","14,800,000","17,200,000","20,000,000","17,800,000","13,800,000","11,000,000","12,000,000","13,700,000","15,600,000","8,900,000","14,700,000","19,500,000","16,500,000","13,100,000","15,800,000",,,,,,,,,,,,,,,,,,
BasicEPS,,"0.91",,"1.93","1.38","0.89",,"2.02","1.19","0.74",,"1.78","1.05","0.85",,"2.03","1.24","0.72",,"1.8","0.99","0.66",,"1.65","1.12","0.51",,"1.46","1.32","0.47",,"1.73","0.89","0.55",,"1.43","0.91","0.67",,"1.84","0.71","0.5",,"2.16","0.42","0.6",,"1.4","0.82","0.34",,"1.16","0.59","0.4",,"1.15","0.39","0.48",,"0.65","0.42","0.56",,"1.03","0.47","0.6",,"0.56","0.22","0.55",,"0.68","0.34","0.51",,"1.22","-0.02","-0.08",,"0.98","0.08","0.66",,"0.91","0.96","0.93",,"1.11","0.865","1.12",,"0.59","0.56","0.78",,"0.59","0.54","0.75",,"0.52","0.52","0.77",,"0.45","0.56","0.75",,"0.58","0.41","0.5",,"0.38","0.41","0.44",,"0.4","0.47","0.55",,"0.38","0.32","0.35",,"0.46","0.26","0.43",,"0.49","0.39","0.46",,"0.55","0.56","0.69",,"0.37","0.14","0.27",,"0.5","0.21","0.45",,"0.58","0.36","0.61",,"0.48"
DilutedEPS,,"0.91",,"1.93","1.38","0.89",,"2.02","1.19","0.74",,"1.78","1.05","0.84",,"2.02","1.23","0.72",,"1.8","0.99","0.66",,"1.65","1.12","0.51",,"1.46","1.31","0.47",,"1.73","0.89","0.55",,"1.43","0.91","0.67",,"1.84","0.71","0.5",,"2.16","0.42","0.6",,"1.39","0.82","0.335",,"1.16","0.58","0.4",,"1.14","0.39","0.48",,"0.65","0.42","0.56",,"1.03","0.47","0.6",,"0.56","0.22","0.55",,"0.68","0.34","0.51",,"1.22","-0.02","-0.08",,"0.98","0.08","0.66",,"0.91","0.96","0.93",,"1.11","0.865","1.12",,"0.59","0.56","0.78",,"0.59","0.54","0.75",,"0.52","0.52","0.77",,"0.45","0.56","0.75",,"0.58","0.41","0.5",,"0.38","0.41","0.44",,"0.4","0.47","0.55",,"0.38","0.32","0.35",,"0.46","0.26","0.43",,"0.49","0.39","0.46",,"0.55","0.56","0.69",,"0.37","0.14","0.27",,"0.5","0.21","0.45",,"0.58","0.36","0.61",,"0.48"
BasicAverageShares,,"50,632,000",,"50,609,000","50,609,000","50,567,000",,"50,541,000","50,551,000","50,517,000",,"50,499,000","50,499,000","50,509,000",,"50,434,000","50,435,000","50,425,000",,"50,362,000","50,363,000","50,356,000",,"50,296,000","50,302,000","50,299,000",,"50,219,000","50,222,000","50,220,000",,"50,129,000","50,133,000","50,131,000",,"50,056,000","50,056,000","50,039,000",,"49,966,000","49,927,000","49,860,000",,"49,520,000","49,420,000","49,290,000",,"48,086,000","47,888,000","47,773,000",,"47,068,000","46,958,000","46,831,000",,"44,998,000","44,924,000","44,847,000",,"44,417,000","43,751,000","43,687,000",,"42,678,000","42,557,000","42,473,000",,"42,287,000","42,230,000","42,210,000",,"38,191,000","38,189,000","38,200,000",,"38,200,000","38,196,000","38,141,000",,"37,771,000","37,665,000","37,560,000",,"37,410,000","37,412,000","37,415,000",,"37,524,000","37,612,000","37,612,000",,"37,612,000","37,612,000","37,612,000",,"37,612,000","37,612,000","37,612,000",,"37,612,000","37,612,000","37,612,000",,"37,612,000","37,612,000","37,612,000",,"37,612,000","37,612,000","37,612,000",,"37,612,000","37,523,000","37,249,000",,"37,000,000","36,595,745","36,363,636",,"36,315,789","34,375,000","34,285,714",,"33,913,043","34,230,769","34,186,047",,"33,673,469","33,589,744","34,347,826",,"33,977,000","33,977,000","33,977,000",,"33,977,000","33,977,000","33,977,000",,"33,977,000","33,977,000","33,977,000",,"33,977,000","33,977,000","33,860,000",,"33,572,000"
DilutedAverageShares,,"50,660,000",,"50,681,000","50,622,000","50,580,000",,"50,576,000","50,567,000","50,527,000",,"50,558,000","50,507,000","50,518,000",,"50,565,000","50,481,000","50,463,000",,"50,421,000","50,407,000","50,397,000",,"50,393,000","50,355,000","50,337,000",,"50,324,000","50,258,000","50,260,000",,"50,220,000","50,156,000","50,175,000",,"50,153,000","50,108,000","50,064,000",,"50,080,000","49,984,000","49,905,000",,"49,622,000","49,516,000","49,356,000",,"48,252,000","48,048,000","47,885,000",,"47,141,000","46,977,000","46,876,000",,"45,194,000","45,096,000","45,004,000",,"44,543,000","43,884,000","43,820,000",,"42,863,000","42,702,000","42,473,000",,"42,287,000","42,230,000","42,210,000",,"38,191,000","38,189,000","38,200,000",,"38,200,000","38,196,000","38,141,000",,"37,771,000","37,665,000","37,560,000",,"37,410,000","37,412,000","37,415,000",,"37,524,000","37,612,000","37,612,000",,"37,612,000","37,612,000","37,612,000",,"37,612,000","37,612,000","37,612,000",,"37,612,000","37,612,000","37,612,000",,"37,612,000","37,612,000","37,612,000",,"37,612,000","37,612,000","37,612,000",,"37,612,000","37,523,000","37,249,000",,"37,000,000","36,595,745","36,363,636",,"36,315,789","34,375,000","34,285,714",,"33,913,043","34,230,769","34,186,047",,"33,673,469","33,589,744","34,347,826",,"33,977,000","33,977,000","33,977,000",,"33,977,000","33,977,000","33,977,000",,"33,977,000","33,977,000","33,977,000",,"33,977,000","33,977,000","33,860,000",,"33,572,000"
TotalOperatingIncomeAsReported,"329,210,000","60,668,000","51,946,000","124,192,000","92,404,000","61,109,000","53,742,000","124,770,000","79,440,000","51,570,000","54,270,000","114,156,000","71,780,000","58,119,000","48,266,000","115,233,000","82,835,000","50,589,000","53,513,000","120,914,000","79,110,000","50,815,000","53,077,000","97,928,000","76,953,000","43,818,000","48,551,000","104,664,000","85,976,000","42,904,000","27,586,000","105,722,000","71,809,000","48,578,000","37,343,000","115,559,000","79,406,000","59,433,000",,,,,,,,,,,,,,,,,,,,,,,,,,,,,,,,,,,,,,,,,,,,,,,,,,,,,,,,,,,,,,,,,,,,,,,,,,,,,,,,,,,,,,,,,,,,,,,,,,,,,,,,,,,,,,
TotalExpenses,"1,172,357,000","283,620,000","298,315,000","322,752,000","267,670,000","254,945,000","273,817,000","300,491,000","239,326,000","239,438,000","249,554,000","272,164,000","245,115,000","292,200,000","279,407,000","293,568,000","257,117,000","259,518,000","252,099,000","287,410,000","253,896,000","251,729,000","240,506,000","274,117,000","238,483,000","237,138,000","236,849,000","264,501,000","250,352,000","236,491,000","262,235,000","276,479,000","245,974,000","244,141,000","258,887,000","265,548,000","224,542,000","205,495,000","220,686,000","222,676,000","195,901,000","198,796,000","555,559,000","238,237,000","278,108,000","294,416,000","192,931,000","220,364,000","205,148,000","218,916,000","214,210,000","244,906,000","194,162,000","192,940,000","190,182,000","218,297,000","190,043,000","168,684,000","173,651,000","215,405,000","178,082,000","162,932,000","155,506,000","173,898,000","205,210,000","229,844,000","190,904,000","205,930,000","181,626,000","161,285,000","175,036,000","227,744,000","198,113,000","151,995,000","197,492,000","183,315,000","186,276,000","181,290,000","205,705,000","242,000,000","613,000,000","598,000,000","4,579,067,000","329,003,000","252,408,000","220,408,000","214,504,000","237,192,000","198,885,000","96,367,000","124,173,000","122,036,000","125,348,000","114,320,000","225,381,000","344,919,000","178,839,000","181,615,000","170,065,000","173,297,000","125,197,000","96,374,000","101,620,000","107,872,000","93,643,000","88,140,000","90,183,000","103,089,000","91,573,000","84,784,000","90,613,000","117,422,000","94,557,000","91,402,000",,,,,,,,,,,,,,,,,,,,,,,,,,,,,,,,,,
NetIncomeFromContinuingAndDiscontinuedOperation,"246,979,000","46,260,000","32,798,000","97,897,000","70,023,000","44,831,000","37,507,000","102,031,000","60,389,000","37,490,000","47,136,000","89,876,000","53,156,000","42,686,000","26,140,000","102,231,000","62,288,000","36,142,000","38,852,000","90,634,000","49,831,000","33,102,000","33,213,000","83,100,000","56,246,000","25,729,000","31,832,000","73,336,000","66,080,000","23,430,000","34,648,000","86,889,000","44,540,000","27,404,000","31,621,000","71,750,000","45,513,000","33,533,000","16,462,000","92,069,000","35,301,000","24,930,000","8,985,000","107,067,000","20,901,000","29,740,000","20,391,000","67,135,000","39,209,000","16,063,000","23,513,000","54,478,000","27,475,000","18,884,000","7,445,000","51,739,000","17,515,000","21,716,000","10,295,000","28,931,000","18,465,000","24,647,000","18,082,000","43,989,000","25,490,000","25,476,000","7,526,000","23,617,000","9,451,000","23,066,000","9,443,000","29,183,000","12,992,000","20,512,000","3,754,000","46,775,000","-879,000","-2,204,000","-3,328,000","37,000,000","3,000,000","25,000,000","20,218,000","33,923,000","36,088,000","34,770,000","23,720,000","41,561,000","32,522,000","42,079,000","18,588,000","22,019,000","21,242,000","29,501,000","14,236,000","23,715,000","21,768,000","29,455,000","20,713,000","21,141,000","20,042,000","30,380,000","18,224,000","19,151,000","23,033,000","30,211,000","24,833,000","23,772,000","17,588,000","20,727,000","23,351,000","16,289,000","17,030,000","18,260,000","28,300,000","16,400,000","18,500,000","21,300,000","19,100,000","15,100,000","12,400,000","13,400,000","15,400,000","16,700,000","10,000,000","15,800,000","20,600,000","17,600,000","14,200,000","16,900,000",,,,,,,,,,,,,,,,,,
NormalizedIncome,"212,721,432.65","38,189,962.996","19,495,926.126","91,176,209.141","63,288,811.492","37,854,438","23,902,971.938","95,455,481.774","53,973,282.297","30,901,568","32,871,800","84,051,755.568","47,236,118.488","36,914,752","13,204,039.531","96,403,707.08","56,913,109.688","30,555,442","29,442,492.509","86,045,335.144","45,637,899.934","28,691,424","22,745,786.602","78,103,918.469","51,709,623.451","21,471,810","23,369,431.271","69,056,098.998","61,385,809.948","19,316,709","29,078,800","82,758,627.534","41,166,998.325","24,308,039","19,175,523.956","69,144,955.506","42,897,650.861","30,818,135","9,271,903.632","89,260,039.241","30,239,528.963","19,991,843","5,332,000","103,160,500","17,624,350","25,847,268.327","17,015,043.568","64,049,891.895","37,251,200","11,922,735.637","23,242,600","50,825,644.067","26,264,260.65","13,808,817.283","13,002,500","48,165,801.164","16,562,475.057","21,703,272.674","7,064,579.704","25,429,317.416","17,097,534.472","23,870,400.299","21,715,800","31,483,772.879","16,449,170.862","22,901,995.854","1,455,783.496","21,437,342.34","8,300,616.946","19,412,612.479","8,599,400","26,766,800","6,087,800","18,224,476.882","-19,857,800","50,768,000","-1,720,200","7,758,400","4,466,600","38,200,000","2,400,000","27,205,882.353","6,077,243.763","33,328,093.138","36,172,071.856","33,361,217.821","125,598,377.789","-14,070,430.662","-914,270.412","34,408,846.939","12,138,643.286","16,006,386.862","15,231,223.471","27,596,247.224","14,200,000","21,313,090.26","19,649,588.07","28,772,236.144","15,609,457.993","19,732,086.671","18,491,850.795","28,177,269.635","16,639,778.223","16,933,076.525","21,032,280.695","28,093,308.828","21,830,228.137","20,655,921.025","15,508,673.044","19,560,600","21,904,638.335","13,877,542.821","15,399,498.813","16,590,159.763","28,300,000","16,400,000","18,500,000","21,300,000","19,100,000","15,100,000","12,400,000","13,400,000","15,400,000","16,700,000","10,000,000","15,800,000","20,600,000","17,600,000","14,200,000","16,900,000",,,,,,,,,,,,,,,,,,
InterestIncome,,,,,,,,,,,,,,,,,,,,,,,,,,,,,,,,,,,,,,,,"269,000",,"2,294,000","1,947,000","2,053,000","1,936,000",,,,,,,,,,,,,,,,,,,,,,,,,,,,,,,,,,,,,,,,,,,,,,,,,,,,,,,,,,,,,,,,,,,,,,,,,,,,,,,,,,,,,,,,,,,,,,,,,,,,,,,
InterestExpense,"86,647,000","21,499,000","21,804,000","21,715,000","21,628,000","21,550,000","21,786,000","22,168,000","22,727,000","20,744,000","20,779,000","21,571,000","22,108,000","22,017,000","21,970,000","21,836,000","20,968,000","21,173,000","21,657,000","20,742,000","20,648,000","20,700,000","20,015,000","20,312,000","20,640,000","21,068,000","20,557,000","20,277,000","20,663,000","20,437,000","19,951,000","19,871,000","19,942,000","20,036,000","20,098,000","20,795,000","20,649,000","19,490,000","14,617,000","19,670,000","17,436,000","19,499,000","19,499,000","19,499,000","19,504,000","18,959,000","19,992,000","18,745,000","17,389,000","18,988,000","18,567,000","18,601,000","18,165,000","17,475,000",,,,,,,,,,,,,,,,,,,,,,,,,,,,,,,,,,,,,,,,,,,,,,,,,,,,,,,,,,,,,,,,,,,,,,,,,,,,,,,,,,,,,,,,,,,,,,
NetInterestIncome,"-86,647,000","-21,499,000","-21,804,000","-21,715,000","-21,628,000","-21,550,000","-21,786,000","-22,168,000","-22,727,000","-20,744,000","-20,779,000","-21,571,000","-22,108,000","-22,017,000","-21,970,000","-21,836,000","-20,968,000","-21,173,000","-21,657,000","-20,742,000","-20,648,000","-20,700,000","-20,015,000","-20,312,000","-20,640,000","-21,068,000","-20,557,000","-20,277,000","-20,663,000","-20,437,000","-19,951,000","-19,871,000","-19,942,000","-20,036,000","-20,098,000","-20,795,000","-20,649,000","-19,490,000","-19,826,000","-19,401,000","-17,436,000","-17,205,000","-17,552,000","-17,446,000","-17,568,000","-18,959,000","-19,992,000","-18,745,000","-17,389,000","-18,988,000","-18,567,000","-18,601,000","-18,165,000","-17,475,000",,,,,,,,,,,,,,,,,,,,,,,,,,,,,,,,,,,,,,,,,,,,,,,,,,,,,,,,,,,,,,,,,,,,,,,,,,,,,,,,,,,,,,,,,,,,,,
EBIT,"371,755,000","73,709,000","58,028,000","137,044,000","102,972,000","71,436,000","64,869,000","136,815,000","90,319,000","62,090,000","65,853,000","126,950,000","82,536,000","68,970,000","51,719,000","128,295,000","90,666,000","60,178,000","63,908,000","134,114,000","87,684,000","59,889,000","60,976,000","118,864,000","85,747,000","50,965,000","58,714,000","117,067,000","96,495,000","49,892,000","37,394,000","117,974,000","79,030,000","55,928,000","65,724,000","123,618,000","82,229,000","63,981,000","34,333,000","115,844,000","63,443,000","52,650,000","20,487,000","81,541,000","36,829,000","53,335,000","44,712,000","95,985,000","39,997,000","36,150,000","38,641,000","87,038,000","50,910,000","42,957,000","26,850,000","81,419,000","40,183,000","44,756,000","23,795,000","46,058,000","35,690,000","43,779,000","29,278,000","56,634,000","37,425,000","43,797,000","17,789,000","43,212,000","23,845,000","34,897,000","22,717,000","18,933,000","13,759,000","36,194,000","-25,922,000","55,913,000","14,000,000","30,638,000","14,095,000","17,000,000","8,000,000","55,000,000","29,181,000","68,998,000","76,818,000","67,837,000","193,895,000","-5,653,000","14,196,000","69,966,000","32,963,000","39,942,000","39,724,000","59,829,000","44,424,000","47,459,000","42,783,000","56,555,000","38,843,000","43,877,000","41,778,000","59,073,000","40,160,000","41,780,000","46,741,000","58,489,000","45,122,000","45,637,000","38,681,000","46,552,000","44,663,000","33,609,000","33,984,000","37,408,000","135,500,000","134,600,000","129,500,000","140,800,000","129,900,000","129,000,000","124,700,000","114,500,000","122,100,000","129,600,000","110,900,000","120,600,000","117,900,000","125,600,000","109,400,000","112,000,000","116,500,000","128,200,000","119,100,000","132,400,000","99,400,000","111,600,000","98,400,000","102,900,000","91,200,000","107,900,000","94,200,000","101,300,000","90,400,000","103,100,000","98,300,000","117,100,000","106,300,000","116,900,000"
EBITDA,"552,407,000"
ReconciledCostOfRevenue,"1,092,581,000","267,269,000","267,513,000","306,309,000","251,490,000","235,937,000","241,949,000","280,350,000","217,710,000","220,159,000","220,071,000","253,839,000","223,190,000","272,066,000","245,004,000","274,172,000","238,120,000","241,467,000","228,232,000","265,617,000","231,389,000","233,380,000","225,973,000","253,157,000","217,896,000","218,453,000","214,573,000","244,972,000","230,425,000","219,754,000","242,500,000","259,190,000","226,425,000","227,542,000","243,008,000","248,995,000","193,116,000","189,007,000","507,192,000","126,180,000","70,161,000","79,180,000","45,791,000","114,510,000","77,319,000","90,885,000","34,909,000","111,084,000","92,881,000","109,867,000","61,204,000","137,406,000","80,671,000","83,487,000","79,274,000","101,655,000","72,080,000","59,765,000","64,135,000","104,728,000","61,318,000","55,197,000","78,583,000","128,559,000","96,251,000","120,315,000","65,033,000","115,858,000","67,882,000","59,065,000","92,385,000","101,653,000","80,412,000","40,232,000","117,213,000","95,267,000","46,843,000","30,897,000","219,240,000","66,000,000","89,000,000","54,000,000","87,423,000","189,948,000","117,351,000","87,280,000","40,431,000","157,481,000","117,289,000","33,292,000","40,283,000","62,926,000","36,451,000","35,696,000","137,620,000","276,502,000","87,485,000","112,167,000","97,422,000","111,147,000","47,856,000","34,044,000","40,454,000","51,341,000","23,830,000","16,747,000","28,220,000","40,554,000","18,294,000","22,209,000","30,633,000","57,255,000","36,515,000","30,701,000",,,,,,,,,,,,,,,,,,,,,,,,,,,,,,,,,,
ReconciledDepreciation,"180,652,000","45,494,000","45,460,000","45,095,000","44,603,000","44,286,000","43,915,000","44,262,000","44,098,000","43,666,000","44,407,000","43,738,000","42,293,000","43,362,000","43,154,000","42,660,000","42,278,000","41,028,000","40,882,000","41,139,000","46,184,000","37,728,000","37,133,000","36,978,000","37,038,000","36,145,000","36,277,000","35,793,000","35,454,000","35,057,000","34,722,000","34,509,000","33,969,000","33,888,000","34,242,000","33,509,000","32,830,000","33,195,000","32,707,000","32,975,000","31,054,000","31,875,000","32,013,000","31,256,000","29,798,000","31,592,000","30,592,000","30,234,000","30,588,000","30,435,000","32,115,000","31,051,000","24,265,000","31,169,000","29,248,000","29,937,000","32,478,000","30,777,000","29,082,000","30,889,000","30,110,000","30,287,000","31,713,000","30,589,000","29,744,000","30,595,000","43,207,000","19,282,000","31,024,000","30,611,000","30,857,000","31,474,000","31,194,000","30,667,000","31,268,000","32,058,000","33,363,000","32,381,000","31,831,000","35,000,000","29,000,000","27,000,000","28,676,000","28,583,000","27,781,000","25,960,000","29,975,000","25,506,000","24,346,000","24,144,000","26,523,000","21,196,000","24,334,000","23,383,000","24,248,000","19,333,000","21,908,000","21,654,000","18,309,000","18,100,000","18,042,000","17,522,000","17,481,000","17,652,000","17,177,000","17,395,000","17,272,000","17,033,000","16,436,000","16,674,000","12,541,000","16,101,000","15,527,000","16,033,000",,,,,,,,,,,,,,,,,,,,,,,,,,,,,,,,,,
NetIncomeFromContinuingOperationNetMinorityInterest,"246,979,000","46,260,000","32,798,000","97,897,000","70,023,000","44,831,000","37,507,000","102,031,000","60,389,000","37,490,000","47,136,000","89,876,000","53,156,000","42,686,000","26,140,000","102,231,000","62,288,000","36,142,000","38,852,000","90,634,000","49,831,000","33,102,000","33,213,000","83,100,000","56,246,000","25,729,000","31,832,000","73,336,000","66,080,000","23,430,000","34,648,000","86,889,000","44,540,000","27,404,000","31,621,000","71,750,000","45,513,000","33,533,000","16,462,000","92,069,000","35,301,000","24,930,000","8,985,000","107,067,000","20,901,000","29,740,000","20,391,000","67,135,000","39,209,000","16,063,000","23,513,000","54,478,000","27,475,000","18,884,000","7,445,000","51,739,000","17,515,000","21,716,000","10,295,000","28,931,000","18,465,000","24,580,000","17,955,000","32,492,000","22,673,000","25,476,000","7,526,000","23,617,000","9,451,000","23,066,000","9,443,000","29,183,000","12,992,000","20,512,000","3,754,000","46,775,000","-879,000","-2,204,000","-3,328,000","37,000,000","3,000,000","25,000,000","20,218,000","33,923,000","36,088,000","34,770,000","23,720,000","41,561,000","32,522,000","42,079,000","18,588,000","22,019,000","21,242,000","29,501,000","14,236,000","23,715,000","21,768,000","29,455,000","20,713,000","21,141,000","20,042,000","30,380,000","18,224,000","19,151,000","23,033,000","30,211,000","24,833,000","23,772,000","17,588,000","20,727,000","23,351,000","16,289,000","17,030,000","18,260,000","28,300,000","16,400,000","18,500,000","21,300,000","19,100,000","15,100,000","12,400,000","13,400,000","15,400,000","16,700,000","10,000,000","15,800,000","20,600,000","17,600,000","14,200,000","16,900,000",,,,,,,,,,,,,,,,,,
TotalUnusualItemsExcludingGoodwill,"39,502,000","9,123,000","14,671,000","7,913,000","7,795,000","7,769,000","15,609,000","7,369,000","7,149,000","7,272,000","19,540,000","6,803,000","6,699,000","6,356,000","14,672,000","6,047,000","5,985,000","6,033,000","10,191,000","5,712,000","5,611,000","5,232,000","12,932,000","5,931,000","5,238,000","4,985,000","10,195,000","5,654,000","5,378,000","5,187,000","8,568,000","4,645,000","4,459,000","4,079,000","18,010,000","3,734,000","3,528,000","3,615,000","8,636,000","2,928,000","6,571,000","6,593,000","5,620,000","6,010,000","5,041,000","4,538,000","4,123,000","3,550,000","3,012,000","4,481,000","416,000","4,569,000","1,438,000","6,921,000","-8,550,000","4,665,000","1,330,000","16,000","3,494,000","4,053,000","1,622,000","851,000","-6,268,000","1,340,000","8,343,000","3,217,000","9,090,000","2,876,000","1,211,000","3,833,000","1,406,000","4,027,000","11,507,000","2,810,000","39,353,000","-6,655,000","1,402,000","-16,604,000","-12,991,000","-2,000,000","1,000,000","-3,000,000","20,297,000","894,000","-135,000","2,109,000","-141,702,000","84,864,000","50,103,000","11,953,000","9,181,000","8,900,000","8,989,000","2,983,000","60,000","3,657,000","3,015,000","987,000","7,634,000","2,123,000","2,256,000","3,389,000","2,471,000","3,561,000","3,115,000","3,342,000","4,307,000","4,747,000","3,374,000","1,944,000","2,074,000","3,618,000","2,258,000","2,530,000",,,,,,,,,,,,,,,,,,,,,,,,,,,,,,,,,,
TotalUnusualItems,"39,502,000","9,123,000","14,671,000","7,913,000","7,795,000","7,769,000","15,609,000","7,369,000","7,149,000","7,272,000","19,540,000","6,803,000","6,699,000","6,356,000","14,672,000","6,047,000","5,985,000","6,033,000","10,191,000","5,712,000","5,611,000","5,232,000","12,932,000","5,931,000","5,238,000","4,985,000","10,195,000","5,654,000","5,378,000","5,187,000","8,568,000","4,645,000","4,459,000","4,079,000","18,010,000","3,734,000","3,528,000","3,615,000","8,636,000","2,928,000","6,571,000","6,593,000","5,620,000","6,010,000","5,041,000","4,538,000","4,123,000","3,550,000","3,012,000","4,481,000","416,000","4,569,000","1,438,000","6,921,000","-8,550,000","4,665,000","1,330,000","16,000","3,494,000","4,053,000","1,622,000","851,000","-6,268,000","1,340,000","8,343,000","3,217,000","9,090,000","2,876,000","1,211,000","3,833,000","1,406,000","4,027,000","11,507,000","2,810,000","39,353,000","-6,655,000","1,402,000","-16,604,000","-12,991,000","-2,000,000","1,000,000","-3,000,000","20,297,000","894,000","-135,000","2,109,000","-141,702,000","84,864,000","50,103,000","11,953,000","9,181,000","8,900,000","8,989,000","2,983,000","60,000","3,657,000","3,015,000","987,000","7,634,000","2,123,000","2,256,000","3,389,000","2,471,000","3,561,000","3,115,000","3,342,000","4,307,000","4,747,000","3,374,000","1,944,000","2,074,000","3,618,000","2,258,000","2,530,000",,,,,,,,,,,,,,,,,,,,,,,,,,,,,,,,,,
NormalizedEBITDA,"512,905,000","110,080,000","88,817,000","174,226,000","139,780,000","107,953,000","93,175,000","173,708,000","127,268,000","98,484,000","90,720,000","163,885,000","118,130,000","105,976,000","80,201,000","164,908,000","126,959,000","95,173,000","94,599,000","169,541,000","128,257,000","92,385,000","85,177,000","149,911,000","117,547,000","82,125,000","84,796,000","147,206,000","126,571,000","79,762,000","63,548,000","147,838,000","108,540,000","85,737,000","81,956,000","153,393,000","111,531,000","93,561,000","58,404,000","145,891,000","87,926,000","77,932,000","46,880,000","106,787,000","61,586,000","80,389,000","71,181,000","122,669,000","67,573,000","62,104,000","70,340,000","113,520,000","76,304,000","67,205,000","64,648,000","106,691,000","71,331,000","75,517,000","49,383,000","72,894,000","64,178,000","73,215,000","67,259,000","85,883,000","58,826,000","71,175,000","51,906,000","66,062,000","53,658,000","61,675,000","52,168,000","46,380,000","33,446,000","64,051,000","-34,007,000","94,626,000","45,961,000","79,623,000","58,917,000","54,000,000","36,000,000","85,000,000","37,560,000","96,687,000","104,734,000","91,688,000","365,572,000","-65,011,000","-11,561,000","82,157,000","50,305,000","52,238,000","55,069,000","80,229,000","68,612,000","63,135,000","61,676,000","77,222,000","49,518,000","59,854,000","57,564,000","73,206,000","55,170,000","55,871,000","60,803,000","72,542,000","58,087,000","57,923,000","51,743,000","61,282,000","55,130,000","46,092,000","47,253,000","50,911,000","135,500,000","134,600,000","129,500,000","140,800,000","129,900,000","129,000,000","124,700,000","114,500,000","122,100,000","129,600,000","110,900,000","120,600,000","117,900,000","125,600,000","109,400,000","112,000,000","116,500,000","128,200,000","119,100,000","132,400,000","99,400,000","111,600,000","98,400,000","102,900,000","91,200,000","107,900,000","94,200,000","101,300,000","90,400,000","103,100,000","98,300,000","117,100,000","106,300,000","116,900,000"
TaxRateForCalcs,"0.133","0.115","0.093","0.151","0.136","0.102","0.128","0.108","0.103","0.094","0.27","0.144","0.116","0.092","0.118","0.036","0.102","0.074","0.077","0.197","0.253","0.157","0.191","0.158","0.134","0.146","0.17","0.243","0.127","0.207","0.35","0.111","0.244","0.241","0.309","0.302","0.259","0.249","0.167","0.041","0.23","0.251","0.35","0.35","0.35","0.142","0.181","0.131","0.35","0.076","0.35","0.201","0.158","0.267","0.35","0.234","0.284","0.205","0.075","0.136","0.157","0.166","0.4","0.248","0.254","0.2","0.332","0.242","0.05","0.047","0.4","0.4","0.4","0.186","0.4","0.4","0.4","0.4","0.4","0.4","0.4","0.265","0.303","0.335","0.377","0.332","0.281","0.344","0.333","0.358","0.298","0.324","0.331","0.361","0.4","0.343","0.297","0.308","0.331","0.336","0.313","0.35","0.359","0.377","0.358","0.366","0.303","0.344","0.384","0.4","0.303","0.333","0.278","0.34","0.4","0.4","0.4","0.4","0.4","0.4","0.4","0.4","0.4","0.4","0.4","0.4","0.4","0.4","0.4","0.4",,,,,,,,,,,,,,,,,,
TaxEffectOfUnusualItems,"5,244,432.65","1,052,962.996","1,368,926.126","1,192,209.141","1,060,811.492","792,438","2,004,971.938","793,481.774","733,282.297","683,568","5,275,800","978,755.568","779,118.488","584,752","1,736,039.531","219,707.08","610,109.688","446,442","781,492.509","1,123,335.144","1,417,899.934","821,424","2,464,786.602","934,918.469","701,623.451","727,810","1,732,431.271","1,374,098.998","683,809.948","1,073,709","2,998,800","514,627.534","1,085,998.325","983,039","5,564,523.956","1,128,955.506","912,650.861","900,135","1,445,903.632","119,039.241","1,509,528.963","1,654,843","1,967,000","2,103,500","1,764,350","645,268.327","747,043.568","464,891.895","1,054,200","340,735.637","145,600","916,644.067","227,260.65","1,845,817.283","-2,992,500","1,091,801.164","377,475.057","3,272.674","263,579.704","551,317.416","254,534.472","141,400.299","-2,507,200","331,772.879","2,119,170.862","642,995.854","3,019,783.496","696,342.34","60,616.946","179,612.479","562,400","1,610,800","4,602,800","522,476.882","15,741,200","-2,662,000","560,800","-6,641,600","-5,196,400","-800,000","400,000","-794,117.647","6,156,243.763","299,093.138","-50,928.144","700,217.821","-39,823,622.211","29,232,569.338","16,666,729.588","4,282,846.939","2,731,643.286","2,887,386.862","2,978,223.471","1,078,247.224","24,000","1,255,090.26","896,588.07","304,236.144","2,530,457.993","714,086.671","705,850.795","1,186,269.635","886,778.223","1,343,076.525","1,114,280.695","1,224,308.828","1,304,228.137","1,630,921.025","1,294,673.044","777,600","627,638.335","1,206,542.821","627,498.813","860,159.763","0","0","0","0","0","0","0","0","0","0","0","0","0","0","0","0",,,,,,,,,,,,,,,,,,