name,ttm,03/31/2022,12/31/2021,09/30/2021,06/30/2021,03/31/2021,12/31/2020,09/30/2020,06/30/2020,03/31/2020,12/31/2019,09/30/2019,06/30/2019,03/31/2019,12/31/2018,09/30/2018,06/30/2018,03/31/2018,12/31/2017,09/30/2017,06/30/2017,03/31/2017,12/31/2016,09/30/2016,06/30/2016,03/31/2016,12/31/2015,09/30/2015,06/30/2015,03/31/2015,12/31/2014,09/30/2014,06/30/2014,03/31/2014,12/31/2013,09/30/2013,06/30/2013,03/31/2013,12/31/2012,09/30/2012,06/30/2012,03/31/2012,12/31/2011,09/30/2011,06/30/2011,03/31/2011,12/31/2010,09/30/2010,06/30/2010,03/31/2010,12/31/2009,09/30/2009,06/30/2009,03/31/2009
TotalRevenue,"4,125,000,000","1,051,000,000","1,049,000,000","984,000,000","1,041,000,000","1,015,000,000","556,267,000","981,510,000","637,484,000","940,195,000","1,253,390,000","1,153,247,000","1,234,253,000","1,144,916,000","1,266,132,000","1,155,830,000","1,202,338,000","1,206,956,000","1,345,670,000","1,221,201,000","1,219,504,000","1,152,584,000","1,321,216,000","1,265,650,000","1,285,469,000","1,281,561,000","1,316,390,000","1,215,313,000","1,290,080,000","874,661,858.506","864,795,199.247","923,491,269.922","1,024,760,566.455","1,074,478,063.54","1,139,641,687.453","985,292,887.312","991,392,589.509","1,021,308,011.474","1,161,666,889.092","950,406,389.235","940,298,016.179","1,040,862,825.661","940,143,440.28","1,006,254,414.082","1,017,205,935.577","991,265,919.295","799,842,613.618","752,570,252.664","700,052,395.574","731,179,100.27","787,373,834.166","722,710,499.341","724,511,757.113","772,466,998.342"
	OperatingRevenue,"4,125,000,000","1,051,000,000","1,049,000,000","984,000,000","1,041,000,000","1,015,000,000","556,267,000","981,510,000","637,484,000","940,195,000","1,253,390,000","1,153,247,000","1,234,253,000","1,144,916,000","1,266,132,000","1,155,830,000","1,202,338,000","1,206,956,000","1,345,670,000","1,221,201,000","1,219,504,000","1,152,584,000","1,321,216,000","1,265,650,000","1,285,469,000","1,281,561,000","1,316,390,000","1,215,313,000","1,290,080,000","874,661,858.506","864,795,199.247","923,491,269.922","1,024,760,566.455","1,074,478,063.54","1,139,641,687.453","985,292,887.312","991,392,589.509","1,021,308,011.474","1,161,666,889.092","950,406,389.235","940,298,016.179","1,040,862,825.661","940,143,440.28","1,006,254,414.082","1,017,205,935.577","991,265,919.295","799,842,613.618","752,570,252.664","700,052,395.574","731,179,100.27","787,373,834.166","722,710,499.341","724,511,757.113","772,466,998.342"
CostOfRevenue,"2,167,000,000","550,000,000","576,000,000","515,000,000","526,000,000","514,000,000","260,272,000","622,634,000","483,867,000","612,926,000","770,912,000","711,840,000","755,384,000","695,512,000","796,070,000","694,122,000","730,087,000","721,409,000","863,177,000","775,605,000","755,102,000","738,630,000","820,889,000","761,937,000","782,472,000","770,539,000","805,755,000","761,351,000","809,899,000","604,627,313.386","640,564,393.719","643,710,029.439","700,237,387.105","700,416,723.972","844,340,670.491","724,743,951.314","677,170,066.611","666,521,104.395","1,439,529,775.083","468,774,155.442","442,385,648.635","500,616,304.043","1,290,528,139.949","514,035,421.307","500,024,610.93","466,098,607.856","404,885,699.013","330,480,525.498","316,712,969.732","322,145,551.692","399,937,027.156","333,079,513.838","312,883,719.625","305,773,797.678"
GrossProfit,"1,958,000,000","501,000,000","473,000,000","469,000,000","515,000,000","501,000,000","295,995,000","358,876,000","153,617,000","327,269,000","482,478,000","441,407,000","478,869,000","449,404,000","470,062,000","461,708,000","472,251,000","485,547,000","482,493,000","445,596,000","464,402,000","413,954,000","500,327,000","503,713,000","502,997,000","511,022,000","510,635,000","453,962,000","480,181,000","270,034,545.12","224,230,805.528","279,781,240.483","324,523,179.35","374,061,339.568","295,301,016.962","260,548,935.998","314,222,522.898","354,786,907.079","-277,862,885.992","481,632,233.793","497,912,367.545","540,246,521.617","-350,384,699.669","492,218,992.774","517,181,324.647","525,167,311.439","394,956,914.605","422,089,727.166","383,339,425.842","409,033,548.578","387,436,807.01","389,630,985.503","411,628,037.488","466,693,200.663"
OperatingExpense,"1,058,000,000","250,000,000","281,000,000","258,000,000","269,000,000","241,000,000","242,487,000","230,472,000","204,294,000","228,548,000","304,377,000","271,373,000","281,100,000","271,252,000","303,437,000","257,382,000","260,034,000","286,536,000","279,410,000","276,498,000","261,067,000","285,466,000","324,759,000","329,993,000","323,486,000","313,707,000","331,252,000","312,652,000","348,863,000","97,469,218.024","95,535,752.645","115,281,443.508","113,176,348.604","125,343,143.997","126,558,675.162","122,463,464.99","106,787,312.656","109,488,013.523","-470,483,874.162","308,962,391.341","304,203,116.89","314,077,611.622","-471,217,706.248","316,465,203.455","314,840,390.879","309,615,113.094","283,655,628.931","269,980,103.028","246,201,930.107","250,500,073.836","259,580,212.429","266,289,354.225","262,687,300.073","260,793,366.501"
	SellingGeneralAndAdministration,"817,000,000","193,000,000","222,000,000","195,000,000","207,000,000","186,000,000","191,037,000","180,315,000","171,950,000","163,593,000","229,531,000","201,416,000","213,263,000","205,134,000","238,654,000","194,099,000","196,088,000","215,218,000","208,522,000","196,862,000","210,185,000","200,524,000","236,547,000","242,510,000","239,241,000","227,526,000","242,999,000","224,487,000","232,586,000",,,,,,,,,,,"166,479,629.178","169,985,694.211","172,675,853.421",,"173,453,034.172","163,785,740.138","165,985,654.985","142,561,970.086","151,533,157.077","141,403,470.293","144,566,311.804","149,246,436.035","149,156,538.293","144,643,358.213","148,839,800.995"
		GeneralAndAdministrativeExpense,,,,,,,,,,,,,,,,,,,,,,,,,,,,,,,,,,,,,,,,"166,479,629.178","169,985,694.211","172,675,853.421",,"173,453,034.172","163,785,740.138","165,985,654.985","142,561,970.086","151,533,157.077","141,403,470.293","144,566,311.804","149,246,436.035","149,156,538.293","144,643,358.213","148,839,800.995"
			SalariesAndWages,,,,,,,,,,,,,,,,,,,,,,,,,,,,,,,,,,,,,,,,"166,479,629.178","169,985,694.211","172,675,853.421",,"173,453,034.172","163,785,740.138","165,985,654.985","142,561,970.086","151,533,157.077","141,403,470.293","144,566,311.804","149,246,436.035","149,156,538.293","144,643,358.213","148,839,800.995"
	ResearchAndDevelopment,"240,000,000","57,000,000","59,000,000","63,000,000","61,000,000","55,000,000","50,837,000","48,039,000","31,335,000","60,737,000","65,936,000","68,804,000","65,383,000","66,118,000","64,782,000","63,277,000","63,957,000","71,263,000","70,946,000","79,009,000","80,512,000","82,621,000","87,182,000","87,354,000","84,288,000","84,707,000","84,552,000","85,864,000","83,933,000",,,,,,,,,,,,,,,,,,,,,,,,,
	DepreciationAmortizationDepletionIncomeStatement,,,,,,,,,,,,,,,,,,,,,,,,,,,,,,"129,892,899.299","129,698,098.61","147,265,506.04","146,731,152.282","152,650,254.435","168,703,336.592","153,097,548.14","140,605,485.012","138,424,597.89","161,674,497.362","142,482,762.163","134,217,422.679","141,401,758.201","132,623,538.614","143,012,169.283","151,054,650.742","143,629,458.109","141,093,658.845","118,446,945.951","104,798,459.814","105,933,762.032","110,333,776.393","117,132,815.932","118,043,941.86","111,953,565.506"
		DepreciationAndAmortizationInIncomeStatement,,,,,,,,,,,,,,,,,,,,,,,,,,,,,,"129,892,899.299","129,698,098.61","147,265,506.04","146,731,152.282","152,650,254.435","168,703,336.592","153,097,548.14","140,605,485.012","138,424,597.89","161,674,497.362","142,482,762.163","134,217,422.679","141,401,758.201","132,623,538.614","143,012,169.283","151,054,650.742","143,629,458.109","141,093,658.845","118,446,945.951","104,798,459.814","105,933,762.032","110,333,776.393","117,132,815.932","118,043,941.86","111,953,565.506"
			DepreciationIncomeStatement,,,,,,,,,,,,,,,,,,,,,,,,,,,,,,"129,892,899.299","129,698,098.61","147,265,506.04","146,731,152.282","152,650,254.435","168,703,336.592","153,097,548.14","140,605,485.012","138,424,597.89","94,827,925.406","81,220,066.512","77,862,740.382","78,442,698.398","72,151,338.229","81,402,455.588","85,612,739.776","81,076,158.473","82,201,018.47","85,171,304.751","74,299,361.505","76,763,011.988","213,069,169.569","85,254,063.552","84,777,484.707","79,214,593.698"
			Amortization,,,,,,,,,,,,,,,,,,,,,,,,,,,,,,"58,069,371.799","58,653,820.754",,"68,921,389.397","67,421,262.55","71,005,420.269","64,972,269.826","60,744,952.123","59,737,731.79","66,846,571.956","61,262,695.651","56,354,682.298","62,959,059.803","60,472,200.385","61,609,713.696","65,441,910.966","62,553,299.636","58,892,640.375","33,275,641.2","30,499,098.309","29,170,750.044",,"31,878,752.38","33,266,457.152","32,738,971.808"
				AmortizationOfIntangiblesIncomeStatement,,,,,,,,,,,,,,,,,,,,,,,,,,,,,,"58,069,371.799","58,653,820.754",,"68,921,389.397","67,421,262.55","71,005,420.269","64,972,269.826","60,744,952.123","59,737,731.79","66,846,571.956","61,262,695.651","56,354,682.298","62,959,059.803","60,472,200.385","61,609,713.696","65,441,910.966","62,553,299.636","58,892,640.375","33,275,641.2","30,499,098.309","29,170,750.044",,"31,878,752.38","33,266,457.152","32,738,971.808"
	OtherOperatingExpenses,,,"0",,"1,000,000",,"613,000","2,118,000","1,009,000","4,218,000","8,910,000","1,153,000","2,454,000",,"1,000","6,000","-11,000","55,000","-58,000","627,000","-29,630,000","2,321,000","1,030,000","129,000","-43,000","1,474,000","3,701,000","2,301,000","32,344,000","-32,423,681.275","-34,162,345.965","-31,984,062.532","-33,554,803.678","-27,307,110.439","-42,144,661.43","-30,634,083.15","-33,818,172.356","-28,936,584.366","8,235,247.441","0",,,,,,,,,,,,,,
OperatingIncome,"900,000,000","251,000,000","192,000,000","211,000,000","246,000,000","260,000,000","53,508,000","128,404,000","-50,677,000","98,721,000","178,101,000","170,034,000","197,769,000","178,152,000","166,625,000","204,326,000","212,217,000","199,011,000","203,083,000","169,098,000","203,335,000","128,488,000","175,568,000","173,720,000","179,511,000","197,315,000","179,383,000","141,310,000","131,318,000","172,565,327.096","128,695,052.883","164,499,796.975","211,346,830.746","248,718,195.571","168,742,341.8","138,085,471.008","207,435,210.241","245,298,893.556","192,620,988.171","172,669,842.452","193,709,250.655","226,168,909.996","120,833,006.579","175,753,789.319","202,340,933.768","215,552,198.345","111,301,285.673","152,109,624.138","137,137,495.735","158,533,474.741","127,856,594.581","123,341,631.278","148,940,737.415","205,899,834.163"
NetNonOperatingInterestIncomeExpense,"-324,000,000","-76,000,000","-78,000,000","-79,000,000","-91,000,000","-94,000,000","-100,632,000","-101,023,000","-95,599,000","-100,662,000","-100,649,000","-102,551,000","-104,939,000","-103,069,000","-158,573,000","-103,553,000","-132,758,000","-107,280,000","-143,554,000","-110,805,000","-113,524,000","-112,173,000","-118,187,000","-114,378,000","-114,961,000","-114,122,000","-237,334,000","-117,047,000","-114,912,000","-87,391,572.723","-155,436,445.854","-72,534,514.263","-54,493,983.465","-54,742,126.255","-60,335,197.701","-53,393,066.782","-51,744,639.883","-50,471,263.19","-54,181,621.401","-48,568,970.609","-48,880,223.829","-51,829,569.254","-45,482,782.986","-56,209,594.176","-59,989,866.088","-58,278,033.491","-55,208,038.932","-57,370,056.42","-50,832,236.682","-54,438,910.443","-49,877,727.801","-50,484,697.613","-49,343,397.497","-54,591,044.776"
	InterestIncomeNonOperating,"9,000,000","3,000,000",,,,"3,000,000","3,046,000","4,539,000","6,664,000",,,"4,326,000","2,699,000","2,960,000","4,632,000","3,249,000","3,351,000","2,999,000","2,444,000","2,906,000","2,460,000","2,626,000","2,553,000","3,240,000","2,754,000","4,293,000","4,765,000","4,797,000","7,506,000","602,103.029","1,533,494.836","823,520.455","1,165,106.824","1,092,009.352","1,372,014.319","1,290,026.583","948,428.393","909,230.612","893,431.986","487,923.884","887,465.343","1,012,499.5","1,388,404.724","984,679.741","784,654.361","650,890.916","1,308,447.52","707,296.465","982,112.395","949,133.429","1,139,508.54","1,175,867.623","1,212,189.236","1,257,711.443"
	InterestExpenseNonOperating,"333,000,000","79,000,000","91,000,000","79,000,000","91,000,000","97,000,000","115,588,000","101,023,000","102,263,000","100,662,000","113,935,000","106,877,000","106,559,000","106,029,000","108,298,000","106,802,000","106,239,000","110,279,000","114,405,000","113,711,000","115,984,000","114,799,000","115,520,000","117,618,000","117,715,000","118,415,000","124,222,000","121,844,000","122,418,000","87,993,675.752","71,683,691.359","73,358,034.717","55,659,090.289","55,834,135.607","61,707,212.019","54,683,093.365","52,693,068.276","51,380,493.802","55,075,053.386","49,056,894.493","49,767,689.172","52,842,068.754","46,871,187.71","57,194,273.918","60,774,520.449","58,928,924.406","56,516,486.453","58,077,352.885","51,814,349.076","55,388,043.872","51,017,236.341","51,660,565.236","50,555,586.733","55,848,756.219"
	TotalOtherFinanceCost,,,,,,,,,,,"100,649,000","308,385,000","1,079,000",,,,"29,870,000",,,,,,,,,,,,,,,,,,,,,,,,,,,,,,,,,,,,,
OtherIncomeExpense,"-152,000,000","6,000,000","-5,000,000","6,000,000","-160,000,000","120,000,000","-147,198,000","-156,336,000","-147,187,000","-229,026,000","-203,250,000","107,608,000","9,457,000","58,104,000","-47,771,000","-438,000","167,972,000","-95,730,000","-36,951,000","-852,524,000","-257,961,000","-53,437,000","186,584,000","-28,124,000","78,787,000","-178,300,000","174,916,000","-1,931,000","-117,142,000","-132,961,892.076","-34,301,526.311","2,390,620.242","-5,177,494.611","-3,956,814.744","-19,189,755.02","-3,782,368.737","2,745,108.243","-6,296,742.137","-11,942,368.276","-3,421,887.238","7,547,886.415","-9,123,167.429","5,344,885.636","39,369,533.33","306,912.776","-52,540,027.673","-118,761,371.154","-99,468,505.547","14,741,433.933","-2,621,863.631","-125,629,017.036","-19,398,154.928","-17,715,640.608","-15,985,406.302"
	GainOnSaleOfSecurity,"-76,000,000","3,000,000","4,000,000","6,000,000","-90,000,000","145,000,000","-155,471,000","-149,403,000","-74,384,000","70,360,000","-101,770,000","124,068,000","-41,061,000","58,602,000","32,096,000","21,104,000","172,546,000","-96,695,000","-59,228,000","-117,526,000","-220,386,000","-46,837,000","215,952,000","-21,143,000","88,152,000","-161,556,000","91,104,000","9,847,000","-102,344,000","9,250,295.095","3,550,275.065","-3,116,434.88","-728,532.839","-1,598,129.556","-213,006.392","-979,664.539","2,539,550.375","-4,393,760.885","-1,671,007.308","-3,125,280.877","9,451,949.006","-6,644,611.342","10,438,351.549","40,401,749.334","3,978,284.473","-48,465,252.873","20,021,526.032","-97,471,994.331","430,131.111","408,113.95","22,789,544.671","-15,574,754.723","430,720.018","668,656.716"
	EarningsFromEquityInterest,,,,,,,,,,,,,,,,,,,,,,,,,"414,000","0","0","192,000","243,000","-219,832.581","393,501.864","355,293.879","-2,874,566.837","90,771.558","-1,072,107.396","-86,361.612","-316,142.798","145,989.14","435,832.795","728,033.795","177,239.869","-1,333.991","236,587.204","0","0","-74,831.277","-202,646.305","-31,344.545",,,,"-654,561.429",,
	SpecialIncomeCharges,,,"-7,000,000","1,000,000","0","0","1,910,000","98,000","-43,429,000","-296,000,000","-96,722,000","-16,152,000","51,307,000",,"-125,734,000","-4,298,000","-3,140,000","-2,016,000","-9,170,000","-725,196,000","-11,463,000","-9,267,000","-37,582,000","-9,888,000","-8,790,000","-9,418,000","-47,823,000","-11,271,000","-15,818,000","-10,915,824.697","-35,640,478.536","4,516,038.981","1,506,180.25",,"-11,097,858.926","93,411.186","2,633,222.315",,"-2,715,287.502","-1,024,640.156","-2,081,302.46","-2,477,222.096","3,550,771.197","-1,032,216.005","-3,671,371.697",,"-138,580,250.881","-1,965,166.671","-2,617,341.717",,"-104,001,458.225","-3,168,838.776","-79,970.818",
		RestructuringAndMergernAcquisition,,,"7,000,000","-1,000,000","0","0","-1,910,000","-98,000","43,429,000",,,"16,152,000",,,"6,857,000","2,768,000","3,140,000","2,016,000","9,170,000","9,976,000","11,463,000","9,267,000","6,420,000","5,658,000","6,438,000","9,418,000","35,326,000","11,271,000","15,818,000",,,,,,,,,,,,,,,,,,,,,,,,,
		ImpairmentOfCapitalAssets,,,"0","0","0","0","0","0","0","296,000,000","99,000,000","0",,,,,,,"0","715,220,000","0",,"31,162,000","4,230,000","2,352,000",,"12,497,000","0","0",,"1,268,274.324",,,,"5,632,788.15","93,411.186","2,633,222.315",,,"0","0",,,"0","-396,670.286",,"61,458,913.66","309,966.196","2,617,341.717",,"108,841,112.64","3,496.747","79,970.818",
		WriteOff,,,,,,,,,,,"562,000",,,,"118,877,000","1,530,000",,,"0","715,220,000","0",,"31,162,000","4,230,000","2,352,000",,"12,497,000",,"0",,"-1,268,274.324",,"-1,506,180.25",,"11,097,858.926",,"-2,633,222.315",,,,,,,,,,,,,,,,,
		OtherSpecialCharges,,,,,,,,,,,,,"8,521,000",,,,,,"146,000","9,802,000","26,112,000","-2,667,000","-23,359,000","-2,907,000","575,000","7,326,000","76,807,000","2,301,000","0","10,915,824.697","36,908,752.86","-4,516,038.981","-777,647.412",,"5,465,070.776","-186,822.373","-5,266,444.629",,,"1,024,640.156","2,081,302.46","2,477,222.096",,"1,032,216.005","4,068,041.983",,"77,121,337.222","1,965,166.671","0",,"0","3,168,838.776","0",
		GainOnSaleOfBusiness,,,,,,,,,,,,,"33,882,000",,,,,,,,,,,,,,,,,,,,,,,,,,,,,,,,,,,,,,,,,
		GainOnSaleOfPPE,,,,,,,,,,,,,"25,946,000",,,,,,,,,,,,,,,,,,,,"33,554,803.678",,,,,,,,,,,,,,,,,,,,,
	OtherNonOperatingIncomeExpenses,"-70,000,000","3,000,000","-2,000,000","-1,000,000","-70,000,000","-25,000,000","6,363,000","-7,031,000","-29,374,000","-3,386,000","-4,758,000","-308,000","-789,000","-498,000","45,867,000","-17,244,000","-1,434,000","2,981,000","31,447,000","-9,802,000","-26,112,000","2,667,000","8,214,000","2,907,000","-989,000","-7,326,000","131,635,000","-699,000","777,000","-131,076,529.894","-2,604,824.705","635,722.262","-3,080,575.186","-2,449,456.746","-6,806,782.305","-2,716,342.586","-2,111,521.649","-2,048,970.392",,,"-2,082,119.608","-2,478,180.799",,"-1,544,249.47","-4,980,094.101","-3,999,943.524","-152,763.535","-100,389,762.599","16,928,644.539","-3,029,977.581","-23,365,705.034","-19,122,858.398","-18,066,389.809","-16,654,063.018"
PretaxIncome,"424,000,000","182,000,000","111,000,000","138,000,000","-7,000,000","286,000,000","-194,322,000","-128,955,000","-293,463,000","-230,967,000","-125,798,000","175,091,000","102,287,000","133,187,000","-39,719,000","100,335,000","247,431,000","-3,999,000","22,578,000","-794,231,000","-168,150,000","-37,122,000","243,965,000","31,218,000","143,337,000","-95,107,000","116,965,000","22,332,000","-100,736,000","-47,788,137.704","-61,042,919.282","94,355,902.954","151,675,352.67","190,019,254.573","89,217,389.08","80,910,035.489","158,435,678.601","188,530,888.229","126,496,998.494","120,678,984.605","152,376,913.241","165,216,173.312","80,695,109.229","158,913,728.473","142,657,980.456","104,734,137.181","-62,668,124.413","-4,728,937.829","100,919,968.806","103,924,069.326","-50,276,375.254","53,458,778.738","80,815,421.741","164,988,391.376"
TaxProvision,"191,000,000","65,000,000","57,000,000","37,000,000","32,000,000","148,000,000","62,504,000","-26,617,000","-11,321,000","3,132,000","12,587,000","44,530,000","63,300,000","52,692,000","30,337,000","46,327,000","52,232,000","60,505,000","-83,346,000","-19,824,000","84,086,000","-10,330,000","-5,387,000","12,812,000","60,439,000","-8,658,000","25,076,000","13,366,000","11,599,000","-22,264,817.041","62,606,738.206","38,686,427.774","62,179,049.906","77,909,503.507","73,042,558.504","28,572,199.657","64,641,444.629","76,919,629.136","27,155,992.109","50,188,107.497","64,455,810.303","69,886,477.329","26,489,310.159","69,580,865.975","63,467,245.747","53,937,819.445","-7,840,955.311","-1,312,382.458","45,277,087.293","48,428,627.046","-219,031,402.026","18,443,403.134","33,987,597.508","51,145,605.307"
NetIncomeCommonStockholders,"469,000,000","79,000,000","20,000,000","65,000,000","306,000,000","92,000,000","-241,996,000","-127,990,000","-279,616,000","-248,288,000","-167,698,000","103,563,000","4,856,000","40,254,000","-101,999,000","22,299,000","161,496,000","-103,146,000","79,729,000","-803,614,000","-289,901,000","-54,790,000","233,318,000","-1,903,000","72,696,000","-92,774,000","82,356,000","7,133,000","-116,890,000","-29,163,011.815","-122,173,799.494","51,155,974.013","82,914,949.93","103,189,382.478","7,244,437.146","43,387,264.361","87,507,805.995","95,715,090.667","89,558,045.995","62,806,075.936","80,818,848.194","76,871,256.487","52,512,806.938","79,434,454.284","66,837,495.476","30,933,555.474","-68,985,059.123","-17,978,140.587","42,468,440.805","39,521,271.597","-59,334,400.944","19,333,723.825","31,003,423.312","95,385,737.977"
	NetIncome,"469,000,000","79,000,000","20,000,000","65,000,000","306,000,000","92,000,000","-241,996,000","-127,990,000","-279,616,000","-248,288,000","-167,698,000","103,563,000","4,856,000","40,254,000","-101,999,000","22,299,000","161,496,000","-103,146,000","79,729,000","-803,614,000","-289,901,000","-54,790,000","233,318,000","-1,903,000","72,696,000","-92,774,000","82,356,000","7,133,000","-116,890,000","-29,163,011.815","-122,173,799.494","51,155,974.013","82,914,949.93","103,189,382.478","7,244,437.146","43,387,264.361","87,507,805.995","95,715,090.667","89,558,045.995","62,806,075.936","80,818,848.194","76,871,256.487","52,512,806.938","79,434,454.284","66,837,495.476","50,796,317.736","-68,985,059.123","-17,978,140.587","55,642,881.513","55,495,442.28","4,000,174.103","19,333,723.825","46,827,824.233","113,842,786.07"
		NetIncomeIncludingNoncontrollingInterests,"638,000,000","117,000,000","55,000,000","101,000,000","365,000,000","149,000,000","-220,145,000","-102,338,000","-282,142,000","-234,099,000","-138,385,000","130,561,000","38,987,000","80,495,000","-70,056,000","54,008,000","195,199,000","-64,504,000","105,924,000","-774,407,000","-252,236,000","-26,792,000","249,352,000","18,406,000","82,898,000","-86,449,000","91,889,000","8,966,000","-112,335,000","-25,523,320.663","-123,649,657.488","55,669,475.18","89,496,302.764","112,109,751.066","16,174,830.576","52,337,835.832","93,794,233.972","111,611,259.092","99,341,006.385","70,490,877.107","87,921,102.938","95,329,695.983","54,205,799.07","89,332,862.498","79,190,734.709","70,659,079.999","-54,827,169.102","-3,416,555.371","42,468,440.805","39,521,271.597","-111,904,323.334","35,015,375.604","31,003,423.312","95,385,737.977"
			NetIncomeContinuousOperations,"234,000,000","117,000,000","55,000,000","101,000,000","-39,000,000","138,000,000","-256,826,000","-102,338,000","-282,142,000","-234,099,000","-138,385,000","130,561,000","38,987,000","80,495,000","-70,056,000","54,008,000","195,199,000","-64,504,000","105,924,000","-774,407,000","-252,236,000","-26,792,000","249,352,000","18,406,000","82,898,000","-86,449,000","91,889,000","8,966,000","-112,335,000","-25,523,320.663","-123,649,657.488","55,669,475.18","89,496,302.764","112,109,751.066","16,174,830.576","52,337,835.832","93,794,233.972","111,611,259.092","99,341,006.385","70,490,877.107","87,921,102.938","95,329,695.983","54,205,799.07","89,332,862.498","79,190,734.709","70,659,079.999","-54,827,169.102","-3,416,555.371","42,468,440.805","39,521,271.597","-111,904,323.334","35,015,375.604","31,003,423.312","95,385,737.977"
			NetIncomeDiscontinuousOperations,"404,000,000","0","0","0","404,000,000","11,000,000","11,751,000",,,,,,,,,,,,,,,,,,,,,,,,,,,,,,,,,,,,,,,,,,,,,,,
		MinorityInterests,"-169,000,000","-38,000,000","-35,000,000","-36,000,000","-60,000,000","-57,000,000","-21,851,000","-25,652,000","2,526,000","-14,189,000","-29,313,000","-26,998,000","-34,131,000","-40,241,000","-31,943,000","-31,709,000","-33,703,000","-38,642,000","-26,195,000","-29,207,000","-37,665,000","-27,998,000","-16,034,000","-20,309,000","-10,202,000","-6,325,000","-9,533,000","-1,833,000","-4,555,000","-3,639,691.151","1,475,857.994","-4,513,501.167","-6,581,352.834","-8,920,368.588","-8,930,393.431","-8,950,571.471","-6,286,427.977","-15,896,168.425","-9,782,960.39","-7,684,801.171","-7,102,254.744","-18,458,439.497","-1,692,992.131","-9,898,408.214","-12,353,239.233","-19,862,762.262","-14,157,890.021","-14,561,585.216","13,174,440.708","15,974,170.683","115,904,497.437","-15,681,651.779","15,824,400.92","18,457,048.093"
	OtherunderPreferredStockDividend,,,,,,,,,,,,,,,,,,,,,,,,,,,,,,,,,,,,,,,,,,,,,,"19,862,762.262",,,"13,174,440.708","15,974,170.683",,,"15,824,400.92","18,457,048.093"
DilutedNIAvailtoComStockholders,"469,000,000","79,000,000","20,000,000","65,000,000","306,000,000","92,000,000","-241,996,000","-127,990,000","-279,616,000","-248,288,000","-167,698,000","103,563,000","4,856,000","40,254,000","-101,999,000","22,299,000","161,496,000","-103,146,000","79,729,000","-803,614,000","-289,901,000","-54,790,000","233,318,000","-1,903,000","72,696,000","-92,774,000","82,356,000","7,133,000","-116,890,000","-29,163,011.815","-122,173,799.494","51,155,974.013","82,914,949.93","103,189,382.478","7,244,437.146","43,387,264.361","87,507,805.995","95,715,090.667","89,558,045.995","62,806,075.936","80,818,848.194","76,871,256.487","52,512,806.938","79,434,454.284","66,837,495.476","30,933,555.474","-68,985,059.123","-17,978,140.587","42,468,440.805","39,521,271.597","-59,334,400.944","19,333,723.825","31,003,423.312","95,385,737.977"
BasicEPS,,"0.39","0.1","0.32","1.49","0.45","-1.18","-0.62","-1.37","-1.21","-0.82","0.51","0.02","0.2","-0.5","0.11","0.79","-0.51",,"-3.95","-1.43","-0.27","1.15","-0.01","0.36","-0.46",,"0.04","-0.59","-0.173",,"0.292","0.478","0.591",,"0.243","0.507","0.551",,"0.36","0.468","0.44",,"0.462","0.391","0.184",,"-0.109","0.256","0.242",,"0.132","0.21","0.637"
DilutedEPS,,"0.39","0.1","0.31","1.49","0.44","-1.18","-0.62","-1.37","-1.21","-0.82","0.51","0.02","0.2","-0.5","0.11","0.79","-0.51",,"-3.95","-1.43","-0.27","1.15","-0.01","0.36","-0.46",,"0.04","-0.59","-0.173",,"0.292","0.478","0.591",,"0.243","0.507","0.551",,"0.36","0.468","0.44",,"0.462","0.391","0.184",,"-0.109","0.256","0.242",,"0.132","0.21","0.637"
BasicAverageShares,,"203,743,000","204,673,000","205,188,000","205,096,000","204,857,000","204,857,000","204,857,000","204,748,000","204,435,000","204,435,000","204,435,000","204,407,000","204,300,000","204,307,000","204,219,000","204,118,000","203,597,000",,"203,489,000","202,946,000","202,479,000","202,324,000","202,029,000","201,229,000","200,449,000",,"199,480,000","197,149,000","168,312,500",,"175,282,609","173,642,857","174,486,047",,"178,627,778","172,466,667","173,818,605",,"174,692,857","172,535,135","174,621,212",,"172,017,647","170,992,593","168,100,000",,"164,900,000","165,966,667","163,550,000",,"146,700,000","147,320,000","149,785,417"
DilutedAverageShares,,"205,166,000","206,996,000","206,899,000","205,096,000","206,504,000","204,857,000","204,857,000","204,748,000","204,435,000","204,435,000","204,528,000","204,412,000","204,742,000","204,307,000","204,344,000","204,516,000","203,597,000",,"203,489,000","202,946,000","202,479,000","203,146,000","202,029,000","201,565,000","200,449,000",,"200,825,000","197,149,000","168,312,500",,"175,282,609","173,642,857","174,486,047",,"178,627,778","172,466,667","173,818,605",,"174,692,857","172,535,135","174,621,212",,"172,017,647","170,992,593","168,100,000",,"164,900,000","165,966,667","163,550,000",,"146,700,000","147,320,000","149,785,417"
TotalOperatingIncomeAsReported,"894,000,000","252,000,000","186,000,000","212,000,000","244,000,000","260,000,000","55,418,000","128,502,000","-94,106,000","-197,279,000","81,379,000","153,882,000","223,715,000","178,152,000","40,891,000","200,028,000","209,077,000","196,995,000","193,913,000","-556,098,000","191,872,000","119,221,000","137,986,000","163,832,000","170,721,000","187,897,000","131,560,000","130,039,000","115,500,000","161,649,502.399","93,054,574.348","169,015,835.956","212,853,010.996","248,718,195.571","157,644,482.874","138,085,471.008","210,068,432.556","245,298,893.556","184,385,740.73","172,669,842.452","193,709,250.655","226,168,909.996","125,741,145.501","175,753,789.319","202,737,604.054","215,552,198.345","49,842,372.014","152,109,624.138","134,520,154.019","158,533,474.741","19,015,481.941","123,341,631.278","148,860,766.597","205,899,834.163"
TotalExpenses,"3,225,000,000","800,000,000","857,000,000","773,000,000","795,000,000","755,000,000","502,759,000","853,106,000","688,161,000","841,474,000","1,075,289,000","983,213,000","1,036,484,000","966,764,000","1,099,507,000","951,504,000","990,121,000","1,007,945,000","1,142,587,000","1,052,103,000","1,016,169,000","1,024,096,000","1,145,648,000","1,091,930,000","1,105,958,000","1,084,246,000","1,137,007,000","1,074,003,000","1,158,762,000","702,096,531.41","736,100,146.364","758,991,472.947","813,413,735.709","825,759,867.969","970,899,345.653","847,207,416.303","783,957,379.267","776,009,117.918","969,045,900.921","777,736,546.783","746,588,765.524","814,693,915.665","819,310,433.701","830,500,624.762","814,865,001.81","775,713,720.95","688,541,327.944","600,460,628.526","562,914,899.839","572,645,625.529","659,517,239.585","599,368,868.063","575,571,019.698","566,567,164.179"
NetIncomeFromContinuingAndDiscontinuedOperation,"469,000,000","79,000,000","20,000,000","65,000,000","306,000,000","92,000,000","-241,996,000","-127,990,000","-279,616,000","-248,288,000","-167,698,000","103,563,000","4,856,000","40,254,000","-101,999,000","22,299,000","161,496,000","-103,146,000","79,729,000","-803,614,000","-289,901,000","-54,790,000","233,318,000","-1,903,000","72,696,000","-92,774,000","82,356,000","7,133,000","-116,890,000","-29,163,011.815","-122,173,799.494","51,155,974.013","82,914,949.93","103,189,382.478","7,244,437.146","43,387,264.361","87,507,805.995","95,715,090.667","89,558,045.995","62,806,075.936","80,818,848.194","76,871,256.487","52,512,806.938","79,434,454.284","66,837,495.476","50,796,317.736","-68,985,059.123","-17,978,140.587","55,642,881.513","55,495,442.28","4,000,174.103","19,333,723.825","46,827,824.233","113,842,786.07"
NormalizedIncome,"114,200,000","77,071,428.571","22,190,000","59,876,000","-32,300,000","-24,850,000","-166,577,470","-9,441,830","-166,347,903.354","-83,570,800","-22,798,840","23,057,664","-2,623,580","4,836,369.225","-33,643,260","10,030,620","27,851,138.224","-31,086,970","120,767,800","18,073,664.992","-150,791,600","-14,298,152.362","126,296,000","16,715,600","25,078,800","62,635,500.1","48,353,966.836","7,987,400","-45,992,800","-28,163,694.054","-101,315,167.238","50,246,231.347","82,409,479.113","104,228,166.69","14,596,499.603","44,020,974.648","84,145,503.747","98,571,035.242","93,002,704.334","65,503,524.608","76,027,927.939","82,800,448.221","43,115,811.458","53,844,257.619","66,638,002.172","82,298,732.104","34,739,750.207","53,863,059.019","57,064,568.407","55,230,168.213","56,787,917.913","31,610,733.925","46,599,837.252","113,381,409.709"
InterestIncome,"9,000,000","3,000,000",,,,"3,000,000","3,046,000","4,539,000","6,664,000",,,"4,326,000","2,699,000","2,960,000","4,632,000","3,249,000","3,351,000","2,999,000","2,444,000","2,906,000","2,460,000","2,626,000","2,553,000","3,240,000","2,754,000","4,293,000","4,765,000","4,797,000","7,506,000","602,103.029","1,533,494.836","823,520.455","1,165,106.824","1,092,009.352","1,372,014.319","1,290,026.583","948,428.393","909,230.612","893,431.986","487,923.884","887,465.343","1,012,499.5","1,388,404.724","984,679.741","784,654.361","650,890.916","1,308,447.52","707,296.465","982,112.395","949,133.429","1,139,508.54","1,175,867.623","1,212,189.236","1,257,711.443"
InterestExpense,"333,000,000","79,000,000","91,000,000","79,000,000","91,000,000","97,000,000","115,588,000","101,023,000","102,263,000","100,662,000","113,935,000","106,877,000","106,559,000","106,029,000","108,298,000","106,802,000","106,239,000","110,279,000","114,405,000","113,711,000","115,984,000","114,799,000","115,520,000","117,618,000","117,715,000","118,415,000","124,222,000","121,844,000","122,418,000","87,993,675.752","71,683,691.359","73,358,034.717","55,659,090.289","55,834,135.607","61,707,212.019","54,683,093.365","52,693,068.276","51,380,493.802","55,075,053.386","49,056,894.493","49,767,689.172","52,842,068.754","46,871,187.71","57,194,273.918","60,774,520.449","58,928,924.406","56,516,486.453","58,077,352.885","51,814,349.076","55,388,043.872","51,017,236.341","51,660,565.236","50,555,586.733","55,848,756.219"
NetInterestIncome,"-324,000,000","-76,000,000","-78,000,000","-79,000,000","-91,000,000","-94,000,000","-100,632,000","-101,023,000","-95,599,000","-100,662,000","-100,649,000","-102,551,000","-104,939,000","-103,069,000","-158,573,000","-103,553,000","-132,758,000","-107,280,000","-143,554,000","-110,805,000","-113,524,000","-112,173,000","-118,187,000","-114,378,000","-114,961,000","-114,122,000","-237,334,000","-117,047,000","-114,912,000","-87,391,572.723","-155,436,445.854","-72,534,514.263","-54,493,983.465","-54,742,126.255","-60,335,197.701","-53,393,066.782","-51,744,639.883","-50,471,263.19","-54,181,621.401","-48,568,970.609","-48,880,223.829","-51,829,569.254","-45,482,782.986","-56,209,594.176","-59,989,866.088","-58,278,033.491","-55,208,038.932","-57,370,056.42","-50,832,236.682","-54,438,910.443","-49,877,727.801","-50,484,697.613","-49,343,397.497","-54,591,044.776"
EBIT,"757,000,000","261,000,000","202,000,000","217,000,000","84,000,000","383,000,000","-78,734,000","-27,932,000","-191,200,000","-130,305,000","-11,863,000","281,968,000","208,846,000","239,216,000","68,579,000","207,137,000","353,670,000","106,280,000","136,983,000","-680,520,000","-52,166,000","77,677,000","359,485,000","148,836,000","261,052,000","23,308,000","241,187,000","144,176,000","21,682,000","40,205,538.048","10,640,772.077","167,713,937.671","207,334,442.959","245,853,390.18","150,924,601.1","135,593,128.854","211,128,746.878","239,911,382.031","181,572,051.88","169,735,879.098","202,144,602.413","218,058,242.066","127,566,296.939","216,108,002.39","203,432,500.905","163,663,061.588","-6,151,637.961","53,348,415.056","152,734,317.883","159,312,113.198","740,861.087","105,119,343.974","131,371,008.474","220,837,147.595"
EBITDA,"1,485,000,000"
ReconciledCostOfRevenue,"2,167,000,000","550,000,000","576,000,000","515,000,000","526,000,000","514,000,000","260,272,000","622,634,000","483,867,000","612,926,000","770,912,000","711,840,000","755,384,000","695,512,000","796,070,000","694,122,000","730,087,000","721,409,000","863,177,000","775,605,000","755,102,000","738,630,000","820,889,000","761,937,000","782,472,000","770,539,000","805,755,000","761,351,000","809,899,000","604,599,157.489","640,537,484.429","664,532,470.604","701,432,182.881","700,386,466.786","844,309,500.61","714,246,635.052","674,936,670.49","666,491,650.446","1,439,496,701.198","464,925,141.113","449,563,883.994","500,586,956.232","1,290,450,374.412","532,483,209.733","496,383,710.733","466,098,607.856","404,885,699.013","306,682,538.913","326,495,978.73","322,145,551.692","400,114,212.689","322,564,103.394","306,445,400.064","305,773,797.678"
ReconciledDepreciation,"728,000,000","172,000,000","182,000,000","186,000,000","188,000,000","186,000,000","195,626,000","222,431,000","191,000,000","218,642,000","191,005,000","226,675,000","173,057,000","173,415,000","189,001,000","177,561,000","172,419,000","166,479,000","195,363,000","202,744,000","196,171,000","208,162,000","212,022,000","218,492,000","227,941,000","224,014,000","233,888,000",,,"129,921,055.196","129,725,007.9","126,443,064.874","145,536,356.506","152,680,511.622","168,734,506.473","163,594,864.402","142,838,881.134","138,454,051.839","161,707,571.247","146,331,776.492","127,039,187.32","141,431,106.012","132,701,304.151","124,564,380.858","154,695,550.94","143,629,458.109","141,093,658.845","142,244,932.536","95,015,450.816","105,933,762.032","110,156,590.861","127,648,226.376","124,482,261.421","111,953,565.506"
NetIncomeFromContinuingOperationNetMinorityInterest,"65,000,000","79,000,000","20,000,000","65,000,000","-98,000,000","81,000,000","-278,677,000","-127,990,000","-279,616,000","-248,288,000","-167,698,000","103,563,000","4,856,000","40,254,000","-101,999,000","22,299,000","161,496,000","-103,146,000","79,729,000","-803,614,000","-289,901,000","-54,790,000","233,318,000","-1,903,000","72,696,000","-92,774,000","82,356,000","7,133,000","-116,890,000","-29,163,011.815","-122,173,799.494","51,155,974.013","82,914,949.93","103,189,382.478","7,244,437.146","43,387,264.361","87,507,805.995","95,715,090.667","89,558,045.995","62,806,075.936","80,818,848.194","76,871,256.487","52,512,806.938","79,434,454.284","66,837,495.476","50,796,317.736","-68,985,059.123","-17,978,140.587","55,642,881.513","55,495,442.28","4,000,174.103","19,333,723.825","46,827,824.233","113,842,786.07"
TotalUnusualItemsExcludingGoodwill,"-82,000,000","3,000,000","-3,000,000","7,000,000","-90,000,000","145,000,000","-153,561,000","-149,305,000","-117,813,000","-225,640,000","-198,492,000","107,916,000","10,246,000","58,602,000","-93,638,000","16,806,000","169,406,000","-98,711,000","-68,398,000","-842,722,000","-231,849,000","-56,104,000","178,370,000","-31,031,000","79,362,000","-170,974,000","43,281,000","-1,424,000","-118,162,000","-1,665,529.602","-32,090,203.47","1,399,604.101","777,647.412","-1,598,129.556","-11,310,865.319","-979,664.539","5,172,772.689","-4,393,760.885","-4,386,294.81","-4,149,921.033","7,370,646.546","-9,121,833.438","13,989,122.746","39,369,533.33","306,912.776","-48,465,252.873","-118,558,724.849","-99,437,161.002","-2,187,210.606","408,113.95","-81,211,913.554","-18,743,593.498","350,749.2","668,656.716"
TotalUnusualItems,"-82,000,000","3,000,000","-3,000,000","7,000,000","-90,000,000","145,000,000","-153,561,000","-149,305,000","-117,813,000","-225,640,000","-198,492,000","107,916,000","10,246,000","58,602,000","-93,638,000","16,806,000","169,406,000","-98,711,000","-68,398,000","-842,722,000","-231,849,000","-56,104,000","178,370,000","-31,031,000","79,362,000","-170,974,000","43,281,000","-1,424,000","-118,162,000","-1,665,529.602","-32,090,203.47","1,399,604.101","777,647.412","-1,598,129.556","-11,310,865.319","-979,664.539","5,172,772.689","-4,393,760.885","-4,386,294.81","-4,149,921.033","7,370,646.546","-9,121,833.438","13,989,122.746","39,369,533.33","306,912.776","-48,465,252.873","-118,558,724.849","-99,437,161.002","-2,187,210.606","408,113.95","-81,211,913.554","-18,743,593.498","350,749.2","668,656.716"
NormalizedEBITDA,"1,567,000,000","430,000,000","387,000,000","396,000,000","362,000,000","424,000,000","270,453,000","343,804,000","117,613,000","313,977,000","377,634,000","400,727,000","371,657,000","354,029,000","351,218,000","367,892,000","356,683,000","371,470,000","400,744,000","364,946,000","375,854,000","341,943,000","393,137,000","398,359,000","409,631,000","418,296,000","431,794,000","145,600,000","139,844,000","171,792,122.846","172,455,983.448","313,579,839.61","353,287,947.829","400,132,031.357","330,969,972.891","300,167,657.795","348,794,855.322","382,759,194.755","347,665,917.937","320,217,576.623","328,991,378.546","368,611,181.516","246,278,478.344","319,750,638.344","357,821,139.068","355,757,772.569","253,500,745.734","295,030,508.595","259,719,988.302","264,837,761.28","192,286,551.034","251,511,163.848","255,502,520.694","332,122,056.385"
TaxRateForCalcs,"0.4","0.357","0.27","0.268","0.27","0.27","0.27","0.206","0.039","0.27","0.27","0.254","0.27","0.396","0.27","0.27","0.211","0.27","0.4","0.025","0.4","0.278","0.4","0.4","0.4","0.091","0.214","0.4","0.4","0.4","0.35","0.35","0.35","0.35","0.35","0.353","0.35","0.35","0.215","0.35","0.35","0.35","0.328","0.35","0.35","0.35","0.125","0.278","0.35","0.35","0.35","0.345","0.35","0.31"
TaxEffectOfUnusualItems,"-32,800,000","1,071,428.571","-810,000","1,876,000","-24,300,000","39,150,000","-41,461,470","-30,756,830","-4,544,903.354","-60,922,800","-53,592,840","27,410,664","2,766,420","23,184,369.225","-25,282,260","4,537,620","35,761,138.224","-26,651,970","-27,359,200","-21,034,335.008","-92,739,600","-15,612,152.362","71,348,000","-12,412,400","31,744,800","-15,564,499.9","9,278,966.836","-569,600","-47,264,800","-666,211.841","-11,231,571.215","489,861.435","272,176.594","-559,345.345","-3,958,802.862","-345,954.252","1,810,470.441","-1,537,816.31","-941,636.471","-1,452,472.362","2,579,726.291","-3,192,641.703","4,592,127.265","13,779,336.665","107,419.472","-16,962,838.506","-14,833,915.519","-27,595,961.396","-765,523.712","142,839.882","-28,424,169.744","-6,466,583.398","122,762.22","207,280.356"