name,ttm,03/31/2022,12/31/2021,09/30/2021,06/30/2021,03/31/2021,12/31/2020,09/30/2020,06/30/2020,03/31/2020,12/31/2019,09/30/2019,06/30/2019,03/31/2019,12/31/2018,09/30/2018,06/30/2018,03/31/2018,12/31/2017,09/30/2017,06/30/2017,03/31/2017,12/31/2016,09/30/2016,06/30/2016,03/31/2016,12/31/2015,09/30/2015,06/30/2015,03/31/2015,12/31/2014,09/30/2014,06/30/2014,03/31/2014,12/31/2013,09/30/2013,06/30/2013,03/31/2013,12/31/2012,09/30/2012,06/30/2012,03/31/2012,12/31/2011,09/30/2011,06/30/2011,03/31/2011,12/31/2010,09/30/2010,06/30/2010,03/31/2010,12/31/2009,09/30/2009,06/30/2009,03/31/2009,12/31/2008,09/30/2008,06/30/2008,03/31/2008,12/31/2007,09/30/2007,06/30/2007,03/31/2007,12/31/2006,09/30/2006,06/30/2006,03/31/2006,12/31/2005,09/30/2005,06/30/2005,03/31/2005,12/31/2004,09/30/2004,06/30/2004,01/31/2004,12/31/2003,09/30/2003,06/30/2003,03/31/2003,12/31/2002,09/30/2002,06/30/2002,03/31/2002,12/31/2001,09/30/2001,06/30/2001,03/31/2001,12/31/2000,09/30/2000,06/30/2000,03/31/2000,12/31/1999,09/30/1999,06/30/1999,03/31/1999,12/31/1998,09/30/1998,06/30/1998,03/31/1998,12/31/1997,09/30/1997,06/30/1997,03/31/1997,12/31/1996,09/30/1996,06/30/1996,03/31/1996,12/31/1995,09/30/1995,06/30/1995,03/31/1995,12/31/1994,09/30/1994,06/30/1994,03/31/1994,12/31/1993,09/30/1993,06/30/1993,03/31/1993,12/31/1992,09/30/1992,06/30/1992,03/31/1992,12/31/1991,09/30/1991,06/30/1991,03/31/1991,12/31/1990,09/30/1990,06/30/1990,03/31/1990,12/31/1989,09/30/1989,06/30/1989,03/31/1989,12/31/1988,09/30/1988,06/30/1988,03/31/1988,12/31/1987,09/30/1987,06/30/1987,03/31/1987,12/31/1986,09/30/1986,06/30/1986,03/31/1986,12/31/1985,09/30/1985
TotalRevenue,"723,665,000","213,209,000","178,459,000","171,258,000","160,739,000","138,999,000","119,605,000","138,231,000","121,959,000","114,859,000","97,569,000","113,403,000","126,252,000","111,948,000","104,110,000","121,371,000","126,688,000","107,417,000","97,741,000","96,886,000","96,938,000","101,159,000","93,888,000","103,113,000","115,629,000","107,414,000","92,391,000","118,093,000","117,016,000","101,767,000","110,628,000","117,097,000","113,227,000","91,436,000","87,218,000","98,190,000","96,946,000","82,873,000","85,887,000","97,865,000","93,598,000","87,029,000","84,811,000","99,091,000","98,579,000","86,933,000","52,306,000","56,161,000","61,956,000","52,268,000","41,201,000","61,070,000","56,963,000","50,404,000","61,799,000","106,290,000","104,332,000","77,260,000","65,980,000","74,358,000","78,966,000","74,766,000","69,716,000","82,483,000","91,644,000","88,979,000","83,534,000","94,798,000","94,420,000","81,654,000","74,664,000","105,839,000","96,835,000","73,823,000","56,135,000","59,978,000","59,427,000","45,923,000","46,797,000","59,296,000","64,124,000","64,900,000","62,714,000","77,607,000","82,418,000","70,834,000","68,939,000","86,970,000","90,922,000","78,822,000","58,571,000","69,892,000","72,700,000","66,200,000","62,300,000","73,947,000","69,300,000","63,000,000","60,000,000","70,525,000","68,100,000","65,300,000","58,800,000","72,470,000","73,000,000","63,800,000","57,500,000","66,344,000","69,400,000","66,000,000","58,600,000","68,600,000","71,500,000","56,300,000","50,600,000","63,300,000","63,200,000","65,300,000","53,900,000","63,400,000","60,000,000","62,700,000","53,500,000","62,700,000","65,900,000","58,400,000","53,300,000","61,800,000","67,700,000","66,800,000","55,700,000","48,300,000","50,600,000","53,200,000","45,200,000","51,400,000","52,700,000","44,100,000","54,000,000","47,500,000","48,400,000","43,300,000","39,400,000","36,600,000","23,800,000","20,400,000","19,700,000","22,600,000"
	OperatingRevenue,"723,665,000","213,209,000","178,459,000","171,258,000","160,739,000","138,999,000","119,605,000","138,231,000","121,959,000","114,859,000","97,569,000","113,403,000","126,252,000","111,948,000","104,110,000","121,371,000","126,688,000","107,417,000","97,741,000","96,886,000","96,938,000","101,159,000","93,888,000","103,113,000","115,629,000","107,414,000","92,391,000","118,093,000","117,016,000","101,767,000","110,628,000","117,097,000","113,227,000","91,436,000","87,218,000","98,190,000","96,946,000","82,873,000","85,887,000","97,865,000","93,598,000","87,029,000","84,811,000","99,091,000","98,579,000","86,933,000","52,306,000","56,161,000","61,956,000","52,268,000","41,201,000","61,070,000","56,963,000","50,404,000","61,799,000","106,290,000","104,332,000","77,260,000","65,980,000","74,358,000","78,966,000","74,766,000","69,716,000","82,483,000","91,644,000","88,979,000","83,534,000","94,798,000","94,420,000","81,654,000","74,664,000","105,839,000","96,835,000","73,823,000","56,135,000","59,978,000","59,427,000","45,923,000","46,797,000","59,296,000","64,124,000","64,900,000","62,714,000","77,607,000","82,418,000","70,834,000","68,939,000","86,970,000","90,922,000","78,822,000","58,571,000","69,892,000","72,700,000","66,200,000","62,300,000","73,947,000","69,300,000","63,000,000","60,000,000","70,525,000","68,100,000","65,300,000","58,800,000","72,470,000","73,000,000","63,800,000","57,500,000","66,344,000","69,400,000","66,000,000","58,600,000","68,600,000","71,500,000","56,300,000","50,600,000","63,300,000","63,200,000","65,300,000","53,900,000","63,400,000","60,000,000","62,700,000","53,500,000","62,700,000","65,900,000","58,400,000","53,300,000","61,800,000","67,700,000","66,800,000","55,700,000","48,300,000","50,600,000","53,200,000","45,200,000","51,400,000","52,700,000","44,100,000","54,000,000","47,500,000","48,400,000","43,300,000","39,400,000","36,600,000","23,800,000","20,400,000","19,700,000","22,600,000"
CostOfRevenue,"552,763,000","156,140,000","136,095,000","131,339,000","129,189,000","108,771,000","99,754,000","118,769,000","107,154,000","99,576,000","91,332,000","109,575,000","118,016,000","104,927,000","93,134,000","101,827,000","102,502,000","92,001,000","86,080,000","85,085,000","80,262,000","82,865,000","80,878,000","80,510,000","88,082,000","88,799,000","75,968,000","96,199,000","101,322,000","93,065,000","98,585,000","103,248,000","98,964,000","79,830,000","78,163,000","89,511,000","86,036,000","71,822,000","77,294,000","91,964,000","87,194,000","81,535,000","80,152,000","91,345,000","86,050,000","75,330,000","52,441,000","53,821,000","54,266,000","46,049,000","39,459,000","51,935,000","52,889,000","55,323,000","66,075,000","76,827,000","73,447,000","61,473,000","55,360,000","61,631,000","61,614,000","62,408,000","56,092,000","64,190,000","73,158,000","72,665,000","66,903,000","79,569,000","76,632,000","69,937,000","60,941,000","81,070,000","64,139,000","57,297,000","48,787,000","52,925,000","52,925,000","42,222,000","42,766,000","52,944,000","56,457,000","59,903,000","57,646,000","70,678,000","74,049,000","67,756,000","66,024,000","81,172,000","80,129,000","69,528,000","52,454,000","67,545,000","59,600,000","54,700,000","53,500,000","74,194,000","63,200,000","59,400,000","56,000,000","71,873,000","60,300,000","58,600,000","53,100,000","71,805,000","63,300,000","56,700,000","52,600,000","68,737,000","60,700,000","57,100,000","51,900,000","62,000,000","62,900,000","49,700,000","45,600,000","55,100,000","55,700,000","58,600,000","48,600,000","56,400,000","52,900,000","57,800,000","47,700,000","55,900,000","59,400,000","53,400,000","48,500,000","56,100,000","62,200,000","60,100,000",,,,,,,,,,,,,,,,,,
GrossProfit,"170,902,000","57,069,000","42,364,000","39,919,000","31,550,000","30,228,000","19,851,000","19,462,000","14,805,000","15,283,000","6,237,000","3,828,000","8,236,000","7,021,000","10,976,000","19,544,000","24,186,000","15,416,000","11,661,000","11,801,000","16,676,000","18,294,000","13,010,000","22,603,000","27,547,000","18,615,000","16,423,000","21,894,000","15,694,000","8,702,000","12,043,000","13,849,000","14,263,000","11,606,000","9,055,000","8,679,000","10,910,000","11,051,000","8,593,000","5,901,000","6,404,000","5,494,000","4,659,000","7,746,000","12,529,000","11,603,000","-135,000","2,340,000","7,690,000","6,219,000","1,742,000","9,047,000","1,176,000","-21,040,000","-4,276,000","29,463,000","30,885,000","15,787,000","10,620,000","12,727,000","17,352,000","12,358,000","13,624,000","18,293,000","18,486,000","16,314,000","16,631,000","15,229,000","17,788,000","11,717,000","13,723,000","24,769,000","32,696,000","16,526,000","7,348,000","7,053,000","6,502,000","3,701,000","4,031,000","6,352,000","7,667,000","4,997,000","5,068,000","6,929,000","8,369,000","3,078,000","2,915,000","5,798,000","10,793,000","9,294,000","6,117,000","2,347,000","13,100,000","11,500,000","8,800,000","-247,000","6,100,000","3,600,000","4,000,000","-1,348,000","7,800,000","6,700,000","5,700,000","665,000","9,700,000","7,100,000","4,900,000","-2,393,000","8,700,000","8,900,000","6,700,000","6,600,000","8,600,000","6,600,000","5,000,000","8,200,000","7,500,000","6,700,000","5,300,000","7,000,000","7,100,000","4,900,000","5,800,000","6,800,000","6,500,000","5,000,000","4,800,000","5,700,000","5,500,000","6,700,000",,,,,,,,,,,,,,,,,,
OperatingExpense,"32,988,000","7,202,000","12,281,000","7,321,000","6,184,000","10,330,000","8,553,000","9,308,000","6,694,000","9,602,000","5,744,000","5,898,000","5,516,000","6,556,000","6,534,000","7,525,000","7,541,000","7,475,000","5,763,000","5,973,000","6,216,000","7,055,000","6,264,000","7,788,000","6,849,000","7,636,000","6,335,000","7,770,000","6,427,000","5,975,000","5,652,000","6,463,000","6,219,000","5,984,000","4,705,000","5,222,000","5,373,000","5,245,000","4,842,000","5,003,000","4,835,000","4,906,000","4,167,000","2,452,000","4,947,000","5,291,000","6,918,000","5,270,000","4,317,000","4,182,000","3,742,000","4,126,000","4,016,000","4,368,000","4,733,000","4,875,000","4,496,000","5,165,000","4,087,000","4,545,000","4,202,000","4,593,000","4,243,000","4,458,000","3,965,000","4,497,000","4,162,000","4,527,000","3,712,000","3,929,000","4,214,000","4,020,000","3,331,000","4,290,000","3,633,000","2,536,000","3,069,000","2,977,000","2,759,000","2,447,000","3,007,000","2,784,000","3,322,000","3,076,000","3,771,000","4,863,000","5,435,000","5,017,000","5,429,000","4,827,000","4,095,000","-2,271,000","7,100,000","6,900,000","5,800,000","-2,890,000","5,200,000","5,600,000","5,500,000","-3,205,000","5,200,000","5,200,000","5,600,000","-2,862,000","5,900,000","5,300,000","5,100,000","-3,136,000","5,500,000","5,500,000","5,200,000","5,100,000","5,300,000","5,000,000","4,600,000","4,900,000","5,100,000","4,800,000","4,300,000","5,000,000","4,900,000","3,800,000","4,900,000","5,200,000","5,200,000","4,700,000","4,000,000","3,800,000","3,100,000","4,600,000",,,,,,,,,,,,,,,,,,
	SellingGeneralAndAdministration,"32,988,000","7,202,000","12,281,000","7,321,000","6,184,000","10,330,000","8,553,000","9,308,000","6,694,000","9,602,000","5,744,000","5,898,000","5,516,000","6,556,000","6,534,000","7,525,000","7,541,000","7,475,000","5,763,000","5,973,000","6,216,000","7,055,000","6,264,000","7,788,000","6,849,000","7,636,000","6,335,000","7,770,000","6,427,000","5,975,000","5,652,000","6,463,000","6,219,000","5,984,000","4,705,000","5,222,000","5,373,000","5,245,000","4,842,000","4,578,000","4,835,000","4,906,000","4,592,000","2,452,000","4,947,000","5,291,000","6,918,000","5,270,000","4,317,000","4,182,000","3,742,000","4,126,000","4,016,000","4,368,000","4,733,000","4,875,000","4,496,000","5,165,000","4,087,000","4,545,000","4,202,000","4,593,000","4,243,000","4,458,000","3,965,000","4,497,000","4,162,000","4,527,000","3,712,000","3,929,000","4,214,000","4,020,000","3,331,000","4,290,000","3,633,000","2,536,000","3,069,000","2,977,000","2,759,000","2,447,000","3,007,000","2,784,000","3,322,000","3,076,000","3,771,000","4,863,000","5,435,000","5,017,000","5,429,000","4,827,000","4,095,000","4,529,000","4,800,000","4,600,000","3,600,000","3,910,000","3,100,000","3,300,000","3,100,000","3,095,000","3,200,000","3,200,000","3,300,000","3,338,000","3,800,000","3,300,000","3,000,000","2,864,000","3,500,000","3,500,000","3,200,000","3,500,000","3,500,000","3,200,000","2,700,000","3,700,000","3,500,000","3,200,000","2,600,000","3,300,000","3,200,000","3,800,000","3,200,000","3,500,000","3,500,000","3,100,000","2,300,000","2,000,000","3,100,000","3,100,000",,,,,,,,,,,,,,,,,,
		GeneralAndAdministrativeExpense,,,,,,,,,,,,,"5,516,000","6,556,000","6,534,000","7,525,000","7,541,000","7,475,000","5,763,000","5,973,000","6,216,000","7,055,000","6,264,000","7,788,000","6,849,000","7,636,000","6,335,000","7,770,000","6,427,000","5,975,000","5,652,000","6,463,000","6,219,000","5,984,000","4,705,000","5,222,000","5,373,000","5,245,000","4,842,000",,,,,,,,,,,,,,,,,,,,,,,,,,,,,,,,,,,,,,,,,,,,,,,,,,,,,,,,,,,,,,,,,,,,,,,,,,,,,,,,,,,,,,,,,,,,,,,,,,,,,,,,,,,,,
			SalariesAndWages,,,,,,,,,,,,,,,,,,,,"0",,,,"2,539,000",,,,,,,,,,,,,,,,,,,,,,,,,,,,,,,,,,,,,,,,,,,,,,,,,,,,,,,,,,,,,,,,,,,,,,,,,,,,,,,,,,,,,,,,,,,,,,,,,,,,,,,,,,,,,,,,,,,,,,,,,,,,
			OtherGandA,,,,,,,,,,,,,"5,516,000","6,556,000","6,534,000","7,525,000","7,541,000","7,475,000","5,763,000","5,973,000","6,216,000","7,055,000","6,264,000","5,249,000","6,849,000","7,636,000","6,335,000","7,770,000","6,427,000","5,975,000","5,652,000","6,463,000","6,219,000","5,984,000","4,705,000","5,222,000","5,373,000","5,245,000","4,842,000",,,,,,,,,,,,,,,,,,,,,,,,,,,,,,,,,,,,,,,,,,,,,,,,,,,,,,,,,,,,,,,,,,,,,,,,,,,,,,,,,,,,,,,,,,,,,,,,,,,,,,,,,,,,,
	DepreciationAmortizationDepletionIncomeStatement,,,,,,,,,,,,,,,,,,,,,,,,,,,,,,,,,,,,,,,,,,,,,,,,,,,,,,,,,,,,,,,,,,,,,,,,,,,,,,,,,,,,,,,,,,,,,"2,300,000","2,300,000","2,200,000",,"2,100,000","2,300,000","2,400,000",,"2,000,000","2,000,000","2,300,000",,"2,100,000","2,000,000","2,100,000",,"2,000,000","2,000,000","2,000,000","1,600,000","1,800,000","1,800,000","1,900,000","1,200,000","1,600,000","1,600,000","1,700,000","1,700,000","1,700,000",,"1,700,000","1,700,000","1,700,000","1,600,000","1,700,000","1,800,000",,"1,500,000",,,,,,,,,,,,,,,,,,
		DepreciationAndAmortizationInIncomeStatement,,,,,,,,,,,,,,,,,,,,,,,,,,,,,,,,,,,,,,,,,,,,,,,,,,,,,,,,,,,,,,,,,,,,,,,,,,,,,,,,,,,,,,,,,,,,,"2,300,000","2,300,000","2,200,000",,"2,100,000","2,300,000","2,400,000",,"2,000,000","2,000,000","2,300,000",,"2,100,000","2,000,000","2,100,000",,"2,000,000","2,000,000","2,000,000","1,600,000","1,800,000","1,800,000","1,900,000","1,200,000","1,600,000","1,600,000","1,700,000","1,700,000","1,700,000",,"1,700,000","1,700,000","1,700,000","1,600,000","1,700,000","1,800,000",,"1,500,000",,,,,,,,,,,,,,,,,,
			DepreciationIncomeStatement,,,,,,,,,,,,,,,,,,,,,,,,,,,,,,,,,,,,,,,,,,,,,,,,,,,,,,,,,,,,,,,,,,,,,,,,,,,,,,,,,,,,,,,,,,,,,"2,300,000","2,300,000","2,200,000",,"2,100,000","2,300,000","2,400,000",,"2,000,000","2,000,000","2,300,000",,"2,100,000","2,000,000","2,100,000",,"2,000,000","2,000,000","2,000,000","1,600,000","1,800,000","1,800,000","1,900,000","1,200,000","1,600,000","1,600,000","1,700,000","1,700,000","1,700,000",,"1,700,000","1,700,000","1,700,000","1,600,000","1,700,000","1,800,000",,"1,500,000",,,,,,,,,,,,,,,,,,
	OtherOperatingExpenses,,,,,,,,,,,,,,,,,,,,,,,,,,,,,,,,,,,,,,,,,,,"-425,000",,,"768,000","2,750,000",,,,,,,,,,,,,,,,,,,,,,,,,,,,,,,,,,,,,,,,,,,,,,,,,,,,,,,,,,,,,,,,,,,,,,,,,,,,,,,,,,,,,,,,,,,,,,,,,,,,,
OperatingIncome,"137,914,000","49,867,000","30,083,000","32,598,000","25,366,000","19,898,000","11,298,000","10,154,000","8,111,000","5,681,000","493,000","-2,070,000","2,720,000","465,000","4,442,000","12,019,000","16,645,000","7,941,000","5,898,000","5,828,000","10,460,000","11,239,000","6,746,000","14,815,000","20,698,000","10,979,000","10,088,000","14,124,000","9,267,000","2,727,000","6,391,000","7,386,000","8,044,000","5,622,000","4,350,000","3,457,000","5,537,000","5,806,000","3,751,000","898,000","1,569,000","588,000","492,000","5,294,000","7,582,000","6,312,000","-7,053,000","-2,930,000","3,373,000","2,037,000","-2,000,000","5,009,000","58,000","-9,287,000","-9,009,000","24,588,000","26,389,000","10,622,000","6,533,000","8,182,000","13,150,000","7,765,000","9,381,000","13,835,000","14,521,000","11,817,000","12,469,000","10,702,000","14,076,000","7,788,000","9,509,000","20,749,000","29,365,000","12,236,000","3,715,000","4,517,000","3,433,000","724,000","1,272,000","3,905,000","4,660,000","2,213,000","1,746,000","3,853,000","4,598,000","-1,785,000","-2,520,000","781,000","5,364,000","4,467,000","2,022,000","4,618,000","6,000,000","4,600,000","3,000,000","2,643,000","900,000","-2,000,000","-1,500,000","1,857,000","2,600,000","1,500,000","100,000","3,527,000","3,800,000","1,800,000","-200,000","743,000","3,200,000","3,400,000","1,500,000","1,500,000","3,300,000","1,600,000","400,000","3,300,000","2,400,000","1,900,000","1,000,000","2,000,000","2,200,000","1,100,000","900,000","1,600,000","1,300,000","300,000","800,000","1,900,000","2,400,000","2,100,000","55,700,000","-139,000,000","50,600,000","53,200,000","45,200,000","-134,200,000","52,700,000","44,100,000","54,000,000","-122,600,000","48,400,000","43,300,000","39,400,000","-55,800,000","23,800,000","20,400,000","19,700,000","-50,400,000"
NetNonOperatingInterestIncomeExpense,"-57,000","-13,000","-8,000","-17,000","-19,000","-19,000","-20,000","-7,000","-4,000","178,000","200,000","86,000","-53,000","-33,000","125,000","196,000","127,000","30,000","48,000","40,000","41,000","13,000","18,000","26,000","13,000","-8,000","-23,000","-41,000","-64,000","-110,000","-94,000","-83,000","-52,000","-56,000","-51,000","-52,000","-46,000","-51,000","-72,000","-148,000","-84,000","-117,000","-253,000","-293,000","-242,000","-247,000","-138,000","-11,000","-71,000","-133,000","-136,000","-131,000","-131,000","-182,000",,,,,,,,,,,,,,,,,,,,,,,,,,,,,,,,,,,,,,,,,,,,,,,,,,,,,,,,,,,,,,,,,,,,,,,,,,,,,,,,,,,,,,,,,,,,,,
	InterestIncomeNonOperating,"35,000","10,000","14,000","6,000","5,000","5,000","5,000","21,000","22,000","204,000","226,000","117,000","9,000","12,000","155,000","236,000","150,000","53,000","76,000","73,000","75,000","48,000","52,000","63,000","53,000","32,000","18,000","6,000","1,000","4,000","0","0","4,000","1,000","5,000","1,000","11,000","2,000",,"1,000","18,000","2,000","0","1,000","18,000","6,000","13,000","31,000","45,000","14,000","12,000","26,000","16,000","7,000",,,,,,,,,,,,,,,,,,,,,,,,,,,,,,,,,,,,,,,,,,,,,,,,,,,,,,,,,,,,,,,,,,,,,,,,,,,,,,,,,,,,,,,,,,,,,,
	InterestExpenseNonOperating,"92,000","23,000","22,000","23,000","24,000","24,000","25,000","28,000","26,000","26,000","26,000","31,000","62,000","45,000","30,000","40,000","23,000","23,000","28,000","33,000","34,000","35,000","34,000","37,000","40,000","40,000","41,000","47,000","65,000","114,000","94,000","83,000","56,000","57,000","56,000","53,000","57,000","53,000","72,000","149,000","102,000","119,000","253,000","294,000","260,000","253,000","151,000","42,000","116,000","147,000","148,000","157,000","147,000","189,000",,,,,,,,,,,,,,,,,,,,,,,,,,,,,,,,,,,,,,,,,,,,,,,,,,,,,,,,,,,,,,,,,,,,,,,,,,,,,,,,,,,,,,,,,,,,,,
OtherIncomeExpense,"-1,358,000","376,000","-42,000","-59,000","-1,633,000","-620,000","-670,000","-767,000","424,000","-318,000","25,000","-50,000","23,000","971,000","829,000","-121,000","32,000","-166,000","-19,000","-34,000","-110,000","-35,000","-38,000","-77,000","-281,000","-129,000","189,000","404,000","-946,000","1,266,000","40,000","-605,000","849,000","-228,000","32,000","-3,000","-415,000","85,000",,"399,000","-30,000","-59,000","-529,000","-3,137,000","-1,943,000","-1,657,000","-4,377,000","39,000","2,000","97,000","153,000","85,000","1,000","58,000","-9,000","-173,000","12,000","57,000","19,000","-150,000","26,000","32,000","18,000","197,000","20,000","26,000","208,000","117,000","-4,000","5,000",,"214,000","1,369,000","70,000",,,"39,000","31,000","9,000","205,000","-34,000","-12,868,000","-1,077,000","-226,000","-28,641,000","-40,000","-194,000","-54,000","-97,000","519,000","-110,000","159,000",,"-100,000","-100,000","-6,775,000",,"2,500,000",,"393,000","-200,000",,,"185,000",,"100,000",,"-48,000",,"-100,000",,,,,,,,"100,000",,"400,000","100,000","300,000","200,000","100,000","400,000","100,000","100,000","-1,100,000","300,000","200,000",,,,,,,,,,,,,,,,,,
	SpecialIncomeCharges,"-1,348,000","365,000","-47,000","-68,000","-1,598,000","-545,000","-657,000","-738,000","-816,000","-336,000",,,,,,"0","0","0","0","-31,000","-60,000","-25,000","-48,000","-32,000","-58,000","-100,000","75,000","329,000","-345,000","-333,000",,"-1,859,000",,,,"0","0","0","0","399,000","-30,000","-59,000","-529,000","-3,137,000","-1,943,000","-1,657,000","-4,377,000","39,000","2,000","97,000","153,000","85,000","1,000","58,000","-9,000","-173,000","12,000","57,000","19,000","-150,000","26,000","32,000","18,000","197,000","20,000","26,000","208,000","117,000","-4,000","5,000",,"214,000","1,369,000","70,000",,,"39,000","31,000","9,000","205,000","-34,000","-12,868,000","-1,077,000","-226,000","-28,641,000","-40,000","-194,000","-54,000","-97,000","519,000","-110,000","159,000",,"-100,000","-100,000","-6,775,000",,"2,500,000",,"393,000","-200,000",,,"185,000",,"100,000",,"-48,000",,"-100,000",,,,,,,,"100,000",,"400,000","100,000","300,000","200,000","100,000","400,000","100,000","100,000","-1,100,000","300,000","200,000",,,,,,,,,,,,,,,,,,
		RestructuringAndMergernAcquisition,"1,348,000","-365,000","47,000","68,000","1,598,000","545,000","657,000","738,000","816,000","336,000",,,,,,"0","0","0","0","31,000","60,000","25,000","48,000","32,000","58,000","100,000","-75,000","-329,000","345,000","333,000",,"1,859,000",,,,"0","0","0","0","0","30,000","203,000","599,000","3,263,000","1,970,000","2,213,000","4,390,000",,,,,,,,,,,,,,,,,,,,,,,,,,,,,,"0","0","0","32,000","23,000","12,802,000","121,000","0","28,299,000",,,,,,,,,,,,,,,,,,,,,,,,,,,,,,,,,,,,,,,,,,,,,,,,,,,,,,,,,,,,,,,
		OtherSpecialCharges,,,,,,,,,,,,,,,,,,,,,,,,,,,,,,,,,,,,,,,,"-399,000",,"-144,000","-70,000","-126,000","-27,000","-556,000","-13,000",,,,,,,,,,,,,,,,,,,,,,,,,,,,,,"-39,000","-31,000","-9,000","-237,000","11,000","66,000","956,000","226,000","342,000",,,,,,,,,,,,,,,,,,,,,,,,,,,,,,,,,,,,,,,,,,,,,,,,,,,,,,,,,,,,,,,
	OtherNonOperatingIncomeExpenses,"-10,000","11,000","5,000","9,000","-35,000","-75,000","-13,000","-29,000","1,240,000","18,000","25,000","-50,000","23,000","971,000","829,000","-121,000","32,000","-166,000","-19,000","-3,000","-50,000","-10,000","10,000","-45,000","-223,000","-29,000","114,000","75,000","-601,000","1,599,000","40,000","1,254,000","849,000","-228,000","32,000","-3,000","-415,000","85,000",,,,,,,,,,,,,,,,,,,,,,,,,,,,,,,,,,,,,,,,,,,,,,,,,,,,,,,,,,,,,,,,,,,,,,,,,,,,,,,,,,,,,,,,,,,,,,,,,,,,,,,,,,,,,,
PretaxIncome,"136,499,000","50,230,000","30,033,000","32,522,000","23,714,000","19,259,000","10,608,000","9,380,000","8,531,000","5,541,000","718,000","-2,034,000","2,690,000","1,403,000","5,396,000","12,094,000","16,804,000","7,805,000","5,927,000","5,834,000","10,391,000","11,217,000","6,726,000","14,764,000","20,430,000","10,842,000","10,254,000","14,487,000","8,257,000","3,883,000","6,337,000","6,698,000","8,841,000","5,338,000","4,331,000","3,402,000","5,076,000","5,840,000","3,679,000","1,149,000","1,455,000","412,000","-290,000","1,864,000","5,397,000","4,408,000","-11,568,000","-2,902,000","3,304,000","2,001,000","-1,983,000","4,875,000","-2,970,000","-25,532,000","-9,071,000","24,434,000","26,376,000","10,763,000","6,601,000","8,077,000","13,060,000","7,713,000","9,447,000","14,042,000","14,418,000","11,704,000","12,468,000","10,339,000","13,360,000","6,566,000","7,699,000","19,205,000","28,493,000","9,951,000","1,133,000","1,922,000","940,000","-1,763,000","-1,211,000","1,009,000","1,679,000","-13,507,000","-562,000","757,000","-26,873,000","-6,289,000","-5,713,000","-1,775,000","2,365,000","1,461,000","1,382,000","4,077,000","5,400,000","3,900,000","2,300,000","3,708,000",,"-600,000","-2,600,000","988,000","1,900,000","1,100,000","-400,000","3,169,000","3,300,000","1,100,000","-900,000","59,000","2,500,000","2,600,000","1,100,000","2,200,000","2,700,000","1,100,000",,"3,400,000","2,000,000","1,700,000","500,000","2,200,000","1,700,000","900,000","500,000",,"1,100,000",,,"400,000","1,700,000","1,400,000",,,,,,,,,,,,,,,,,,
TaxProvision,"30,806,000","11,213,000","6,904,000","7,370,000","5,319,000","4,339,000","2,465,000","1,954,000","1,867,000","1,177,000","163,000","-267,000","500,000","354,000","1,270,000","2,686,000","3,936,000","1,926,000","-2,184,000","2,035,000","3,522,000","3,797,000","2,266,000","4,910,000","6,899,000","3,690,000","3,546,000","4,863,000","2,865,000","1,339,000","2,187,000","2,123,000","3,044,000","1,816,000","1,584,000","1,057,000","1,802,000","2,126,000","1,277,000","316,000","561,000","150,000","-110,000","892,000","1,747,000","1,789,000","-3,940,000","-1,215,000","1,680,000","357,000","-860,000","2,097,000","-1,233,000","-9,150,000","-3,472,000","8,788,000","9,428,000","3,871,000","2,370,000","3,012,000","4,716,000","2,769,000","3,516,000","4,589,000","5,353,000","4,303,000","4,790,000","3,953,000","4,956,000","2,220,000","2,583,000","7,313,000","10,531,000","3,790,000","432,000","-6,036,000","257,000","-607,000","-448,000","1,932,000","0","-1,776,000","-173,000","319,000","-10,428,000","-2,102,000","-2,153,000","-694,000","911,000","563,000","532,000","1,491,000","2,000,000","1,400,000","800,000","1,280,000",,"-200,000","-900,000","352,000","700,000","400,000","-100,000","1,126,000","1,200,000","400,000","-300,000","23,000","900,000","-1,400,000","400,000","700,000","1,100,000","400,000",,"500,000","400,000","300,000","100,000","400,000","300,000","200,000","100,000",,"100,000",,,"0","100,000","200,000",,,,,,,,,,,,,,,,,,
NetIncomeCommonStockholders,"105,693,000","39,017,000","23,129,000","25,152,000","18,395,000","14,920,000","8,143,000","7,426,000","6,664,000","4,364,000","555,000","-1,767,000","2,190,000","1,049,000","4,126,000","9,408,000","12,868,000","5,879,000","8,111,000","3,799,000","6,869,000","7,420,000","4,460,000","9,854,000","13,531,000","7,152,000","6,708,000","9,624,000","5,392,000","2,544,000","4,150,000","4,575,000","5,797,000","3,522,000","2,747,000","2,345,000","3,274,000","3,714,000","2,402,000","833,000","894,000","262,000","-180,000","972,000","3,650,000","2,619,000","-7,628,000","-1,630,000","1,605,000","1,634,000","-1,136,000","1,693,000","-1,749,000","-16,395,000","-5,635,000","15,683,000","16,927,000","6,918,000","4,224,000","5,163,000","8,307,000","4,913,000","5,779,000","10,079,000","7,882,000","7,401,000","7,678,000","6,386,000","8,499,000","5,044,000","5,116,000","11,892,000","17,962,000","6,161,000","701,000","7,958,000","683,000","-1,156,000","-763,000","-923,000","1,679,000","-11,731,000","-389,000","438,000","-16,445,000","-4,187,000","-3,560,000","-1,081,000","1,454,000","898,000","850,000","2,586,000","3,400,000","2,500,000","1,500,000","2,420,000",,"-800,000","-1,700,000","659,000","1,200,000","-1,900,000","-300,000","2,043,000","2,100,000","700,000","-600,000","36,000","1,600,000","4,000,000","700,000","1,500,000","1,600,000","700,000","1,300,000","2,900,000","1,600,000","1,400,000","400,000","1,800,000","1,400,000","700,000","400,000","1,100,000","1,000,000","-400,000",,"400,000","1,600,000","1,200,000","400,000","2,000,000","2,000,000","1,400,000","1,300,000","3,000,000","1,200,000","2,600,000","1,400,000","900,000","1,300,000","600,000","700,000","1,100,000","1,200,000","800,000","800,000","1,300,000"
	NetIncome,"105,693,000","39,017,000","23,129,000","25,152,000","18,395,000","14,920,000","8,143,000","7,426,000","6,664,000","4,364,000","555,000","-1,767,000","2,190,000","1,049,000","4,126,000","9,408,000","12,868,000","5,879,000","8,111,000","3,799,000","6,869,000","7,420,000","4,460,000","9,854,000","13,531,000","7,152,000","6,708,000","9,624,000","5,392,000","2,544,000","4,150,000","4,575,000","5,797,000","3,522,000","2,747,000","2,345,000","3,274,000","3,714,000","2,402,000","833,000","894,000","262,000","-180,000","972,000","3,650,000","2,619,000","-7,628,000","-1,630,000","1,605,000","1,634,000","-1,136,000","1,693,000","-1,749,000","-16,395,000","-5,635,000","15,683,000","16,927,000","6,918,000","4,224,000","5,163,000","8,307,000","4,913,000","5,779,000","10,079,000","7,882,000","7,401,000","7,678,000","6,386,000","8,499,000","5,044,000","5,116,000","11,892,000","17,962,000","6,161,000","701,000","7,958,000","683,000","-1,156,000","-763,000","-923,000","1,679,000","-11,731,000","-389,000","438,000","-16,445,000","-4,187,000","-3,560,000","-1,081,000","1,454,000","898,000","850,000","2,586,000","3,400,000","2,500,000","1,500,000","2,420,000",,"-800,000","-1,700,000","659,000","1,200,000","-1,900,000","-300,000","2,043,000","2,100,000","700,000","-600,000","36,000","1,600,000","4,000,000","700,000","1,500,000","1,600,000","700,000","1,300,000","2,900,000","1,600,000","1,400,000","400,000","1,800,000","1,400,000","700,000","400,000","1,100,000","1,000,000","-400,000",,"400,000","1,600,000","1,200,000","400,000","2,000,000","2,000,000","1,400,000","1,300,000","3,000,000","1,200,000","2,600,000","1,400,000","900,000","1,300,000","600,000","700,000","1,100,000","1,200,000","800,000","800,000","1,300,000"
		NetIncomeIncludingNoncontrollingInterests,"105,693,000","39,017,000","23,129,000","25,152,000","18,395,000","14,920,000","8,143,000","7,426,000","6,664,000","4,364,000","555,000","-1,767,000","2,190,000","1,049,000","4,126,000","9,408,000","12,868,000","5,879,000","8,111,000","3,799,000","6,869,000","7,420,000","4,460,000","9,854,000","13,531,000","7,152,000","6,708,000","9,624,000","5,392,000","2,544,000","4,150,000","4,575,000","5,797,000","3,522,000","2,747,000","2,345,000","3,274,000","3,714,000","2,402,000","833,000","894,000","262,000","-180,000","972,000","3,650,000","2,619,000","-7,628,000","-1,630,000","1,605,000","1,634,000","-1,136,000","1,693,000","-1,749,000","-16,395,000","-5,635,000","15,683,000","16,927,000","6,918,000","4,224,000","5,163,000","8,307,000","4,913,000","5,779,000","10,079,000","7,882,000","7,401,000","7,678,000","6,386,000","8,499,000","5,044,000","5,116,000","11,892,000","17,962,000","6,161,000","701,000","7,958,000","683,000","-1,156,000","-763,000","-923,000","1,679,000","-11,731,000","-389,000","438,000","-16,445,000","-4,187,000","-3,560,000","-1,081,000","1,454,000","898,000","850,000","2,586,000","3,400,000","2,500,000","1,500,000","2,420,000",,"-800,000","-1,700,000","659,000","1,200,000","-1,900,000","-300,000","2,043,000","2,100,000","700,000","-600,000","36,000","1,600,000","3,800,000","900,000","2,100,000","1,600,000","700,000","1,300,000","2,400,000","1,600,000","1,400,000","400,000","2,300,000","1,400,000","700,000","400,000","1,600,000","1,000,000","-400,000",,"400,000","1,600,000","1,200,000","400,000","2,000,000","2,000,000","1,400,000","1,300,000","3,000,000","1,200,000","2,600,000","1,400,000","900,000","1,300,000","600,000","700,000","1,100,000","1,200,000","800,000","800,000","1,300,000"
			NetIncomeContinuousOperations,"105,693,000","39,017,000","23,129,000","25,152,000","18,395,000","14,920,000","8,143,000","7,426,000","6,664,000","4,364,000","555,000","-1,767,000","2,190,000","1,049,000","4,126,000","9,408,000","12,868,000","5,879,000","8,111,000","3,799,000","6,869,000","7,420,000","4,460,000","9,854,000","13,531,000","7,152,000","6,708,000","9,624,000","5,392,000","2,544,000","4,150,000","4,575,000","5,797,000","3,522,000","2,747,000","2,345,000","3,274,000","3,714,000","2,402,000","833,000","894,000","262,000","-180,000","972,000","3,650,000","2,619,000","-7,628,000","-1,687,000","1,624,000","1,644,000","-1,123,000","2,778,000","-1,737,000","-16,382,000","-5,599,000","15,646,000","16,948,000","6,892,000","4,231,000","5,065,000","8,344,000","4,944,000","5,931,000","9,453,000","9,065,000","7,401,000","7,678,000","6,386,000","8,404,000","4,346,000","5,116,000","11,892,000","17,962,000","6,161,000","701,000","7,958,000","683,000","-1,156,000","-763,000","-923,000","1,679,000","-11,731,000","-389,000","438,000","-16,445,000","-4,187,000","-3,560,000","-1,081,000","1,454,000","898,000","850,000","2,586,000","3,400,000","2,500,000","1,500,000","2,428,000",,"-400,000","-1,700,000","636,000","1,200,000","700,000","-300,000","2,043,000","2,100,000","700,000","-600,000","36,000","1,600,000","4,000,000","700,000","1,500,000","1,600,000","700,000","0","2,900,000","1,600,000","1,400,000","400,000","1,800,000","1,400,000","700,000","400,000","1,100,000","1,000,000","-400,000",,"400,000","1,600,000","1,200,000","400,000","2,000,000","2,000,000","1,400,000","1,300,000","2,600,000","1,200,000","1,100,000","1,400,000","900,000","1,300,000","600,000","700,000","1,100,000","1,200,000","800,000","800,000","1,300,000"
			NetIncomeDiscontinuousOperations,,,,,,,,,,,,,,,,,,,,,,,,,,,,,,,,,,,,,,,,,,,,"0","0","0","0","57,000","-19,000","-10,000","-13,000","-1,085,000","-12,000","-13,000","-36,000","37,000","-21,000","26,000","-7,000","98,000","-37,000","-31,000","-152,000","626,000","-1,183,000",,,"0","95,000","698,000",,,,,,,,,,,,,,,,,,,,,,,,,,,,,,"23,000",,"-2,600,000",,,,,,,,,,,,,,,,,,,,,,,,,,,,,,,,,,"400,000",,"1,500,000",,,,,,,,,,
			NetIncomeExtraordinary,,,,,,,,,,,,,,,,,,,,,,,,,,,,,,,,,,,,,,,,,,,,,,,,,,,,,,,,,,,,,,,,,,,,,,,,,,,,,"0","0","0","0","0","0",,,,,,,,,,,,,,,,,,,,,,,,,,,,,,"0",,,"1,300,000",,,,,,,,,,,,,,,,,,,,,,,,,,,,,,,,,
			NetIncomeFromTaxLossCarryforward,,,,,,,,,,,,,,,,,,,,,,,,,,,,,,,,,,,,,,,,,,,,,,,,,,,,,,,,,,,,,,,,,,,,,,,,,,,,,,,,,,,,,,,,,,,,,,,,,,"-400,000",,,,,,,,,,,,,,,,,,,,,,,,,,,,,,,,,,,,,,,,,,,,,,,,,,
		MinorityInterests,,,,,,,,,,,,,,,,,,,,,,,,,,,,,,,,,,,,,,,,,,,,,,,,,,,,,,,,,,,,,,,,,,,,,,,,,,,,,,,,,,,,,,,,,,,,,,,,,,,,,,,,,,,,,,"200,000","-200,000",,,,,,,,,,,,,,,,,,,,,,,,,,,,,,,,,,,,,
DilutedNIAvailtoComStockholders,"105,693,000","39,017,000","23,129,000","25,152,000","18,395,000","14,920,000","8,143,000","7,426,000","6,664,000","4,364,000","555,000","-1,767,000","2,190,000","1,049,000","4,126,000","9,408,000","12,868,000","5,879,000","8,111,000","3,799,000","6,869,000","7,420,000","4,460,000","9,854,000","13,531,000","7,152,000","6,708,000","9,624,000","5,392,000","2,544,000","4,150,000","4,575,000","5,797,000","3,522,000","2,747,000","2,345,000","3,274,000","3,714,000","2,402,000","833,000","894,000","262,000","-180,000","972,000","3,650,000","2,619,000","-7,628,000","-1,630,000","1,605,000","1,634,000","-1,136,000","1,693,000","-1,749,000","-16,395,000","-5,635,000","15,683,000","16,927,000","6,918,000","4,224,000","5,163,000","8,307,000","4,913,000","5,779,000","10,079,000","7,882,000","7,401,000","7,678,000","6,386,000","8,499,000","5,044,000","5,116,000","11,892,000","17,962,000","6,161,000","701,000","7,958,000","683,000","-1,156,000","-763,000","-923,000","1,679,000","-11,731,000","-389,000","438,000","-16,445,000","-4,187,000","-3,560,000","-1,081,000","1,454,000","898,000","850,000","2,586,000","3,400,000","2,500,000","1,500,000","2,420,000",,"-800,000","-1,700,000","659,000","1,200,000","-1,900,000","-300,000","2,043,000","2,100,000","700,000","-600,000","36,000","1,600,000","4,000,000","700,000","1,500,000","1,600,000","700,000","1,300,000","2,900,000","1,600,000","1,400,000","400,000","1,800,000","1,400,000","700,000","400,000","1,100,000","1,000,000","-400,000",,"400,000","1,600,000","1,200,000","400,000","2,000,000","2,000,000","1,400,000","1,300,000","3,000,000","1,200,000","2,600,000","1,400,000","900,000","1,300,000","600,000","700,000","1,100,000","1,200,000","800,000","800,000","1,300,000"
BasicEPS,,"2","1.19","1.3","0.95","0.77","0.42","0.38","0.35","0.23","0.03","-0.09","0.11","0.05","0.21","0.49","0.67","0.31","0.43","0.2","0.36","0.39","0.23","0.52","0.72","0.38","0.36","0.52","0.29","0.14","0.23","0.25","0.32","0.19","0.15","0.13","0.18","0.21","0.14",,"0.05","0.01","-0.01",,"0.21","0.15","-0.44",,"0.09","0.09","-0.07",,"-0.1","-0.94","-0.33",,"0.98","0.4","0.23",,"0.46","0.27","0.32",,"0.43","0.203","0.41",,"0.455","0.135","0.28",,"1.05","0.183","0.04",,"0.04","-0.07","-0.045",,"0.1","-0.695","-0.025",,"-0.97","-0.245","-0.21",,"0.085","0.055","0.05",,"0.2","0.15","0.09",,"0","-0.045","-0.1",,"0.07","-0.115","-0.015",,"0.125","0.04","-0.035",,"0.095","0.24","0.04",,"0.095","0.045","0.08",,"0.095","0.085","0.027",,"0.1","0.05","0.025",,"0.062","-0.025","0.004",,"0.094","0.071","0.017",,"0.113","0.075","0.048",,"0.046","0.109","0.046",,"0.043","0.023","0.023",,"0.036","0.024","0.016",
DilutedEPS,,"1.99","1.18","1.28","0.94","0.76","0.42","0.38","0.34","0.23","0.03","-0.09","0.11","0.05","0.21","0.49","0.67","0.31","0.42","0.2","0.36","0.39","0.23","0.51","0.71","0.38","0.36","0.51","0.29","0.14","0.22","0.24","0.31","0.19","0.15","0.13","0.18","0.2","0.13",,"0.05","0.01","-0.01",,"0.2","0.15","-0.44",,"0.09","0.09","-0.07",,"-0.1","-0.94","-0.33",,"0.97","0.39","0.23",,"0.45","0.27","0.32",,"0.43","0.2","0.405",,"0.45","0.133","0.27",,"0.99","0.175","0.04",,"0.04","-0.07","-0.045",,"0.1","-0.695","-0.025",,"-0.97","-0.245","-0.21",,"0.085","0.055","0.05",,"0.2","0.15","0.09",,"0","-0.045","-0.1",,"0.07","-0.115","-0.015",,"0.125","0.04","-0.035",,"0.095","0.24","0.04",,"0.095","0.045","0.08",,"0.095","0.085","0.027",,"0.086","0.045","0.025",,"0.058","-0.025","0.004",,"0.079","0.06","0.017",,"0.096","0.065","0.043",,"0.039","0.087","0.039",,"0.037","0.023","0.021",,"0.03","0.024","0.016",
BasicAverageShares,,"19,492,000","19,411,000","19,386,000","19,352,000","19,328,000","19,309,000","19,296,000","19,283,000","19,272,000","19,261,000","19,256,000","19,252,000","19,242,000","19,223,000","19,154,000","19,070,000","19,052,000","19,041,000","19,034,000","19,025,000","19,004,000","18,980,000","18,945,000","18,867,000","18,678,000","18,525,000","18,451,000","18,438,000","18,404,000","18,377,000","18,337,000","18,267,000","18,234,000","18,189,000","18,157,000","18,066,000","17,846,000","17,724,000",,"17,690,000","17,649,000","17,610,000",,"17,587,000","17,551,000","17,511,000",,"17,492,000","17,458,000","17,410,000",,"17,392,000","17,365,000","17,335,000",,"17,330,000","17,503,000","18,021,000",,"18,158,000","18,136,000","18,114,000",,"18,075,000","36,572,000","18,812,000",,"18,756,000","37,228,000","18,350,000",,"17,122,000","33,864,000","16,920,000",,"16,920,000","16,920,000","16,920,000",,"16,790,000","16,920,000","16,920,000",,"16,920,000","16,920,000","16,920,000",,"16,920,000","16,920,000","16,916,000",,"17,000,000","16,666,667","16,666,667",,"17,241,379","17,777,778","17,000,000",,"17,142,857","16,521,739","20,000,000",,"16,800,000","17,500,000","17,142,857",,"8,377,000","8,377,000","8,333,000",,"8,333,000","8,331,000","8,271,000",,"8,267,000","8,258,000","8,239,000",,"6,386,000","6,375,000","6,352,000",,"6,350,000","5,773,000","6,351,000",,"6,241,000","6,249,000","6,235,000",,"6,235,000","6,235,000","6,233,000",,"6,166,000","6,166,000","6,166,000",,"6,154,000","6,154,000","5,595,000",,"6,150,000","6,144,000","6,141,000",
DilutedAverageShares,,"19,623,000","19,636,000","19,612,000","19,573,000","19,517,000","19,434,000","19,396,000","19,377,000","19,386,000","19,370,000","19,256,000","19,334,000","19,340,000","19,336,000","19,353,000","19,274,000","19,258,000","19,224,000","19,211,000","19,225,000","19,224,000","19,209,000","19,188,000","19,135,000","19,015,000","18,883,000","18,740,000","18,828,000","18,822,000","18,820,000","18,755,000","18,683,000","18,637,000","18,587,000","18,541,000","18,497,000","18,286,000","18,088,000",,"17,993,000","18,038,000","17,610,000",,"17,855,000","17,802,000","17,511,000",,"17,695,000","17,647,000","17,410,000",,"17,392,000","17,365,000","17,483,000",,"17,482,000","17,647,000","18,189,000",,"18,326,000","18,299,000","18,288,000",,"18,263,000","36,928,000","18,928,000",,"18,990,000","37,848,000","18,848,000",,"18,154,000","35,228,000","17,388,000",,"16,920,000","16,920,000","16,920,000",,"16,790,000","16,920,000","16,920,000",,"16,920,000","16,920,000","16,920,000",,"16,920,000","16,920,000","16,916,000",,"17,000,000","16,666,667","16,666,667",,"17,241,379","17,777,778","17,000,000",,"17,142,857","16,521,739","20,000,000",,"16,800,000","17,500,000","17,142,857",,"8,377,000","8,377,000","8,333,000",,"8,333,000","8,331,000","8,271,000",,"8,267,000","8,258,000","8,239,000",,"6,386,000","6,375,000","6,352,000",,"6,350,000","5,773,000","6,351,000",,"6,241,000","6,249,000","6,235,000",,"6,235,000","6,235,000","6,233,000",,"6,166,000","6,166,000","6,166,000",,"6,154,000","6,154,000","5,595,000",,"6,150,000","6,144,000","6,141,000",
TotalOperatingIncomeAsReported,,,,,,,,,,,,,,,,,,,,,,,,,,,,,,,,,,,,,,,,,,,,,,,"-11,443,000",,,,,,,,"-9,009,000","24,588,000","26,389,000","10,622,000","6,533,000","8,182,000","13,150,000","7,765,000","9,381,000","13,835,000","14,521,000","11,817,000","12,469,000","10,702,000","14,076,000","7,788,000","9,509,000","20,749,000","29,365,000","12,236,000","3,715,000","4,517,000","3,433,000","724,000","1,272,000","3,873,000","4,637,000","-10,589,000","1,625,000","3,853,000","-23,701,000","-1,785,000","-2,520,000","781,000","5,364,000","4,467,000","2,022,000",,,,,,,,,,,,,,,,,,,,,,,,,,,,,,,,,,,,,,,,,,,,,,,,,,,,,,,,,
TotalExpenses,"585,751,000","163,342,000","148,376,000","138,660,000","135,373,000","119,101,000","108,307,000","128,077,000","113,848,000","109,178,000","97,076,000","115,473,000","123,532,000","111,483,000","99,668,000","109,352,000","110,043,000","99,476,000","91,843,000","91,058,000","86,478,000","89,920,000","87,142,000","88,298,000","94,931,000","96,435,000","82,303,000","103,969,000","107,749,000","99,040,000","104,237,000","109,711,000","105,183,000","85,814,000","82,868,000","94,733,000","91,409,000","77,067,000","82,136,000","96,967,000","92,029,000","86,441,000","84,319,000","93,797,000","90,997,000","80,621,000","59,359,000","59,091,000","58,583,000","50,231,000","43,201,000","56,061,000","56,905,000","59,691,000","70,808,000","81,702,000","77,943,000","66,638,000","59,447,000","66,176,000","65,816,000","67,001,000","60,335,000","68,648,000","77,123,000","77,162,000","71,065,000","84,096,000","80,344,000","73,866,000","65,155,000","85,090,000","67,470,000","61,587,000","52,420,000","55,461,000","55,994,000","45,199,000","45,525,000","55,391,000","59,464,000","62,687,000","60,968,000","73,754,000","77,820,000","72,619,000","71,459,000","86,189,000","85,558,000","74,355,000","56,549,000","65,274,000","66,700,000","61,600,000","59,300,000","71,304,000","68,400,000","65,000,000","61,500,000","68,668,000","65,500,000","63,800,000","58,700,000","68,943,000","69,200,000","62,000,000","57,700,000","65,601,000","66,200,000","62,600,000","57,100,000","67,100,000","68,200,000","54,700,000","50,200,000","60,000,000","60,800,000","63,400,000","52,900,000","61,400,000","57,800,000","61,600,000","52,600,000","61,100,000","64,600,000","58,100,000","52,500,000","59,900,000","65,300,000","64,700,000",,,,,,,,,,,,,,,,,,
NetIncomeFromContinuingAndDiscontinuedOperation,"105,693,000","39,017,000","23,129,000","25,152,000","18,395,000","14,920,000","8,143,000","7,426,000","6,664,000","4,364,000","555,000","-1,767,000","2,190,000","1,049,000","4,126,000","9,408,000","12,868,000","5,879,000","8,111,000","3,799,000","6,869,000","7,420,000","4,460,000","9,854,000","13,531,000","7,152,000","6,708,000","9,624,000","5,392,000","2,544,000","4,150,000","4,575,000","5,797,000","3,522,000","2,747,000","2,345,000","3,274,000","3,714,000","2,402,000","833,000","894,000","262,000","-180,000","972,000","3,650,000","2,619,000","-7,628,000","-1,630,000","1,605,000","1,634,000","-1,136,000","1,693,000","-1,749,000","-16,395,000","-5,635,000","15,683,000","16,927,000","6,918,000","4,224,000","5,163,000","8,307,000","4,913,000","5,779,000","10,079,000","7,882,000","7,401,000","7,678,000","6,386,000","8,499,000","5,044,000","5,116,000","11,892,000","17,962,000","6,161,000","701,000","7,958,000","683,000","-1,156,000","-763,000","-923,000","1,679,000","-11,731,000","-389,000","438,000","-16,445,000","-4,187,000","-3,560,000","-1,081,000","1,454,000","898,000","850,000","2,586,000","3,400,000","2,500,000","1,500,000","2,428,000",,"-400,000","-1,700,000","659,000","1,200,000","-1,900,000","-300,000","2,043,000","2,100,000","700,000","-600,000","36,000","1,600,000","4,000,000","700,000","1,500,000","1,600,000","700,000","0","2,900,000","1,600,000","1,400,000","400,000","1,800,000","1,400,000","700,000","400,000","1,100,000","1,000,000","-400,000",,"400,000","1,600,000","1,200,000","400,000","2,000,000","2,000,000","1,400,000","1,300,000","3,000,000","1,200,000","2,600,000","1,400,000","900,000","1,300,000","600,000","700,000","1,100,000","1,200,000","800,000","800,000","1,300,000"
NormalizedIncome,"106,736,774.416","38,733,395","23,165,190","25,204,590.124","19,635,048","15,342,375","8,647,576","8,010,263.113","7,301,296","4,628,768","555,000","-1,767,000","2,190,000","1,049,000","4,126,000","9,408,000","12,868,000","5,879,000","8,111,000","3,819,186.664","6,908,660","7,436,525","4,491,824","9,875,357.898","13,569,396","7,218,000","6,658,950","9,405,438.807","5,617,285","2,762,115","4,150,000","4,575,000","5,797,000","3,522,000","2,747,000","2,345,000","3,274,000","3,714,000","2,402,000","543,733.681","912,432.99","299,519.417","148,344.828","3,011,050","4,964,054.104","3,696,050","-4,741,783.195","-1,712,350","1,622,700","1,564,305.847","-1,222,450","2,722,750","-1,737,650","-16,419,214.319","-5,593,444.824","15,756,778.342","16,940,289.354","6,855,500.511","4,218,821.694","5,159,063.39","8,327,388.668","4,923,488.137","5,919,699.27","9,320,380.644","9,052,425.44","7,384,558.954","7,549,910.17","6,313,733.63","8,406,516.168","4,342,690.527","5,116,000","11,759,488.258","17,098,981.785","6,117,660.637","701,000","7,958,000","654,662.766","-1,176,326.716","-768,670.52","-1,046,000","1,713,000","-554,979.566","356,467.972","573,600","1,081,932.051","-4,160,369.375","-3,439,110.8","-1,048,113.239","1,513,635.518","578,997.947","917,655.572","2,485,147.903","3,400,000","2,564,102.564","1,565,217.391","6,864,272.923",,"-2,066,666.667","-1,700,000","383,016.194","1,326,315.789","700,000","-300,000","1,923,733.67","2,100,000","636,363.636","-600,000","65,288.136","1,600,000","4,060,000","700,000","1,500,000","1,600,000","700,000","0","2,900,000","1,600,000","1,317,647.059","400,000","1,472,727.273","1,317,647.059","466,666.667","240,000","1,040,000","636,363.636","-460,000",,"1,500,000","1,317,647.059","1,028,571.429","400,000","2,000,000","2,000,000","1,400,000","1,300,000","2,600,000","1,200,000","1,100,000","1,400,000","900,000","1,300,000","600,000","700,000","1,100,000","1,200,000","800,000","800,000","1,300,000"
InterestIncome,"35,000","10,000","14,000","6,000","5,000","5,000","5,000","21,000","22,000","204,000","226,000","117,000","9,000","12,000","155,000","236,000","150,000","53,000","76,000","73,000","75,000","48,000","52,000","63,000","53,000","32,000","18,000","6,000","1,000","4,000","0","0","4,000","1,000","5,000","1,000","11,000","2,000",,"1,000","18,000","2,000","0","1,000","18,000","6,000","13,000","31,000","45,000","14,000","12,000","26,000","16,000","7,000",,,,,,,,,,,,,,,,,,,,,,,,,,,,,,,,,,,,,,,,,,,,,,,,,,,,,,,,,,,,,,,,,,,,,,,,,,,,,,,,,,,,,,,,,,,,,,
InterestExpense,"92,000","23,000","22,000","23,000","24,000","24,000","25,000","28,000","26,000","26,000","26,000","31,000","62,000","45,000","30,000","40,000","23,000","23,000","28,000","33,000","34,000","35,000","34,000","37,000","40,000","40,000","41,000","47,000","65,000","114,000","94,000","83,000","56,000","57,000","56,000","53,000","57,000","53,000","72,000","149,000","102,000","119,000","253,000","294,000","260,000","253,000","151,000","42,000","116,000","147,000","148,000","157,000","147,000","189,000",,,,,,,,,,,,,,,,,,,,,,,,,,,,,,,,,,,,,,,,,,,,,,,,,,,,,,,,,,,,,,,,,,,,,,,,,,,,,,,,,,,,,,,,,,,,,,
NetInterestIncome,"-57,000","-13,000","-8,000","-17,000","-19,000","-19,000","-20,000","-7,000","-4,000","178,000","200,000","86,000","-53,000","-33,000","125,000","196,000","127,000","30,000","48,000","40,000","41,000","13,000","18,000","26,000","13,000","-8,000","-23,000","-41,000","-64,000","-110,000","-94,000","-83,000","-52,000","-56,000","-51,000","-52,000","-46,000","-51,000","-72,000","-148,000","-84,000","-117,000","-253,000","-293,000","-242,000","-247,000","-138,000","-11,000","-71,000","-133,000","-136,000","-131,000","-131,000","-182,000",,,,,,,,,,,,,,,,,,,,,,,,,,,,,,,,,,,,,,,,,,,,,,,,,,,,,,,,,,,,,,,,,,,,,,,,,,,,,,,,,,,,,,,,,,,,,,
EBIT,"136,591,000","50,253,000","30,055,000","32,545,000","23,738,000","19,283,000","10,633,000","9,408,000","8,557,000","5,567,000","744,000","-2,003,000","2,752,000","1,448,000","5,426,000","12,134,000","16,827,000","7,828,000","5,955,000","5,867,000","10,425,000","11,252,000","6,760,000","14,801,000","20,470,000","10,882,000","10,295,000","14,534,000","8,322,000","3,997,000","6,431,000","6,781,000","8,897,000","5,395,000","4,387,000","3,455,000","5,133,000","5,893,000","3,751,000","1,298,000","1,557,000","531,000","-37,000","2,158,000","5,657,000","4,661,000","-11,417,000","-2,860,000","3,420,000","2,148,000","-1,835,000","5,032,000","-2,823,000","-25,343,000","-9,009,000","24,588,000","26,389,000","10,622,000","6,533,000","8,182,000","13,150,000","7,765,000","9,381,000","13,835,000","14,521,000","11,817,000","12,469,000","10,702,000","14,076,000","7,788,000","9,509,000","20,749,000","29,365,000","12,236,000","3,715,000","4,517,000","3,433,000","724,000","1,272,000","3,905,000","4,660,000","2,213,000","1,746,000","3,853,000","4,598,000","-1,785,000","-2,520,000","781,000","5,364,000","4,467,000","2,022,000","4,618,000","6,000,000","4,600,000","3,000,000","2,643,000","900,000","-2,000,000","-1,500,000","1,857,000","2,600,000","1,500,000","100,000","3,527,000","3,800,000","1,800,000","-200,000","743,000","3,200,000","3,400,000","1,500,000","1,500,000","3,300,000","1,600,000","400,000","3,300,000","2,400,000","1,900,000","1,000,000","2,000,000","2,200,000","1,100,000","900,000","1,600,000","1,300,000","300,000","800,000","1,900,000","2,400,000","2,100,000","55,700,000","-139,000,000","50,600,000","53,200,000","45,200,000","-134,200,000","52,700,000","44,100,000","54,000,000","-122,600,000","48,400,000","43,300,000","39,400,000","-55,800,000","23,800,000","20,400,000","19,700,000","-50,400,000"
EBITDA,"151,257,000"
ReconciledCostOfRevenue,"552,763,000","156,140,000","136,095,000","131,339,000","129,189,000","108,771,000","99,754,000","118,769,000","107,154,000","99,576,000","91,332,000","109,575,000","118,016,000","104,927,000","93,134,000","101,827,000","102,502,000","92,001,000","86,080,000","85,085,000","80,262,000","82,865,000","80,878,000","80,510,000","88,082,000","88,799,000","75,968,000","96,199,000","101,322,000","93,065,000","98,585,000","103,248,000","98,964,000","79,830,000","78,163,000","89,511,000","86,036,000","71,822,000","77,294,000","91,964,000","87,194,000","81,535,000","80,152,000","91,345,000","86,050,000","75,330,000","52,441,000","53,821,000","54,266,000","46,049,000","39,459,000","51,935,000","52,889,000","55,323,000","66,075,000","76,827,000","73,447,000","61,473,000","55,360,000","61,631,000","61,614,000","62,408,000","56,092,000","64,190,000","73,158,000","72,665,000","66,903,000","79,569,000","76,632,000","69,937,000","60,941,000","81,070,000","64,139,000","57,297,000","48,787,000","52,925,000","52,925,000","42,222,000","42,766,000","52,944,000","56,457,000","59,903,000","57,646,000","70,678,000","74,049,000","67,756,000","66,024,000","81,172,000","80,129,000","69,528,000","52,454,000","67,545,000","64,200,000","59,300,000","57,900,000","74,194,000","67,400,000","64,000,000","60,800,000","71,873,000","64,300,000","62,600,000","57,700,000","71,805,000","67,500,000","60,700,000","56,800,000","68,737,000","64,600,000","61,200,000","55,900,000","65,200,000","66,500,000","53,300,000","49,400,000","57,500,000","58,900,000","61,800,000","52,000,000","59,800,000","56,300,000","57,800,000","51,100,000","59,300,000","62,800,000","56,600,000","51,900,000","56,100,000","62,200,000","60,100,000",,,,,,,,,,,,,,,,,,
ReconciledDepreciation,"14,666,000","3,640,000","3,705,000","3,693,000","3,628,000","3,590,000","3,610,000","3,629,000","3,635,000","3,513,000","3,478,000","3,469,000","3,462,000","3,380,000","3,242,000","3,240,000","3,169,000","3,233,000","3,176,000","3,073,000","2,847,000","2,711,000","3,018,000","3,015,000","2,909,000","2,878,000","2,742,000","3,230,000","2,907,000","2,928,000","2,869,000","2,793,000","2,579,000","2,478,000","2,424,000","2,570,000","2,524,000","2,407,000","2,332,000","2,467,000","2,460,000","2,429,000","2,406,000","2,511,000","2,509,000","2,499,000","2,054,000","1,779,000","1,523,000","1,867,000","1,840,000","2,116,000","1,951,000","1,932,000","1,886,000","2,058,000","1,989,000","1,906,000","1,816,000","1,753,000","1,593,000","1,572,000","1,291,000","1,278,000","783,000","1,505,000","1,541,000","1,546,000","1,473,000","1,810,000","2,241,000","2,429,000",,,"1,755,000","1,913,000","1,626,000","1,724,000","1,793,000","1,877,000","1,910,000","2,023,000","2,541,000","2,505,000","3,370,000","3,833,000","3,292,000","2,708,000","3,261,000","2,939,000","2,295,000","15,708,000","-2,300,000","-2,300,000","-2,200,000","15,538,000","-2,100,000","-2,300,000","-2,400,000","14,524,000","-2,000,000","-2,000,000","-2,300,000","14,261,000","-2,100,000","-2,000,000","-2,100,000","13,797,000","-1,900,000","-2,100,000","-2,000,000","-1,600,000","-1,800,000","-1,800,000","-1,900,000","-1,200,000","-1,600,000","-1,600,000","-1,700,000","-1,700,000","-1,700,000","-1,700,000","-1,700,000","-1,700,000","-1,700,000","-1,600,000","-1,700,000","1,800,000","-1,500,000","1,500,000",,,,,,,,,,,,,,,,,,
NetIncomeFromContinuingOperationNetMinorityInterest,"105,693,000","39,017,000","23,129,000","25,152,000","18,395,000","14,920,000","8,143,000","7,426,000","6,664,000","4,364,000","555,000","-1,767,000","2,190,000","1,049,000","4,126,000","9,408,000","12,868,000","5,879,000","8,111,000","3,799,000","6,869,000","7,420,000","4,460,000","9,854,000","13,531,000","7,152,000","6,708,000","9,624,000","5,392,000","2,544,000","4,150,000","4,575,000","5,797,000","3,522,000","2,747,000","2,345,000","3,274,000","3,714,000","2,402,000","833,000","894,000","262,000","-180,000","972,000","3,650,000","2,619,000","-7,628,000","-1,687,000","1,624,000","1,644,000","-1,123,000","2,778,000","-1,737,000","-16,382,000","-5,599,000","15,646,000","16,948,000","6,892,000","4,231,000","5,065,000","8,344,000","4,944,000","5,931,000","9,453,000","9,065,000","7,401,000","7,678,000","6,386,000","8,404,000","4,346,000","5,116,000","11,892,000","17,962,000","6,161,000","701,000","7,958,000","683,000","-1,156,000","-763,000","-923,000","1,679,000","-11,731,000","-389,000","438,000","-16,445,000","-4,187,000","-3,560,000","-1,081,000","1,454,000","898,000","850,000","2,586,000","3,400,000","2,500,000","1,500,000","2,428,000",,"-400,000","-1,700,000","636,000","1,200,000","700,000","-300,000","2,043,000","2,100,000","700,000","-600,000","36,000","1,600,000","4,000,000","700,000","1,500,000","1,600,000","700,000","0","2,900,000","1,600,000","1,400,000","400,000","1,800,000","1,400,000","700,000","400,000","1,100,000","1,000,000","-400,000",,"400,000","1,600,000","1,200,000","400,000","2,000,000","2,000,000","1,400,000","1,300,000","2,600,000","1,200,000","1,100,000","1,400,000","900,000","1,300,000","600,000","700,000","1,100,000","1,200,000","800,000","800,000","1,300,000"
TotalUnusualItemsExcludingGoodwill,"-1,348,000","365,000","-47,000","-68,000","-1,598,000","-545,000","-657,000","-738,000","-816,000","-336,000",,,,,,"0","0","0","0","-31,000","-60,000","-25,000","-48,000","-32,000","-58,000","-100,000","75,000","329,000","-345,000","-333,000",,"-1,859,000",,,,"0","0","0","0","399,000","-30,000","-59,000","-529,000","-3,137,000","-1,943,000","-1,657,000","-4,377,000","39,000","2,000","97,000","153,000","85,000","1,000","58,000","-9,000","-173,000","12,000","57,000","19,000","-150,000","26,000","32,000","18,000","197,000","20,000","26,000","208,000","117,000","-4,000","5,000",,"214,000","1,369,000","70,000",,,"39,000","31,000","9,000","205,000","-34,000","-12,868,000","-1,077,000","-226,000","-28,641,000","-40,000","-194,000","-54,000","-97,000","519,000","-110,000","159,000",,"-100,000","-100,000","-6,775,000",,"2,500,000",,"393,000","-200,000",,,"185,000",,"100,000",,"-48,000",,"-100,000",,,,,,,,"100,000",,"400,000","100,000","300,000","200,000","100,000","400,000","100,000",,"-1,100,000","300,000","200,000",,,,,,,,,,,,,,,,,,
TotalUnusualItems,"-1,348,000","365,000","-47,000","-68,000","-1,598,000","-545,000","-657,000","-738,000","-816,000","-336,000",,,,,,"0","0","0","0","-31,000","-60,000","-25,000","-48,000","-32,000","-58,000","-100,000","75,000","329,000","-345,000","-333,000",,"-1,859,000",,,,"0","0","0","0","399,000","-30,000","-59,000","-529,000","-3,137,000","-1,943,000","-1,657,000","-4,377,000","39,000","2,000","97,000","153,000","85,000","1,000","58,000","-9,000","-173,000","12,000","57,000","19,000","-150,000","26,000","32,000","18,000","197,000","20,000","26,000","208,000","117,000","-4,000","5,000",,"214,000","1,369,000","70,000",,,"39,000","31,000","9,000","205,000","-34,000","-12,868,000","-1,077,000","-226,000","-28,641,000","-40,000","-194,000","-54,000","-97,000","519,000","-110,000","159,000",,"-100,000","-100,000","-6,775,000",,"2,500,000",,"393,000","-200,000",,,"185,000",,"100,000",,"-48,000",,"-100,000",,,,,,,,"100,000",,"400,000","100,000","300,000","200,000","100,000","400,000","100,000",,"-1,100,000","300,000","200,000",,,,,,,,,,,,,,,,,,
NormalizedEBITDA,"152,605,000","53,528,000","33,807,000","36,306,000","28,964,000","23,418,000","14,900,000","13,775,000","13,008,000","9,416,000","4,222,000","1,466,000","6,214,000","4,828,000","8,668,000","15,374,000","19,996,000","11,061,000","9,131,000","8,971,000","13,332,000","13,988,000","9,826,000","17,848,000","23,437,000","13,860,000","12,962,000","17,435,000","11,574,000","7,258,000","9,300,000","9,574,000","11,476,000","7,873,000","6,811,000","6,025,000","7,657,000","8,300,000","6,083,000","3,366,000","4,047,000","3,019,000","2,898,000","7,806,000","10,109,000","8,817,000","-4,986,000","-1,120,000","4,941,000","3,918,000","-148,000","7,063,000","-873,000","-23,469,000","-7,114,000","26,819,000","28,366,000","12,471,000","8,330,000","10,085,000","14,717,000","9,305,000","10,654,000","14,916,000","15,284,000","13,296,000","13,802,000","12,131,000","15,553,000","9,593,000","11,750,000","22,964,000","27,996,000","12,166,000","5,470,000","6,430,000","5,020,000","2,417,000","3,056,000","5,577,000","6,604,000","17,104,000","5,364,000","6,584,000","36,609,000","2,088,000","966,000","3,543,000","8,722,000","6,887,000","4,427,000","20,167,000","8,300,000","7,000,000","5,300,000","24,956,000","3,000,000","-2,200,000","900,000","15,988,000","4,800,000","3,500,000","2,400,000","17,603,000","5,900,000","3,700,000","1,900,000","14,588,000","5,200,000","5,500,000","3,500,000","3,100,000","5,100,000","3,400,000","2,300,000","4,500,000","4,000,000","3,400,000","2,700,000","3,300,000","3,800,000","800,000","2,400,000","3,200,000","2,600,000","1,800,000","2,500,000","4,800,000","2,100,000","3,400,000","55,700,000","-139,000,000","50,600,000","53,200,000","45,200,000","-134,200,000","52,700,000","44,100,000","54,000,000","-122,600,000","48,400,000","43,300,000","39,400,000","-55,800,000","23,800,000","20,400,000","19,700,000","-50,400,000"
TaxRateForCalcs,"0.226","0.223","0.23","0.227","0.224","0.225","0.232","0.208","0.219","0.212","0.227","0.131","0.186","0.252","0.235","0.222","0.234","0.247","0.4","0.349","0.339","0.339","0.337","0.333","0.338","0.34","0.346","0.336","0.347","0.345","0.345","0.317","0.344","0.34","0.366","0.311","0.355","0.364","0.347","0.275","0.386","0.364","0.379","0.35","0.324","0.35","0.341","0.35","0.35","0.178","0.35","0.35","0.35","0.358","0.383","0.36","0.357","0.36","0.359","0.373","0.361","0.359","0.372","0.327","0.371","0.368","0.384","0.382","0.371","0.338","0.335","0.381","0.37","0.381","0.381","0.4","0.273","0.344","0.37","0.4","0","0.131","0.308","0.4","0.388","0.334","0.377","0.391","0.385","0.385","0.385","0.366","0.37","0.359","0.348","0.345",,"0.333","0.346","0.356","0.368","0.364","0.25","0.355","0.364","0.364","0.333","0.39","0.36","0.4","0.364","0.318","0.4","0.364","0.4","0.147","0.2","0.176","0.2","0.182","0.176","0.222","0.2","0.4","0.091","0.4",,"0","0.059","0.143","0.4","0.4","0.4","0.4","0.4","0.4","0.4","0.4","0.4","0.4","0.4","0.4","0.4","0.4","0.4","0.4","0.4","0.4"
TaxEffectOfUnusualItems,"-304,225.584","81,395","-10,810","-15,409.876","-357,952","-122,625","-152,424","-153,736.887","-178,704","-71,232","0","0","0","0","0","0","0","0","0","-10,813.336","-20,340","-8,475","-16,176","-10,642.102","-19,604","-34,000","25,950","110,438.807","-119,715","-114,885","0","0","0","0","0","0","0","0","0","109,733.681","-11,567.01","-21,480.583","-200,655.172","-1,097,950","-628,945.896","-579,950","-1,490,783.195","13,650","700","17,305.847","53,550","29,750","350","20,785.681","-3,444.824","-62,221.658","4,289.354","20,500.511","6,821.694","-55,936.61","9,388.668","11,488.137","6,699.27","64,380.644","7,425.44","9,558.954","79,910.17","44,733.63","-1,483.832","1,690.527","0","81,488.258","505,981.785","26,660.637","0","0","10,662.766","10,673.284","3,329.48","82,000","0","-1,691,979.566","-331,532.028","-90,400","-11,114,067.949","-13,369.375","-73,110.8","-21,113.239","-37,364.482","199,997.947","-42,344.428","58,147.903","0","-35,897.436","-34,782.609","-2,338,727.077",,"833,333.333","0","140,016.194","-73,684.211","0","0","65,733.67","0","36,363.636","0","-18,711.864","0","-40,000","0","0","0","0","0","0","0","17,647.059","0","72,727.273","17,647.059","66,666.667","40,000","40,000","36,363.636","40,000",,"0","17,647.059","28,571.429","0","0","0","0","0","0","0","0","0","0","0","0","0","0","0","0","0","0"