name,ttm,03/31/2022,12/31/2021,09/30/2021,06/30/2021,03/31/2021,12/31/2020,09/30/2020,06/30/2020,03/31/2020,12/31/2019,09/30/2019,06/30/2019,03/31/2019,12/31/2018,09/30/2018,06/30/2018,03/31/2018,12/31/2017,09/30/2017,06/30/2017,03/31/2017,12/31/2016,09/30/2016,06/30/2016,03/31/2016,12/31/2015,09/30/2015,06/30/2015,03/31/2015,12/31/2014,09/30/2014,06/30/2014,03/31/2014,12/31/2013,09/30/2013,06/30/2013,03/31/2013,12/31/2012,09/30/2012,06/30/2012,03/31/2012,12/31/2011,09/30/2011,06/30/2011,03/31/2011,12/31/2010,09/30/2010,06/30/2010,03/31/2010,12/31/2009,09/30/2009,06/30/2009,03/31/2009,12/31/2008,09/30/2008,06/30/2008,03/31/2008,12/31/2007,09/30/2007,06/30/2007,03/31/2007,12/31/2006,09/30/2006,06/30/2006,03/31/2006,12/31/2005,09/30/2005,06/30/2005,03/31/2005,12/31/2004,09/30/2004,06/30/2004,03/31/2004,12/31/2003,09/30/2003,06/30/2003,03/31/2003,12/31/2002,09/30/2002,06/30/2002,03/31/2002,12/31/2001,09/30/2001,06/30/2001,03/31/2001,12/31/2000,09/30/2000,06/30/2000,03/31/2000,12/31/1999,09/30/1999,06/30/1999,03/31/1999,12/31/1998,09/30/1998,06/30/1998,03/31/1998,12/31/1997,09/30/1997,06/30/1997,03/31/1997,12/31/1996,09/30/1996,06/30/1996,03/31/1996,12/31/1995,09/30/1995,06/30/1995,03/31/1995,12/31/1994,09/30/1994,06/30/1994,03/31/1994,12/31/1993,09/30/1993,06/30/1993,03/31/1993,12/31/1992,09/30/1992,06/30/1992,03/31/1992,12/31/1991,09/30/1991,06/30/1991,03/31/1991,12/31/1990,09/30/1990,06/30/1990,03/31/1990,12/31/1989,09/30/1989,06/30/1989,03/31/1989,12/31/1988,09/30/1988,06/30/1988,03/31/1988,12/31/1987,09/30/1987,06/30/1987,03/31/1987,12/31/1986,09/30/1986,06/30/1986,03/31/1986,12/31/1985,09/30/1985
TotalRevenue,"3,237,660,000","827,724,000","806,819,000","795,111,000","808,006,000","783,232,000","786,569,000","728,084,000","746,290,000","627,041,000","666,331,000","340,409,000","362,728,000","342,496,000","342,839,000","314,433,000","321,075,000","294,746,000","281,470,000","261,503,000","273,717,000","244,987,000","231,822,000","221,520,000","241,470,000","205,105,000","191,434,000","189,207,000","196,683,000","182,709,000","176,736,000","185,833,000","187,921,000","173,555,000","171,765,000","151,172,000","155,045,000","145,170,000","125,889,000","132,292,000","136,910,000","132,590,000","126,757,000","138,373,000","131,783,000","129,997,000","120,887,000","120,134,000","113,237,000","97,531,000","68,785,000","65,538,000","66,067,000","64,111,000","74,278,000","87,766,000","91,809,000","80,956,000","74,256,000","72,671,000","71,971,000","67,085,000","63,342,000","60,797,000","64,944,000","59,363,000","53,827,000","54,391,000","57,007,000","53,313,000","43,213,000","40,507,000","42,990,000","39,129,000","34,635,000","34,094,000","32,852,000","32,356,000","31,431,000","31,571,000","30,108,000","27,441,000","27,446,000","28,693,000","32,352,000","32,531,000","31,738,000","26,713,000","20,957,000","19,781,000","16,900,000","16,200,000","17,300,000","15,500,000","15,200,000","13,800,000","14,500,000","16,200,000","15,100,000","15,500,000","14,700,000","13,700,000","12,200,000","12,100,000","11,800,000","10,100,000","8,000,000","8,100,000","8,400,000","8,000,000","5,900,000","5,400,000","5,200,000","5,000,000","4,400,000","4,200,000","4,600,000","4,500,000","4,200,000","3,800,000","3,900,000","4,200,000","4,300,000","4,100,000","4,100,000","3,900,000","3,400,000","3,600,000","3,700,000","3,900,000","4,100,000","3,400,000","3,600,000","3,800,000","3,300,000","3,300,000","3,500,000","3,300,000","2,900,000","2,700,000","2,400,000","2,500,000","2,500,000","2,500,000","2,100,000","2,200,000","2,200,000","2,200,000"
	OperatingRevenue,"3,237,660,000","827,724,000","806,819,000","795,111,000","808,006,000","783,232,000","786,569,000","728,084,000","746,290,000","627,041,000","666,331,000","340,409,000","362,728,000","342,496,000","342,839,000","314,433,000","321,075,000","294,746,000","281,470,000","261,503,000","273,717,000","244,987,000","231,822,000","221,520,000","241,470,000","205,105,000","191,434,000","189,207,000","196,683,000","182,709,000","176,736,000","185,833,000","187,921,000","173,555,000","171,765,000","151,172,000","155,045,000","145,170,000","125,889,000","132,292,000","136,910,000","132,590,000","126,757,000","138,373,000","131,783,000","129,997,000","120,887,000","120,134,000","113,237,000","97,531,000","68,785,000","65,538,000","66,067,000","64,111,000","74,278,000","87,766,000","91,809,000","80,956,000","74,256,000","72,671,000","71,971,000","67,085,000","63,342,000","60,797,000","64,944,000","59,363,000","53,827,000","54,391,000","57,007,000","53,313,000","43,213,000","40,507,000","42,990,000","39,129,000","34,635,000","34,094,000","32,852,000","32,356,000","28,898,000","31,571,000","30,108,000","27,441,000","27,446,000","28,693,000","32,352,000","32,531,000","31,738,000","26,713,000","20,957,000","19,781,000","16,900,000","16,200,000","17,300,000","15,500,000","15,200,000","13,800,000","14,500,000","16,200,000","15,100,000","15,500,000","14,700,000","13,700,000","12,200,000","12,100,000","11,800,000","10,100,000","8,000,000","8,100,000","8,400,000","8,000,000","5,900,000","5,400,000","5,200,000","5,000,000","4,400,000","4,200,000","4,600,000","4,500,000","4,200,000","3,800,000","3,900,000","4,200,000","4,300,000","4,100,000","4,100,000","3,900,000","3,400,000","3,600,000","3,700,000","3,900,000","4,100,000","3,400,000","3,600,000","3,800,000","3,300,000","3,300,000","3,500,000","3,300,000","2,900,000","2,700,000","2,400,000","2,500,000","2,500,000","2,500,000","2,100,000","2,200,000","2,200,000","2,200,000"
CostOfRevenue,"1,961,649,000","506,051,000","495,652,000","478,921,000","500,379,000","483,676,000","464,103,000","441,520,000","444,153,000","381,108,000","517,991,000","217,269,000","224,076,000","215,212,000","211,333,000","190,526,000","193,580,000","176,361,000","172,037,000","155,528,000","164,939,000","147,277,000","137,559,000","133,918,000","148,859,000","127,436,000","120,090,000","118,018,000","121,687,000","116,984,000","113,718,000","117,974,000","125,600,000","118,865,000","118,371,000","94,826,000","104,185,000","94,169,000","79,019,000","83,457,000","88,648,000","86,589,000","83,289,000","83,363,000","77,004,000","77,149,000","70,851,000","70,898,000","65,195,000","58,697,000","41,254,000","38,389,000","41,367,000","41,424,000","42,908,000","50,405,000","53,960,000","47,659,000","43,257,000","41,262,000","39,676,000","36,224,000","33,803,000","34,051,000","38,258,000","35,055,000","31,929,000","30,788,000","30,739,000","30,544,000","23,180,000","20,414,000","22,976,000","19,525,000","18,991,000","18,066,000","9,341,000","20,064,000","17,540,000","18,087,000","12,654,000","19,848,000","16,726,000","17,627,000","22,071,000","18,270,000","16,678,000","13,788,000","10,239,000","11,315,000","8,100,000","7,800,000","8,800,000","7,600,000","7,900,000","7,800,000","8,000,000","8,200,000","6,700,000","7,200,000","7,000,000","6,500,000","5,400,000","5,500,000","5,400,000","4,900,000","4,000,000","4,000,000","4,300,000","4,200,000","2,800,000","2,600,000","1,700,000","3,000,000","2,200,000","2,000,000","2,000,000","2,600,000","2,300,000","2,100,000","2,100,000","2,500,000","2,500,000","2,100,000","2,200,000","2,400,000","1,700,000","1,600,000","1,700,000","2,000,000","1,900,000","1,600,000",,,,,,,,,,,,,,,,
GrossProfit,"1,276,011,000","321,673,000","311,167,000","316,190,000","307,627,000","299,556,000","322,466,000","286,564,000","302,137,000","245,933,000","148,340,000","123,140,000","138,652,000","127,284,000","131,506,000","123,907,000","127,495,000","118,385,000","109,433,000","105,975,000","108,778,000","97,710,000","94,263,000","87,602,000","92,611,000","77,669,000","71,344,000","71,189,000","74,996,000","65,725,000","63,018,000","67,859,000","62,321,000","54,690,000","53,394,000","56,346,000","50,860,000","51,001,000","46,870,000","48,835,000","48,262,000","46,001,000","43,468,000","55,010,000","54,779,000","52,848,000","50,036,000","49,236,000","48,042,000","38,834,000","27,531,000","27,149,000","24,700,000","22,687,000","31,370,000","37,361,000","37,849,000","33,297,000","30,999,000","31,409,000","32,295,000","30,861,000","29,539,000","26,746,000","26,686,000","24,308,000","21,898,000","23,603,000","26,268,000","22,769,000","20,033,000","20,093,000","20,014,000","19,604,000","15,644,000","16,028,000","23,511,000","12,292,000","13,891,000","13,484,000","17,454,000","7,593,000","10,720,000","11,066,000","10,281,000","14,261,000","15,060,000","12,925,000","10,718,000","8,466,000","8,800,000","8,400,000","8,500,000","7,900,000","7,300,000","6,000,000","6,500,000","8,000,000","8,400,000","8,300,000","7,700,000","7,200,000","6,800,000","6,600,000","6,400,000","5,200,000","4,000,000","4,100,000","4,100,000","3,800,000","3,100,000","2,800,000","3,500,000","2,000,000","2,200,000","2,200,000","2,600,000","1,900,000","1,900,000","1,700,000","1,800,000","1,700,000","1,800,000","2,000,000","1,900,000","1,500,000","1,700,000","2,000,000","2,000,000","1,900,000","2,200,000","1,800,000",,,,,,,,,,,,,,,,
OperatingExpense,"878,777,000","214,904,000","212,945,000","221,140,000","210,434,000","214,475,000","203,751,000","185,434,000","234,641,000","176,897,000","226,918,000","141,615,000","97,933,000","96,154,000","91,900,000","86,694,000","89,270,000","83,647,000","76,886,000","76,198,000","73,103,000","68,671,000","67,127,000","63,911,000","63,697,000","58,279,000","49,563,000","49,461,000","51,783,000","48,066,000","46,487,000","48,463,000","47,617,000","45,947,000","43,826,000","42,859,000","35,690,000","32,998,000","31,935,000","32,241,000","30,570,000","29,027,000","27,724,000","30,345,000","29,023,000","27,178,000","25,808,000","26,575,000","26,861,000","24,305,000","20,333,000","18,653,000","17,455,000","15,166,000","17,315,000","19,739,000","19,458,000","17,714,000","16,936,000","19,240,000","18,418,000","18,714,000","17,347,000","16,650,000","15,485,000","12,816,000","14,709,000","14,925,000","16,171,000","13,788,000","12,213,000","12,357,000","12,411,000","12,219,000","10,525,000","11,304,000","18,109,000","8,099,000","7,244,000","10,398,000","13,758,000","5,977,000","8,135,000","7,598,000","4,768,000","9,748,000","10,091,000","9,652,000","8,079,000","5,677,000","6,400,000","5,900,000","5,400,000","5,500,000","5,500,000","5,000,000","5,100,000","5,500,000","5,700,000","5,400,000","5,200,000","4,700,000","4,600,000","4,300,000","4,400,000","3,600,000","3,100,000","2,900,000","3,100,000","2,800,000","2,500,000","2,300,000","3,200,000","1,800,000","2,000,000","2,000,000","2,600,000","1,700,000","1,700,000","1,800,000","1,600,000","1,400,000","1,500,000","1,600,000","1,600,000","1,600,000","1,600,000","1,700,000","1,600,000","1,600,000","1,700,000","1,300,000",,,,,,,,,,,,,,,,
	SellingGeneralAndAdministration,"513,820,000","118,009,000","117,617,000","132,174,000","126,666,000","131,244,000","118,893,000","107,186,000","134,152,000","82,133,000","119,218,000","105,495,000","61,731,000","60,128,000","58,136,000","53,523,000","55,924,000","53,087,000","49,122,000","50,624,000","47,137,000","43,291,000","43,495,000","42,079,000","43,595,000","43,333,000","37,408,000","36,310,000","39,185,000","35,192,000","33,642,000","35,520,000","36,295,000","33,848,000","32,471,000","35,112,000","29,993,000","27,217,000","26,309,000","26,656,000","25,037,000","23,329,000","24,214,000","26,812,000","24,039,000","23,286,000","21,991,000","22,729,000","20,544,000","18,985,000","16,921,000","14,939,000","13,767,000","13,554,000","14,199,000","16,548,000","17,112,000","15,722,000","14,916,000","14,313,000","13,472,000","14,359,000","13,871,000","13,362,000","14,072,000","11,212,000","11,301,000","11,499,000","12,507,000","10,674,000","9,713,000","9,001,000","9,199,000","9,152,000","7,782,000","8,226,000","6,959,000","7,664,000","6,692,000","7,195,000","5,900,000","4,824,000","4,876,000","5,645,000","6,177,000","6,083,000","6,239,000","6,268,000","4,942,000","4,933,000","4,200,000","3,800,000","3,600,000","3,600,000","3,400,000","3,000,000","3,500,000","3,700,000","3,700,000","3,500,000","3,500,000","3,200,000","3,000,000","3,000,000","3,000,000","2,600,000","2,200,000","2,100,000","2,200,000","2,000,000","1,600,000","1,500,000","2,800,000","1,300,000","1,500,000","1,500,000","2,100,000","1,300,000","1,200,000","1,300,000","1,200,000","1,400,000","1,100,000","1,200,000","1,300,000","1,200,000","1,200,000","1,300,000","1,300,000","1,300,000","1,300,000","1,100,000",,,,,,,,,,,,,,,,
	ResearchAndDevelopment,"364,957,000","96,895,000","95,328,000","88,966,000","83,768,000","83,231,000","84,858,000","78,248,000","100,489,000","94,764,000","107,700,000","36,120,000","36,202,000","36,026,000","33,764,000","33,171,000","33,346,000","30,560,000","27,764,000","25,574,000","25,966,000","25,380,000","23,632,000","21,832,000","20,102,000","14,946,000","12,155,000","13,151,000","12,598,000","12,874,000","12,845,000","12,943,000","11,322,000","12,099,000","11,355,000","7,747,000","5,697,000","5,781,000","5,626,000","5,585,000","5,533,000","5,698,000","5,016,000","5,163,000","4,984,000","3,892,000","3,357,000","3,846,000","6,317,000","5,320,000","2,287,000","3,714,000","2,286,000","1,612,000","3,116,000","3,191,000","2,346,000","1,992,000","2,020,000","4,927,000","4,946,000","4,355,000","3,476,000","3,288,000","1,413,000","1,604,000","3,408,000","3,426,000","3,664,000","3,114,000","2,500,000","3,356,000","3,212,000","3,067,000","2,743,000","3,078,000","11,150,000","435,000","552,000","3,203,000","7,858,000","1,153,000","3,259,000","1,953,000","4,872,000","1,088,000","1,808,000","1,724,000","2,071,000","744,000","800,000","700,000","800,000","700,000","900,000","800,000","800,000","900,000","900,000","800,000","1,000,000","700,000","700,000","500,000","700,000","400,000","300,000","200,000","400,000","300,000","400,000","300,000",,,,,,,,,,,,,,,,,,,,,,,,,,,,,,,,,,,,
	DepreciationAmortizationDepletionIncomeStatement,,,,,,,,,,,,,,,,,,,,,,,,,,,,,,,,,,,,,,,,,,,,,,,,,,,,,,,,,,,,,,,,,,,,,,,,,,,,,,,,,,,,,,"2,577,000","2,044,000","1,660,000","1,066,000",,"1,400,000","1,400,000","1,000,000","1,200,000","1,200,000","1,200,000","800,000","900,000","1,100,000","1,100,000","700,000","800,000","900,000","800,000","700,000","600,000","600,000","600,000","500,000","500,000","500,000","500,000","400,000","500,000","500,000","500,000","500,000","400,000","500,000","500,000","400,000",,"400,000","400,000","300,000","400,000","400,000","400,000","300,000","300,000","400,000","200,000",,,,,,,,,,,,,,,,
		DepreciationAndAmortizationInIncomeStatement,,,,,,,,,,,,,,,,,,,,,,,,,,,,,,,,,,,,,,,,,,,,,,,,,,,,,,,,,,,,,,,,,,,,,,,,,,,,,,,,,,,,,,"2,577,000","2,044,000","1,660,000","1,066,000",,"1,400,000","1,400,000","1,000,000","1,200,000","1,200,000","1,200,000","800,000","900,000","1,100,000","1,100,000","700,000","800,000","900,000","800,000","700,000","600,000","600,000","600,000","500,000","500,000","500,000","500,000","400,000","500,000","500,000","500,000","500,000","400,000","500,000","500,000","400,000",,"400,000","400,000","300,000","400,000","400,000","400,000","300,000","300,000","400,000","200,000",,,,,,,,,,,,,,,,
	OtherOperatingExpenses,,,,,,,,,,,,,,,,,,,,,,,,,,,,,,,,,,,,,,,,,,,"-1,506,000","-1,630,000",,,"460,000","-2,062,000",,,"1,125,000",,,,,,,,,,,,,,,,,,,,,,,,,,,,,,,,,,,,,,,,,,,,,,,,,,,,,,,,,,,,,,,,,,,,,,,,,,,,,,,,,,,,,,,,,,,,,,,,,
OperatingIncome,"397,234,000","106,769,000","98,222,000","95,050,000","97,193,000","85,081,000","118,715,000","101,130,000","67,496,000","69,036,000","-78,578,000","-18,475,000","40,719,000","31,130,000","39,606,000","37,213,000","38,225,000","34,738,000","32,547,000","29,777,000","35,675,000","29,039,000","27,136,000","23,691,000","28,914,000","19,390,000","21,781,000","21,728,000","23,213,000","17,659,000","16,531,000","19,396,000","14,704,000","8,743,000","9,568,000","13,487,000","15,170,000","18,003,000","14,935,000","16,594,000","17,692,000","16,974,000","15,744,000","24,665,000","25,756,000","25,670,000","24,228,000","22,661,000","21,181,000","14,529,000","7,198,000","8,496,000","7,245,000","7,521,000","14,055,000","17,622,000","18,391,000","15,583,000","14,063,000","12,169,000","13,877,000","12,147,000","12,192,000","10,096,000","11,201,000","11,492,000","7,189,000","8,678,000","10,097,000","8,981,000","7,820,000","7,736,000","7,603,000","7,385,000","5,119,000","4,724,000","5,402,000","4,193,000","6,647,000","3,086,000","3,696,000","1,616,000","2,585,000","3,468,000","5,513,000","4,513,000","4,969,000","3,273,000","2,639,000","2,789,000","2,400,000","2,500,000","3,100,000","2,400,000","1,800,000","1,000,000","1,400,000","2,500,000","2,700,000","2,900,000","2,500,000","2,500,000","2,200,000","2,300,000","2,000,000","1,600,000","900,000","1,200,000","1,000,000","1,000,000","600,000","500,000","300,000","200,000","200,000","200,000","0","200,000","200,000","-100,000","200,000","300,000","300,000","400,000","300,000","-100,000","100,000","300,000","400,000","300,000","500,000","500,000","-7,900,000","3,800,000","3,300,000","3,300,000","-7,000,000","3,300,000","2,900,000","2,700,000","-6,200,000","2,500,000","2,500,000","2,500,000","-6,400,000","2,200,000","2,200,000","2,200,000"
NetNonOperatingInterestIncomeExpense,"-86,818,000","-43,499,000","-17,062,000","-12,191,000","-14,066,000","-13,034,000","-15,585,000","-17,214,000","-25,521,000","-28,530,000","-28,390,000","-6,968,000","-5,606,000","-5,647,000","-5,580,000","-5,584,000","-5,049,000","-5,014,000","-4,644,000","-3,645,000","-2,262,000","-1,936,000","-1,365,000","-1,246,000","-1,066,000","-769,000","-597,000","-649,000","-777,000","-844,000","-1,038,000","-1,204,000","-1,415,000","-1,412,000","-1,169,000","-483,000","-452,000","-449,000","-223,000","-36,000","-28,000","-48,000","-77,000","-59,000","-14,000","-34,000","-25,000","-30,000","-43,000","-1,000","-19,000","-24,000","-28,000","-68,000",,,,,,,,,,,,,,,,,,,,,,,,,,,,,,,,,,,,,,,,,,,,,,,,,,,,,,,,,,,,,,,,,,,,,,,,,,,,,,,,,,,,,,,,,,,,,,
	InterestExpenseNonOperating,"86,818,000","43,499,000","17,062,000","12,191,000","14,066,000","13,034,000","15,585,000","17,214,000","25,521,000","28,530,000","28,390,000","6,968,000","5,606,000","5,647,000","5,580,000","5,584,000","5,049,000","5,014,000","4,644,000","3,645,000","2,262,000","1,936,000","1,365,000","1,246,000","1,066,000","769,000","597,000","649,000","777,000","844,000","1,038,000","1,204,000","1,415,000","1,412,000","1,169,000","483,000","452,000","449,000","223,000","36,000","28,000","48,000","77,000","59,000","14,000","34,000","25,000","30,000","43,000","1,000","19,000","24,000","28,000","68,000",,,,,,,,,,,,,,,,,,,,,,,,,,,,,,,,,,,,,,,,,,,,,,,,,,,,,,,,,,,,,,,,,,,,,,,,,,,,,,,,,,,,,,,,,,,,,,
OtherIncomeExpense,"15,659,000","-241,000","-1,806,000","7,582,000","10,124,000","21,432,000","3,153,000","-24,339,000","-1,264,000","-7,168,000","-487,000","-5,079,000","-384,000","1,532,000","701,000","713,000","1,031,000","1,496,000","1,965,000","767,000","445,000","2,164,000","6,045,000","1,402,000","429,000","-1,257,000","994,000","1,057,000","97,000","-1,534,000","9,295,000","-1,682,000","868,000","1,694,000","1,125,000","-67,000","442,000","1,401,000","4,551,000","761,000","1,721,000","2,311,000",,"1,630,000","57,000","1,431,000",,"-2,062,000",,"-82,000","205,000","-73,000",,"1,460,000","-2,877,000","202,000","200,000","654,000","27,509,000","1,134,000","639,000","518,000","937,000","508,000","-16,997,000","164,000","101,000","1,297,000","-449,000","16,000","203,000","491,000","-137,000","-105,000","149,000","91,000","97,000","93,000","-200,000","114,000","-1,424,000","353,000","95,000","565,000","-592,000","-180,000","-543,000","-67,000","-112,000",,"100,000","100,000",,"100,000","100,000","-100,000","-100,000",,"-200,000",,"200,000","100,000","200,000","100,000","200,000","100,000","100,000",,"0","100,000",,,"100,000","100,000",,"700,000",,,,,,,,,,,,,"0",,,"100,000",,,,,,,,,,,,,,,,
	EarningsFromEquityInterest,,,,,,,,,,,,,,,,,,,,,,,,,,,,,,,,,,,,,,,,,,,,,,,,,,,,,,,,,"0",,,,,,,,,,,,,,,,,,,,,,,,,,,,,,,,,,,,,,,,,,,,,,,,,,,,,,,,,,,,,,,,,,,,,,,,,,,,,,,,,,,,,,,,,,,
	SpecialIncomeCharges,,,,,,,,,,,,,,,,,,,,,,,,,,,,,,,,,,,,,,,,,,,,"1,630,000","57,000","1,431,000",,"-2,062,000",,"-82,000","205,000","-73,000",,"1,460,000","-2,877,000","202,000","200,000","654,000","27,509,000","1,134,000","639,000","518,000","937,000","508,000","-16,997,000","164,000","101,000","1,297,000","-449,000","16,000","203,000","491,000","-137,000","-105,000","149,000","91,000","97,000","93,000","-200,000","114,000","-1,424,000","353,000","95,000","565,000","-592,000","-180,000","-543,000","-67,000","-112,000",,"100,000","100,000",,"100,000","100,000","-100,000","-100,000",,"-200,000",,"200,000","100,000","200,000","100,000","200,000","100,000","100,000",,"0","100,000",,,"100,000","100,000",,"700,000",,,,,,,,,,,,,"0",,,"100,000",,,,,,,,,,,,,,,,
	OtherNonOperatingIncomeExpenses,"15,659,000","-241,000","-1,806,000","7,582,000","10,124,000","21,432,000","3,153,000","-24,339,000","-1,264,000","-7,168,000","-487,000","-5,079,000","-384,000","1,532,000","701,000","713,000","1,031,000","1,496,000","1,965,000","767,000","445,000","2,164,000","6,045,000","1,402,000","429,000","-1,257,000","994,000","1,057,000","97,000","-1,534,000","9,295,000","-1,682,000","868,000","1,694,000","1,125,000","-67,000","442,000","1,401,000","4,551,000","761,000","1,721,000","2,311,000",,,,,,,,,,,,,,,,,,,,,,,,,,,,,,,,,,,,,,,,,,,,,,,,,,,,,,,,,,,,,,,,,,,,,,,,,,,,,,,,,,,,,,,,,,,,,,,,,,,,,,,,,,
PretaxIncome,"326,075,000","63,029,000","79,354,000","90,441,000","93,251,000","93,479,000","106,283,000","59,577,000","40,711,000","33,338,000","-107,455,000","-30,522,000","34,729,000","27,015,000","34,727,000","32,342,000","34,207,000","31,220,000","29,868,000","26,899,000","33,858,000","29,267,000","31,816,000","23,847,000","28,277,000","17,364,000","22,178,000","22,136,000","22,533,000","15,281,000","24,788,000","16,510,000","14,157,000","9,025,000","9,524,000","12,937,000","15,160,000","18,955,000","19,263,000","17,319,000","19,385,000","19,237,000","15,667,000","24,606,000","25,799,000","27,067,000","24,203,000","24,693,000","21,088,000","14,446,000","7,384,000","8,399,000","8,432,000","8,913,000","11,121,000","17,799,000","18,565,000","16,215,000","41,502,000","13,178,000","14,382,000","12,461,000","12,834,000","10,230,000","-6,273,000","11,198,000","6,840,000","9,570,000","9,275,000","8,576,000","7,935,000","8,164,000","7,406,000","7,179,000","5,151,000","4,681,000","5,349,000","4,112,000","3,667,000","2,922,000","2,041,000","1,656,000","2,322,000","3,491,000","4,422,000","3,676,000","3,589,000","2,869,000","2,436,000","2,625,000","2,400,000","2,400,000","3,100,000","2,200,000","1,900,000","900,000","1,500,000","2,600,000","2,600,000","3,000,000","2,800,000","2,600,000","2,400,000","2,400,000","2,100,000","1,600,000","1,100,000","1,100,000","1,100,000","1,100,000","600,000","600,000","500,000","300,000",,"800,000",,,,,"100,000","300,000",,"400,000","200,000","-200,000",,"300,000","300,000","300,000","700,000","500,000",,,,,,,,,,,,,,,,
TaxProvision,"52,658,000","14,027,000","11,697,000","15,977,000","10,957,000","12,387,000","18,383,000","13,311,000","-10,550,000","27,417,000","-9,242,000","-4,524,000","6,701,000","2,377,000","6,025,000","6,193,000","7,040,000","1,122,000","20,272,000","5,758,000","1,211,000","6,837,000","7,913,000","7,553,000","13,934,000","2,426,000","3,187,000","4,922,000","5,464,000","773,000","2,692,000","4,208,000","1,502,000","494,000","2,086,000","3,243,000","4,922,000","2,861,000","6,796,000","4,187,000","4,614,000","4,967,000","2,147,000","5,892,000","3,633,000","3,871,000","4,948,000","6,292,000","4,874,000","4,208,000","1,400,000","2,100,000","2,167,000","2,177,000","2,782,000","281,000","3,214,000","2,862,000","14,742,000","3,555,000","3,073,000","2,412,000","3,724,000","2,732,000","2,312,000","3,748,000","1,660,000","2,821,000","2,445,000","2,315,000","2,142,000","2,205,000","1,382,000","2,404,000","1,727,000","1,567,000","1,723,000","1,093,000","898,000","716,000","25,000","492,000","577,000","1,152,000","1,669,000","1,241,000","1,246,000","909,000","456,000","574,000","700,000","700,000","1,000,000","700,000","600,000","300,000","400,000","800,000","800,000","900,000","800,000","800,000","700,000","700,000","500,000","400,000","300,000","300,000","300,000","300,000","100,000","200,000","200,000","100,000",,"300,000",,,,,"100,000","100,000",,"100,000","0","-100,000",,"100,000","200,000","100,000","300,000","200,000",,,,,,,,,,,,,,,,
NetIncomeCommonStockholders,"205,606,000","31,854,000","50,954,000","57,382,000","65,416,000","74,079,000","81,000,000","39,826,000","51,261,000","5,921,000","-98,213,000","-25,998,000","28,028,000","24,638,000","28,702,000","26,149,000","27,167,000","30,098,000","9,596,000","21,141,000","32,647,000","22,430,000","23,903,000","16,294,000","14,343,000","14,938,000","18,991,000","17,214,000","17,069,000","14,508,000","22,096,000","12,302,000","12,655,000","8,531,000","7,569,000","9,694,000","10,026,000","15,869,000","12,200,000","12,718,000","14,446,000","13,994,000","13,287,000","18,579,000","22,039,000","23,119,000","19,157,000","18,367,000","15,977,000","10,313,000","5,981,000","6,306,000","6,117,000","4,810,000","8,359,000","17,495,000","14,838,000","13,048,000","26,760,000","9,623,000","11,309,000","10,049,000","9,110,000","7,498,000","-8,585,000","7,450,000","5,180,000","6,749,000","6,830,000","6,261,000","5,793,000","5,959,000","6,024,000","4,775,000","3,424,000","3,114,000","3,626,000","3,019,000","2,769,000","2,206,000","2,016,000","1,164,000","1,745,000","2,339,000","2,753,000","2,435,000","2,343,000","1,960,000","1,980,000","2,051,000","1,700,000","1,700,000","2,100,000","1,500,000","1,300,000","600,000","1,100,000","1,800,000","1,800,000","2,100,000","2,000,000","1,800,000","1,700,000","1,700,000","1,600,000","1,200,000","800,000","800,000","800,000","800,000","500,000","400,000","300,000","200,000","100,000","500,000","0","100,000","100,000","-100,000","0","200,000","200,000","300,000","200,000","-100,000","100,000","200,000","100,000","200,000","400,000","300,000",,,,,,,,,,,,,,,,
	NetIncome,"273,417,000","49,002,000","67,657,000","74,464,000","82,294,000","81,092,000","87,900,000","46,266,000","51,261,000","5,921,000","-98,213,000","-25,998,000","28,028,000","24,638,000","28,702,000","26,149,000","27,167,000","30,098,000","9,596,000","21,141,000","32,647,000","22,430,000","23,903,000","16,294,000","14,343,000","14,938,000","18,991,000","17,214,000","17,069,000","14,508,000","22,096,000","12,302,000","12,655,000","8,531,000","7,569,000","9,694,000","10,026,000","15,869,000","12,200,000","12,718,000","14,446,000","13,994,000","13,287,000","18,579,000","22,039,000","23,119,000","19,157,000","18,367,000","15,977,000","10,313,000","5,981,000","6,306,000","6,117,000","4,810,000","8,359,000","17,495,000","14,838,000","13,048,000","26,760,000","9,623,000","11,309,000","10,049,000","9,110,000","7,498,000","-8,585,000","7,450,000","5,180,000","6,749,000","6,830,000","6,261,000","5,793,000","5,959,000","6,024,000","4,775,000","3,424,000","3,114,000","3,626,000","3,019,000","2,769,000","2,206,000","2,016,000","1,164,000","1,745,000","2,339,000","2,753,000","2,435,000","2,343,000","1,960,000","1,980,000","2,051,000","1,700,000","1,700,000","2,100,000","1,500,000","1,300,000","600,000","1,100,000","1,800,000","1,800,000","2,100,000","2,000,000","1,800,000","1,700,000","1,700,000","1,600,000","1,200,000","800,000","800,000","800,000","800,000","500,000","400,000","300,000","200,000","100,000","500,000","0","100,000","100,000","-100,000","0","200,000","200,000","300,000","200,000","-100,000","100,000","200,000","100,000","200,000","400,000","300,000",,,,,,,,,,,,,,,,
		NetIncomeIncludingNoncontrollingInterests,"273,417,000","49,002,000","67,657,000","74,464,000","82,294,000","81,092,000","87,900,000","46,266,000","51,261,000","5,921,000","-98,213,000","-25,998,000","28,028,000","24,638,000","28,702,000","26,149,000","27,167,000","30,098,000","9,596,000","21,141,000","32,647,000","22,430,000","23,903,000","16,294,000","14,343,000","14,938,000","18,991,000","17,214,000","17,069,000","14,508,000","22,096,000","12,302,000","12,655,000","8,531,000","7,569,000","9,694,000","10,238,000","16,094,000","12,467,000","13,132,000","14,771,000","14,270,000","13,520,000","18,714,000","22,166,000","23,196,000","19,255,000","18,401,000","16,214,000","10,238,000","5,984,000","6,299,000","6,117,000","4,810,000","8,359,000","17,495,000","14,838,000","13,048,000","26,760,000","9,623,000","11,309,000","10,049,000","9,110,000","7,498,000","-8,585,000","7,450,000","5,180,000","6,749,000","6,830,000","6,261,000","5,793,000","5,959,000","6,024,000","4,775,000","3,424,000","3,114,000","3,626,000","3,019,000","2,769,000","2,206,000","2,016,000","1,164,000","1,745,000","2,339,000","2,753,000","2,435,000","2,343,000","1,960,000","1,980,000","2,051,000","1,700,000","1,700,000","2,100,000","1,500,000","1,300,000","600,000","1,100,000","1,800,000","1,800,000","2,100,000","2,000,000","1,800,000","1,700,000","1,700,000","1,600,000","1,200,000","800,000","800,000","800,000","800,000","500,000","400,000","300,000","200,000","100,000","500,000","0","100,000","100,000","-100,000","0","200,000","200,000","300,000","200,000","-100,000","100,000","200,000","100,000","200,000","400,000","300,000","400,000","500,000","400,000","400,000","400,000","400,000","300,000","200,000","100,000","200,000","200,000","200,000","100,000",,"100,000",
			NetIncomeContinuousOperations,"273,417,000","49,002,000","67,657,000","74,464,000","82,294,000","81,092,000","87,900,000","46,266,000","51,261,000","5,921,000","-98,213,000","-25,998,000","28,028,000","24,638,000","28,702,000","26,149,000","27,167,000","30,098,000","9,596,000","21,141,000","32,647,000","22,430,000","23,903,000","16,294,000","14,343,000","14,938,000","18,991,000","17,214,000","17,069,000","14,508,000","22,096,000","12,302,000","12,655,000","8,531,000","7,438,000","9,694,000","10,238,000","16,094,000","12,467,000","13,132,000","14,771,000","14,270,000","13,520,000","18,714,000","22,166,000","23,196,000","19,255,000","18,401,000","16,214,000","10,238,000","5,984,000","6,299,000","6,265,000","6,736,000","8,339,000","17,518,000","15,351,000","13,353,000","26,760,000","9,623,000","11,309,000","10,049,000","9,110,000","7,498,000","-8,585,000","7,450,000","5,180,000","6,749,000","6,830,000","6,261,000","5,793,000","5,959,000","6,024,000","4,775,000","3,424,000","3,114,000","3,626,000","3,019,000","2,769,000","2,206,000","2,016,000","1,164,000","1,745,000","2,339,000","2,753,000","2,435,000","2,343,000","1,960,000","1,980,000","2,051,000","1,700,000","1,700,000","2,100,000","1,500,000","1,300,000","600,000","1,100,000","1,800,000","1,800,000","2,100,000","2,000,000","1,800,000","1,700,000","1,700,000","1,600,000","1,200,000","800,000","800,000","800,000","800,000","500,000","400,000","300,000","200,000","100,000","500,000","0","100,000","100,000","-100,000","0","200,000","200,000","300,000","200,000","-100,000","100,000","200,000","100,000","200,000","400,000","300,000","400,000","500,000","400,000","400,000","400,000","400,000","300,000","200,000","100,000","200,000","200,000","200,000","100,000",,"100,000",
			NetIncomeDiscontinuousOperations,,,,,,,,,,,,,,,,,,,,,,,,,,,,,"0",,"0","0","0","0","131,000",,,,,,,,,,,,,,"0","0","0","0","-148,000","-1,926,000","20,000","-23,000","-513,000","-305,000",,,,,,,,,,,,,,,,,,,,,,,,,,,,,,,,,,,,,,,,,,,,,,,,,,,,,,,,,,,,,,,,,,,,,,,,,,,,,,,,,,,,,,,,,,
		MinorityInterests,,,,,,,,,,,,,,,,,,,,,,,,,,,,,,,,,"0","0","0","0","-212,000","-225,000","-267,000","-414,000","-325,000","-276,000","-233,000","-135,000","-127,000","-77,000","-98,000","-34,000","-237,000","75,000","-3,000","7,000",,,,,,,,,,,,,,,,,,,,,,,,,,,,,,,,,,,,,,,,,,,,,,,,,,,,,,,,,,,,,,,,,,,,,,,,,,,,,,,,,,,,,,,,,,,,,,,,
	PreferredStockDividends,"67,811,000","17,148,000","16,703,000","17,082,000","16,878,000","7,013,000","6,900,000","6,440,000",,,,,,,,,,,,,,,,,,,,,,,,,,,,,,,,,,,,,,,,,,,,,,,,,,,,,,,,,,,,,,,,,,,,,,,,,,,,,,,,,,,,,,,,,,,,,,,,,,,,,,,,,,,,,,,,,,,,,,,,,,,,,,,,,,,,,,,,,,,,
AverageDilutionEarnings,"4,715,000","571,000","577,000",,"3,066,000","3,066,000","3,066,000",,,,,,,,,,,,,,,,,,,,,,,,,,,,,,,,,,,,,,,,,,,,,,,,,,,,,,,,,,,,,,,,,,,,,,,,,,,,,,,,,,,,,,,,,,,,,,,,,,,,,,,,,,,,,,,,,,,,,,,,,,,,,,,,,,,,,,,,,,,,,
DilutedNIAvailtoComStockholders,"210,322,000","32,425,000","51,531,000","57,382,000","68,482,000","77,145,000","84,066,000","39,826,000","51,261,000","5,921,000","-98,213,000","-25,998,000","28,028,000","24,638,000","28,702,000","26,149,000","27,167,000","30,098,000","9,596,000","21,141,000","32,647,000","22,430,000","23,903,000","16,294,000","14,343,000","14,938,000","18,991,000","17,214,000","17,069,000","14,508,000","22,096,000","12,302,000","12,655,000","8,531,000","7,569,000","9,694,000","10,026,000","15,869,000","12,200,000","12,718,000","14,446,000","13,994,000","13,287,000","18,579,000","22,039,000","23,119,000","19,157,000","18,367,000","15,977,000","10,313,000","5,981,000","6,306,000","6,117,000","4,810,000","8,359,000","17,495,000","14,838,000","13,048,000","26,760,000","9,623,000","11,309,000","10,049,000","9,110,000","7,498,000","-8,585,000","7,450,000","5,180,000","6,749,000","6,830,000","6,261,000","5,793,000","5,959,000","6,024,000","4,775,000","3,424,000","3,114,000","3,626,000","3,019,000","2,769,000","2,206,000","2,016,000","1,164,000","1,745,000","2,339,000","2,753,000","2,435,000","2,343,000","1,960,000","1,980,000","2,051,000","1,700,000","1,700,000","2,100,000","1,500,000","1,300,000","600,000","1,100,000","1,800,000","1,800,000","2,100,000","2,000,000","1,800,000","1,700,000","1,700,000","1,600,000","1,200,000","800,000","800,000","800,000","800,000","500,000","400,000","300,000","200,000","100,000","500,000","0","100,000","100,000","-100,000","0","200,000","200,000","300,000","200,000","-100,000","100,000","200,000","100,000","200,000","400,000","300,000",,,,,,,,,,,,,,,,
BasicEPS,,"0.3","0.48","0.54","0.62","0.71","0.78","0.39","0.56","0.07","-1.08","-0.39","0.44","0.38","0.44","0.41","0.44","0.48","0.15","0.34","0.52","0.36","0.38","0.26","0.23","0.24","0.31","0.28",,"0.24","0.36","0.2","0.21","0.14","0.12","0.16","0.16","0.26","0.19","0.2","0.23","0.22","0.21","0.3",,"0.37","0.31","0.295",,"0.17","0.1","0.105",,"0.08","0.14","0.29",,"0.215","0.45","0.165",,"0.17","0.155","0.13",,"0.125","0.09","0.115",,"0.105","0.1","0.103",,"0.083","0.06","0.055",,"0.053","0.05","0.04",,"0.02","0.033","0.043",,"0.045","0.043","0.038",,"0.04","0.033","0.035",,"0.03","0.028","0.013",,"0.035","0.035","0.04",,"0.035","0.033","0.033",,"0.023","0.018","0.02",,"0.02","0.013","0.01",,"0.005","0.003","0.015",,"0.003","0.003","-0.003",,"0.005","0.005","0.008",,"-0.005","0.003","0.008",,"0.005","0.01","0.008",,"0.013","0.01","0.01",,"0.01","0.008","0.008",,"0.008","0.008","0.008",,"0.003","0.003","0.003"
DilutedEPS,,"0.28","0.44","0.5","0.59","0.66","0.73","0.38","0.53","0.06","-1.08","-0.39","0.43","0.38","0.44","0.4","0.42","0.45","0.15","0.32","0.5","0.35","0.37","0.26","0.23","0.24","0.3","0.27",,"0.23","0.35","0.2","0.2","0.13","0.12","0.15","0.16","0.25","0.19","0.2","0.22","0.22","0.21","0.29",,"0.36","0.3","0.29",,"0.165","0.1","0.105",,"0.08","0.14","0.285",,"0.215","0.44","0.16",,"0.165","0.15","0.125",,"0.125","0.085","0.115",,"0.105","0.098","0.1",,"0.08","0.058","0.053",,"0.053","0.048","0.038",,"0.02","0.03","0.04",,"0.043","0.04","0.035",,"0.039","0.033","0.035",,"0.03","0.025","0.013",,"0.035","0.035","0.04",,"0.035","0.033","0.033",,"0.023","0.018","0.02",,"0.02","0.013","0.01",,"0.005","0.003","0.015",,"0.003","0.003","-0.003",,"0.005","0.005","0.008",,"-0.005","0.003","0.008",,"0.005","0.01","0.008",,"0.013","0.01","0.01",,"0.01","0.008","0.008",,"0.008","0.008","0.008",,"0.003","0.003","0.003"
BasicAverageShares,,"106,323,000","106,158,000","105,761,000","104,957,000","104,767,000","104,092,000","102,809,000","91,517,000","91,081,000","90,886,000","65,969,000","63,719,000","63,612,000","65,673,000","63,420,000","62,500,000","62,427,000","62,302,000","62,744,000","63,099,000","62,807,000","62,390,000","62,020,000","61,707,000","61,369,000","61,165,000","61,223,000",,"61,082,000","61,129,000","61,508,000","61,695,000","62,355,000","62,563,000","62,379,000","62,180,000","62,130,000","62,580,000","62,786,000","63,019,000","62,855,000","62,720,000","62,698,000",,"62,352,000","62,078,000","61,808,000",,"61,332,000","59,152,000","59,094,000",,"59,040,000","59,354,000","59,882,000",,"60,688,372","59,466,667","58,321,212",,"59,111,765","58,774,194","57,676,923",,"59,600,000","57,555,556","58,686,957",,"59,628,571","57,930,000","58,136,585",,"57,878,788","57,066,667","56,618,182",,"57,504,762","55,380,000","55,150,000",,"58,200,000","53,692,308","55,035,294",,"54,111,111","55,129,412","52,266,667",,"51,275,000","52,307,692","48,571,429",,"50,000,000","47,272,727","48,000,000",,"51,428,571","51,428,571","52,500,000",,"51,428,571","52,307,692","52,307,692",,"53,333,333","45,714,286","40,000,000",,"40,000,000","40,000,000","40,000,000",,"40,000,000","40,000,000","33,333,333",,"40,000,000","40,000,000","40,000,000",,"40,000,000","40,000,000","40,000,000",,"40,000,000","40,000,000","41,656,000",,"40,000,000","40,000,000","40,000,000",,"33,440,000","33,440,000","33,440,000",,"33,440,000","33,440,000","33,440,000",,,,,,,,
DilutedAverageShares,,"116,949,000","116,440,000","115,849,000","116,225,000","116,302,000","115,053,000","105,247,000","102,142,000","93,435,000","90,886,000","65,969,000","65,686,000","65,701,000","65,673,000","66,158,000","65,100,000","72,382,000","65,038,000","65,283,000","65,032,000","65,010,000","64,407,000","63,590,000","63,297,000","63,053,000","62,673,000","62,729,000",,"62,513,000","62,276,000","62,789,000","63,115,000","63,746,000","63,935,000","63,947,000","63,622,000","63,724,000","64,022,000","64,199,000","64,579,000","64,628,000","64,194,000","64,065,000",,"64,208,000","63,780,000","63,288,000",,"62,388,000","60,126,000","59,762,000",,"59,400,000","59,976,000","59,882,000",,"60,688,372","60,818,182","60,143,750",,"60,903,030","60,733,333","59,984,000",,"59,600,000","60,941,176","58,686,957",,"59,628,571","59,415,385","59,590,000",,"59,687,500","59,547,826","59,314,286",,"57,504,762","58,294,737","58,826,667",,"58,200,000","58,166,667","58,475,000",,"57,294,118","58,575,000","56,000,000",,"52,929,032","52,307,692","48,571,429",,"50,000,000","52,000,000","48,000,000",,"51,428,571","51,428,571","52,500,000",,"51,428,571","52,307,692","52,307,692",,"53,333,333","45,714,286","40,000,000",,"40,000,000","40,000,000","40,000,000",,"40,000,000","40,000,000","33,333,333",,"40,000,000","40,000,000","40,000,000",,"40,000,000","40,000,000","40,000,000",,"40,000,000","40,000,000","41,656,000",,"40,000,000","40,000,000","40,000,000",,"33,440,000","33,440,000","33,440,000",,"33,440,000","33,440,000","33,440,000",,,,,,,,
TotalExpenses,"2,840,426,000","720,955,000","708,597,000","700,061,000","710,813,000","698,151,000","667,854,000","626,954,000","678,794,000","558,005,000","744,909,000","358,884,000","322,009,000","311,366,000","303,233,000","277,220,000","282,850,000","260,008,000","248,923,000","231,726,000","238,042,000","215,948,000","204,686,000","197,829,000","212,556,000","185,715,000","169,653,000","167,479,000","173,470,000","165,050,000","160,205,000","166,437,000","173,217,000","164,812,000","162,197,000","137,685,000","139,875,000","127,167,000","110,954,000","115,698,000","119,218,000","115,616,000","111,013,000","113,708,000","106,027,000","104,327,000","96,659,000","97,473,000","92,056,000","83,002,000","61,587,000","57,042,000","58,822,000","56,590,000","60,223,000","70,144,000","73,418,000","65,373,000","60,193,000","60,502,000","58,094,000","54,938,000","51,150,000","50,701,000","53,743,000","47,871,000","46,638,000","45,713,000","46,910,000","44,332,000","35,393,000","32,771,000","35,387,000","31,744,000","29,516,000","29,370,000","27,450,000","28,163,000","24,784,000","28,485,000","26,412,000","25,825,000","24,861,000","25,225,000","26,839,000","28,018,000","26,769,000","23,440,000","18,318,000","16,992,000","14,500,000","13,700,000","14,200,000","13,100,000","13,400,000","12,800,000","13,100,000","13,700,000","12,400,000","12,600,000","12,200,000","11,200,000","10,000,000","9,800,000","9,800,000","8,500,000","7,100,000","6,900,000","7,400,000","7,000,000","5,300,000","4,900,000","4,900,000","4,800,000","4,200,000","4,000,000","4,600,000","4,300,000","4,000,000","3,900,000","3,700,000","3,900,000","4,000,000","3,700,000","3,800,000","4,000,000","3,300,000","3,300,000","3,300,000","3,600,000","3,600,000","2,900,000",,,,,,,,,,,,,,,,
NetIncomeFromContinuingAndDiscontinuedOperation,"273,417,000","49,002,000","67,657,000","74,464,000","82,294,000","81,092,000","87,900,000","46,266,000","51,261,000","5,921,000","-98,213,000","-25,998,000","28,028,000","24,638,000","28,702,000","26,149,000","27,167,000","30,098,000","9,596,000","21,141,000","32,647,000","22,430,000","23,903,000","16,294,000","14,343,000","14,938,000","18,991,000","17,214,000","17,069,000","14,508,000","22,096,000","12,302,000","12,655,000","8,531,000","7,569,000","9,694,000","10,026,000","15,869,000","12,200,000","12,718,000","14,446,000","13,994,000","13,287,000","18,579,000","22,039,000","23,119,000","19,157,000","18,367,000","15,977,000","10,313,000","5,981,000","6,306,000","6,117,000","4,810,000","8,359,000","17,495,000","14,838,000","13,048,000","26,760,000","9,623,000","11,309,000","10,049,000","9,110,000","7,498,000","-8,585,000","7,450,000","5,180,000","6,749,000","6,830,000","6,261,000","5,793,000","5,959,000","6,024,000","4,775,000","3,424,000","3,114,000","3,626,000","3,019,000","2,769,000","2,206,000","2,016,000","1,164,000","1,745,000","2,339,000","2,753,000","2,435,000","2,343,000","1,960,000","1,980,000","2,051,000","1,700,000","1,700,000","2,100,000","1,500,000","1,300,000","600,000","1,100,000","1,800,000","1,800,000","2,100,000","2,000,000","1,800,000","1,700,000","1,700,000","1,600,000","1,200,000","800,000","800,000","800,000","800,000","500,000","400,000","300,000","200,000","100,000","500,000","0","100,000","100,000","-100,000","0","200,000","200,000","300,000","200,000","-100,000","100,000","200,000","100,000","200,000","400,000","300,000",,,,,,,,,,,,,,,,
NormalizedIncome,"273,417,000","49,002,000","67,657,000","74,464,000","82,294,000","81,092,000","87,900,000","46,266,000","51,261,000","5,921,000","-98,213,000","-25,998,000","28,028,000","24,638,000","28,702,000","26,149,000","27,167,000","30,098,000","9,596,000","21,141,000","32,647,000","22,430,000","23,903,000","16,294,000","14,343,000","14,938,000","18,991,000","17,214,000","17,069,000","14,508,000","22,096,000","12,302,000","12,655,000","8,531,000","7,438,000","9,694,000","10,026,000","15,869,000","12,200,000","12,718,000","14,446,000","13,994,000","13,287,000","18,579,000","21,990,026.706","21,892,655.152","19,157,000","19,903,583.728","15,977,000","10,371,114.08","5,814,867.822","6,360,747.827","6,265,000","5,632,604.959","10,496,297.275","17,319,189.056","15,185,624.293","12,814,433.117","9,022,521.324","8,794,916.679","10,806,535.044","9,631,266.11","8,444,886.24","7,125,665.298","1,613,200","7,340,891.231","5,103,511.696","5,834,323.615","7,160,638.275","6,249,319.03","5,644,798.488","5,600,613.302","6,135,435.053","4,844,839.114","3,324,955.931","3,053,462.935","3,560,245.279","2,950,720.088","2,920,022.634","2,119,934.292","3,422,557.57","915,876.812","1,673,606.804","1,960,445.145","3,121,560.832","2,554,232.862","2,697,485.651","2,005,772.046","2,071,034.483","2,051,000","1,629,166.667","1,629,166.667","2,100,000","1,431,818.182","1,231,578.947","666,666.667","1,173,333.333","1,800,000","1,938,461.538","2,100,000","1,857,142.857","1,730,769.231","1,558,333.333","1,629,166.667","1,447,619.048","1,125,000","727,272.727","800,000","800,000","727,272.727","500,000","400,000","240,000","133,333.333","100,000","62,500","0","100,000","100,000","-100,000","0","200,000","200,000","300,000","200,000","-100,000","100,000","200,000","100,000","200,000","400,000","240,000",,,,,,,,,,,,,,,,
InterestExpense,"86,818,000","43,499,000","17,062,000","12,191,000","14,066,000","13,034,000","15,585,000","17,214,000","25,521,000","28,530,000","28,390,000","6,968,000","5,606,000","5,647,000","5,580,000","5,584,000","5,049,000","5,014,000","4,644,000","3,645,000","2,262,000","1,936,000","1,365,000","1,246,000","1,066,000","769,000","597,000","649,000","777,000","844,000","1,038,000","1,204,000","1,415,000","1,412,000","1,169,000","483,000","452,000","449,000","223,000","36,000","28,000","48,000","77,000","59,000","14,000","34,000","25,000","30,000","43,000","1,000","19,000","24,000","28,000","68,000",,,,,,,,,,,,,,,,,,,,,,,,,,,,,,,,,,,,,,,,,,,,,,,,,,,,,,,,,,,,,,,,,,,,,,,,,,,,,,,,,,,,,,,,,,,,,,
NetInterestIncome,"-86,818,000","-43,499,000","-17,062,000","-12,191,000","-14,066,000","-13,034,000","-15,585,000","-17,214,000","-25,521,000","-28,530,000","-28,390,000","-6,968,000","-5,606,000","-5,647,000","-5,580,000","-5,584,000","-5,049,000","-5,014,000","-4,644,000","-3,645,000","-2,262,000","-1,936,000","-1,365,000","-1,246,000","-1,066,000","-769,000","-597,000","-649,000","-777,000","-844,000","-1,038,000","-1,204,000","-1,415,000","-1,412,000","-1,169,000","-483,000","-452,000","-449,000","-223,000","-36,000","-28,000","-48,000","-77,000","-59,000","-14,000","-34,000","-25,000","-30,000","-43,000","-1,000","-19,000","-24,000","-28,000","-68,000",,,,,,,,,,,,,,,,,,,,,,,,,,,,,,,,,,,,,,,,,,,,,,,,,,,,,,,,,,,,,,,,,,,,,,,,,,,,,,,,,,,,,,,,,,,,,,
EBIT,"412,893,000","106,528,000","96,416,000","102,632,000","107,317,000","106,513,000","121,868,000","76,791,000","66,232,000","61,868,000","-79,065,000","-23,554,000","40,335,000","32,662,000","40,307,000","37,926,000","39,256,000","36,234,000","34,512,000","30,544,000","36,120,000","31,203,000","33,181,000","25,093,000","29,343,000","18,133,000","22,775,000","22,785,000","23,310,000","16,125,000","25,826,000","17,714,000","15,572,000","10,437,000","10,693,000","13,420,000","15,612,000","19,404,000","19,486,000","17,355,000","19,413,000","19,285,000","15,744,000","24,665,000","25,813,000","27,101,000","24,228,000","24,723,000","21,131,000","14,447,000","7,403,000","8,423,000","8,460,000","8,981,000","14,055,000","17,622,000","18,391,000","15,583,000","14,063,000","12,169,000","13,877,000","12,147,000","12,192,000","10,096,000","11,201,000","11,492,000","7,189,000","8,678,000","10,097,000","8,981,000","7,820,000","7,736,000","7,603,000","7,385,000","5,119,000","4,724,000","5,402,000","4,193,000","6,647,000","3,086,000","3,696,000","1,616,000","2,585,000","3,468,000","5,513,000","4,513,000","4,969,000","3,273,000","2,639,000","2,789,000","2,400,000","2,500,000","3,100,000","2,400,000","1,800,000","1,000,000","1,400,000","2,500,000","2,700,000","2,900,000","2,500,000","2,500,000","2,200,000","2,300,000","2,000,000","1,600,000","900,000","1,200,000","1,000,000","1,000,000","600,000","500,000","300,000","200,000","200,000","200,000","0","200,000","200,000","-100,000","200,000","300,000","300,000","400,000","300,000","-100,000","100,000","300,000","400,000","300,000","500,000","500,000","-7,900,000","3,800,000","3,300,000","3,300,000","-7,000,000","3,300,000","2,900,000","2,700,000","-6,200,000","2,500,000","2,500,000","2,500,000","-6,400,000","2,200,000","2,200,000","2,200,000"
EBITDA,"696,626,000"
ReconciledCostOfRevenue,"1,961,649,000","506,051,000","495,652,000","478,921,000","500,379,000","483,676,000","464,103,000","441,520,000","444,153,000","381,108,000","517,991,000","217,269,000","224,076,000","215,212,000","211,333,000","190,526,000","193,580,000","176,361,000","172,037,000","155,528,000","164,939,000","147,277,000","137,559,000","133,918,000","148,859,000","127,436,000","120,090,000","118,018,000","121,687,000","116,984,000","113,718,000","117,974,000","125,600,000","118,865,000","118,371,000","94,826,000","104,185,000","94,169,000","79,019,000","83,457,000","88,648,000","86,589,000","83,289,000","83,363,000","77,004,000","77,149,000","70,851,000","70,898,000","65,195,000","58,697,000","41,254,000","38,389,000","41,367,000","41,424,000","42,908,000","50,405,000","53,960,000","47,659,000","43,257,000","41,262,000","39,676,000","36,224,000","33,803,000","34,051,000","38,258,000","35,055,000","31,929,000","30,788,000","30,739,000","30,544,000","23,180,000","20,414,000","22,976,000","19,525,000","18,991,000","18,066,000","9,341,000","20,064,000","17,540,000","18,087,000","12,654,000","19,848,000","16,726,000","17,627,000","22,071,000","18,270,000","16,678,000","13,788,000","10,239,000","11,315,000","8,100,000","7,800,000","8,800,000","7,600,000","7,900,000","7,800,000","8,000,000","8,200,000","6,700,000","7,200,000","7,000,000","6,500,000","5,400,000","5,500,000","5,400,000","4,900,000","4,000,000","4,000,000","4,300,000","4,200,000","2,800,000","2,600,000","1,700,000","3,000,000","2,300,000","2,000,000","2,000,000","2,600,000","2,400,000","2,100,000","2,100,000","2,500,000","2,500,000","2,100,000","2,200,000","2,400,000","1,700,000","1,600,000","1,700,000","2,000,000","1,800,000","1,600,000",,,,,,,,,,,,,,,,
ReconciledDepreciation,"283,733,000","72,815,000","71,027,000","69,692,000","70,199,000","67,984,000","67,201,000","64,685,000","73,758,000","38,024,000","82,152,000","26,948,000","24,738,000","23,128,000","22,329,000","22,170,000","22,621,000","19,924,000","19,409,000","18,816,000","18,915,000","14,924,000","14,916,000","14,882,000","14,878,000","14,661,000","13,819,000","13,305,000","13,841,000","12,610,000","13,071,000","13,561,000","13,673,000","13,192,000","14,397,000","11,836,000","10,936,000","10,759,000","10,163,000","9,071,000","9,132,000","8,729,000","8,522,000","8,310,000","7,112,000","4,878,000","6,845,000","6,834,000","6,569,000","6,382,000","4,058,000","4,030,000","4,119,000","3,533,000","3,859,000","3,843,000","3,490,000","3,529,000","4,171,000","4,334,000","4,758,000","3,810,000","4,100,000","4,077,000","4,337,000","3,745,000","4,001,000","3,701,000","3,708,000","3,454,000","2,934,000","2,609,000","2,393,000","2,495,000","2,387,000","2,358,000","2,076,000","2,368,000","2,462,000","2,421,000","2,279,000","2,150,000","2,146,000","2,217,000","2,423,000","2,577,000","2,044,000","1,660,000","1,066,000","1,134,000","1,400,000","1,400,000","1,000,000","1,200,000","1,200,000","1,200,000","800,000","900,000","1,100,000","1,100,000","700,000","800,000","900,000","800,000","700,000","600,000","600,000","600,000","500,000","500,000","500,000","500,000","400,000","500,000","400,000","500,000","500,000","400,000","400,000","500,000","400,000","400,000","400,000","400,000","300,000","400,000","400,000","400,000","300,000","300,000","500,000","200,000",,,,,,,,,,,,,,,,
NetIncomeFromContinuingOperationNetMinorityInterest,"273,417,000","49,002,000","67,657,000","74,464,000","82,294,000","81,092,000","87,900,000","46,266,000","51,261,000","5,921,000","-98,213,000","-25,998,000","28,028,000","24,638,000","28,702,000","26,149,000","27,167,000","30,098,000","9,596,000","21,141,000","32,647,000","22,430,000","23,903,000","16,294,000","14,343,000","14,938,000","18,991,000","17,214,000","17,069,000","14,508,000","22,096,000","12,302,000","12,655,000","8,531,000","7,438,000","9,694,000","10,026,000","15,869,000","12,200,000","12,718,000","14,446,000","13,994,000","13,287,000","18,579,000","22,039,000","23,119,000","19,157,000","18,367,000","15,977,000","10,313,000","5,981,000","6,306,000","6,265,000","6,736,000","8,339,000","17,518,000","15,351,000","13,353,000","26,760,000","9,623,000","11,309,000","10,049,000","9,110,000","7,498,000","-8,585,000","7,450,000","5,180,000","6,749,000","6,830,000","6,261,000","5,793,000","5,959,000","6,024,000","4,775,000","3,424,000","3,114,000","3,626,000","3,019,000","2,769,000","2,206,000","2,016,000","1,164,000","1,745,000","2,339,000","2,753,000","2,435,000","2,343,000","1,960,000","1,980,000","2,051,000","1,700,000","1,700,000","2,100,000","1,500,000","1,300,000","600,000","1,100,000","1,800,000","1,800,000","2,100,000","2,000,000","1,800,000","1,700,000","1,700,000","1,600,000","1,200,000","800,000","800,000","800,000","800,000","500,000","400,000","300,000","200,000","100,000","500,000","0","100,000","100,000","-100,000","0","200,000","200,000","300,000","200,000","-100,000","100,000","200,000","100,000","200,000","400,000","300,000",,,,,,,,,,,,,,,,
TotalUnusualItemsExcludingGoodwill,,,,,,,,,,,,,,,,,,,,,,,,,,,,,,,,,,,,,,,,,,,,"1,630,000","57,000","1,431,000",,"-2,062,000",,"-82,000","205,000","-73,000",,"1,460,000","-2,877,000","202,000","200,000","654,000","27,509,000","1,134,000","639,000","518,000","937,000","508,000","-16,997,000","164,000","101,000","1,297,000","-449,000","16,000","203,000","491,000","-137,000","-105,000","149,000","91,000","97,000","93,000","-200,000","114,000","-1,424,000","353,000","95,000","565,000","-592,000","-180,000","-543,000","-67,000","-112,000",,"100,000","100,000",,"100,000","100,000","-100,000","-100,000",,"-200,000",,"200,000","100,000","200,000","100,000","200,000","100,000","100,000",,"0","100,000",,,"100,000","100,000",,"700,000",,,,,,,,,,,,,"0",,,"100,000",,,,,,,,,,,,,,,,
TotalUnusualItems,,,,,,,,,,,,,,,,,,,,,,,,,,,,,,,,,,,,,,,,,,,,"1,630,000","57,000","1,431,000",,"-2,062,000",,"-82,000","205,000","-73,000",,"1,460,000","-2,877,000","202,000","200,000","654,000","27,509,000","1,134,000","639,000","518,000","937,000","508,000","-16,997,000","164,000","101,000","1,297,000","-449,000","16,000","203,000","491,000","-137,000","-105,000","149,000","91,000","97,000","93,000","-200,000","114,000","-1,424,000","353,000","95,000","565,000","-592,000","-180,000","-543,000","-67,000","-112,000",,"100,000","100,000",,"100,000","100,000","-100,000","-100,000",,"-200,000",,"200,000","100,000","200,000","100,000","200,000","100,000","100,000",,"0","100,000",,,"100,000","100,000",,"700,000",,,,,,,,,,,,,"0",,,"100,000",,,,,,,,,,,,,,,,
NormalizedEBITDA,"696,626,000","179,343,000","167,443,000","172,324,000","177,516,000","174,497,000","189,069,000","141,476,000","139,990,000","99,892,000","3,087,000","3,394,000","65,073,000","55,790,000","62,636,000","60,096,000","61,877,000","56,158,000","53,921,000","49,360,000","55,035,000","46,127,000","48,097,000","39,975,000","44,221,000","32,794,000","36,594,000","36,090,000","37,151,000","28,735,000","38,897,000","31,275,000","29,245,000","23,629,000","25,090,000","25,256,000","26,548,000","30,163,000","29,649,000","26,426,000","28,545,000","28,014,000","24,266,000","32,975,000","32,868,000","30,548,000","31,073,000","33,619,000","27,700,000","20,911,000","11,256,000","12,526,000","12,579,000","11,054,000","20,791,000","21,263,000","21,681,000","18,458,000","-9,275,000","15,369,000","17,996,000","15,439,000","15,355,000","13,665,000","32,535,000","15,073,000","11,089,000","11,082,000","14,254,000","12,419,000","10,551,000","9,854,000","10,133,000","9,985,000","7,357,000","6,991,000","7,381,000","6,468,000","9,309,000","5,393,000","7,399,000","3,413,000","4,636,000","5,120,000","8,528,000","7,270,000","7,556,000","5,000,000","3,817,000","3,923,000","3,700,000","3,800,000","4,100,000","3,500,000","2,900,000","2,300,000","2,300,000","3,400,000","4,000,000","4,000,000","3,000,000","3,200,000","2,900,000","3,000,000","2,500,000","2,100,000","1,400,000","1,800,000","1,500,000","1,400,000","1,100,000","1,000,000","600,000","600,000","700,000","0","500,000","600,000","700,000","400,000","600,000","700,000","700,000","800,000","600,000","300,000","500,000","700,000","700,000","600,000","1,000,000","600,000","-7,900,000","3,800,000","3,300,000","3,300,000","-7,000,000","3,300,000","2,900,000","2,700,000","-6,200,000","2,500,000","2,500,000","2,500,000","-6,400,000","2,200,000","2,200,000","2,200,000"
TaxRateForCalcs,"0.161","0.223","0.147","0.18","0.118","0.133","0.173","0.223","0.27","0.27","0.086","0.148","0.193","0.088","0.173","0.191","0.206","0.036","0.4","0.214","0.036","0.234","0.249","0.317","0.4","0.14","0.144","0.222","0.242","0.051","0.109","0.255","0.106","0.055","0.219","0.251","0.325","0.151","0.353","0.242","0.238","0.258","0.137","0.239","0.141","0.143","0.204","0.255","0.231","0.291","0.19","0.25","0.257","0.244","0.25","0.016","0.173","0.177","0.355","0.27","0.214","0.194","0.29","0.267","0.4","0.335","0.243","0.295","0.264","0.27","0.27","0.27","0.187","0.335","0.335","0.335","0.322","0.266","0.245","0.245","0.012","0.297","0.248","0.33","0.377","0.338","0.347","0.317","0.187","0.219","0.292","0.292","0.323","0.318","0.316","0.333","0.267","0.308","0.308","0.3","0.286","0.308","0.292","0.292","0.238","0.25","0.273","0.273","0.273","0.273","0.167","0.333","0.4","0.333","0.4","0.375","0.4","0.4","0.4","0.4","0.4","0.333","0.4","0.25","0","0.4","0.4","0.333","0.4","0.333","0.4","0.4",,,,,,,,,,,,,,,,
TaxEffectOfUnusualItems,"0","0","0","0","0","0","0","0","0","0","0","0","0","0","0","0","0","0","0","0","0","0","0","0","0","0","0","0","0","0","0","0","0","0","0","0","0","0","0","0","0","0","0","0","8,026.706","204,655.152","0","-525,416.272","0","-23,885.92","38,867.822","-18,252.173","0","356,604.959","-719,702.725","3,189.056","34,624.293","115,433.117","9,771,521.324","305,916.679","136,535.044","100,266.11","271,886.24","135,665.298","-6,798,800","54,891.231","24,511.696","382,323.615","-118,361.725","4,319.03","54,798.488","132,613.302","-25,564.947","-35,160.886","49,955.931","30,462.935","31,245.279","24,720.088","-48,977.366","27,934.292","-17,442.43","104,876.812","23,606.804","186,445.145","-223,439.168","-60,767.138","-188,514.349","-21,227.954","-20,965.517","0","29,166.667","29,166.667","0","31,818.182","31,578.947","-33,333.333","-26,666.667","0","-61,538.462","0","57,142.857","30,769.231","58,333.333","29,166.667","47,619.048","25,000","27,272.727","0","0","27,272.727","0","0","40,000","33,333.333","0","262,500","0","0","0","0","0","0","0","0","0","0","0","0","0","0","0","40,000",,,,,,,,,,,,,,,,