name,ttm,03/31/2022,12/31/2021,09/30/2021,06/30/2021,03/31/2021,12/31/2020,09/30/2020,06/30/2020,03/31/2020,12/31/2019,09/30/2019,06/30/2019,03/31/2019,12/31/2018,09/30/2018,06/30/2018,03/31/2018,12/31/2017,09/30/2017,06/30/2017,03/31/2017,12/31/2016,09/30/2016,06/30/2016,03/31/2016,12/31/2015,09/30/2015,06/30/2015,03/31/2015,12/31/2014,09/30/2014,06/30/2014,03/31/2014,12/31/2013,09/30/2013,06/30/2013,03/31/2013,12/31/2012,09/30/2012,06/30/2012,03/31/2012,12/31/2011,09/30/2011,06/30/2011,03/31/2011,12/31/2010,09/30/2010,06/30/2010,03/31/2010,12/31/2009,09/30/2009,06/30/2009,03/31/2009,12/31/2008,09/30/2008,06/30/2008,03/31/2008,12/31/2007,09/30/2007,06/30/2007,03/31/2007,12/31/2006,09/30/2006,06/30/2006,03/31/2006,12/31/2005,09/30/2005,06/30/2005,03/31/2005,12/31/2004,09/30/2004,06/30/2004,03/31/2004,12/31/2003,09/30/2003,06/30/2003,03/31/2003,12/31/2002,09/30/2002,06/30/2002,03/31/2002,12/31/2001,09/30/2001,06/30/2001,03/31/2001,12/31/2000,09/30/2000,06/30/2000,03/31/2000,12/31/1999,09/30/1999,06/30/1999,03/31/1999,12/31/1998,09/30/1998,06/30/1998,03/31/1998,12/31/1997,09/30/1997,06/30/1997,03/31/1997,12/31/1996,09/30/1996,06/30/1996,03/31/1996,12/31/1995,09/30/1995,06/30/1995,03/31/1995,12/31/1994,09/30/1994,06/30/1994,03/31/1994,12/31/1993,09/30/1993,06/30/1993,03/31/1993,12/31/1992,09/30/1992,06/30/1992,03/31/1992,12/31/1991,09/30/1991,06/30/1991,03/31/1991,12/31/1990,09/30/1990,06/30/1990,03/31/1990,12/31/1989,09/30/1989,06/30/1989,03/31/1989,12/31/1988,09/30/1988,06/30/1988,03/31/1988,12/31/1987,09/30/1987,06/30/1987,03/31/1987,12/31/1986,09/30/1986,06/30/1986,03/31/1986,12/31/1985
TotalRevenue,"5,381,569,904","1,377,118,668","1,391,529,510","1,335,456,593","1,277,465,132","1,184,554,737","1,190,443,141","1,197,172,283","1,189,599,756","1,145,482,049","1,078,354,937","1,076,090,855","1,062,262,169","1,001,843,929","1,061,836,658","1,059,688,048","1,034,768,578","984,562,174","1,013,786,078","1,089,391,692","984,397,728","946,151,967","982,758,339","962,373,849","957,177,645","924,312,049","951,113,863","952,837,765","945,974,494","915,334,689","964,496,835","964,838,498","978,261,998","947,760,587","945,124,870","955,198,912","931,911,991","918,638,125","932,791,433","991,773,131","917,755,732","881,667,028","918,237,929","905,819,107","910,978,159","870,370,803","872,753,265","855,965,267","856,128,148","837,005,224","840,953,201","830,127,375","826,765,973","789,175,140","804,864,666","842,791,023","835,346,746","782,787,385","777,121,292","746,034,778","738,695,131","681,164,012","685,698,588","722,977,714","659,212,015","606,649,492","623,393,899","590,743,712","566,655,898","557,267,255","559,274,504","544,123,476","537,908,444","521,059,146","534,337,437","502,963,246","503,630,936","489,382,957","495,116,191","484,909,622","482,952,623","493,155,353","499,444,257","488,844,003","484,734,506","475,166,870","504,694,794","513,296,886","469,364,035","465,139,031","468,400,000","457,000,000","452,900,000","442,200,000","453,300,000","433,000,000","417,700,000","393,500,000","403,000,000","392,300,000","386,400,000","376,100,000","381,100,000","380,600,000","370,400,000","364,200,000","357,400,000","379,200,000","347,800,000","328,000,000","330,200,000","320,200,000","313,900,000","301,500,000","297,900,000","295,300,000","289,200,000","280,800,000","276,600,000","275,400,000","272,700,000","258,700,000","259,500,000","260,100,000","262,100,000","260,000,000","262,300,000","260,500,000","258,100,000","243,600,000","244,600,000","253,200,000","226,600,000","213,100,000","210,900,000","207,800,000","199,900,000","189,500,000","183,300,000","176,400,000","173,300,000","158,400,000","158,900,000","155,600,000","150,600,000","139,300,000","145,200,000"
	OperatingRevenue,"5,381,569,904","1,377,118,668","1,391,529,510","1,335,456,593","1,277,465,132","1,184,554,737","1,190,443,141","1,197,172,283","1,189,599,756","1,145,482,049","1,078,354,937","1,076,090,855","1,062,262,169","1,001,843,929","1,061,836,658","1,059,688,048","1,034,768,578","984,562,174","1,013,786,078","1,089,391,692","984,397,728","946,151,967","982,758,339","962,373,849","957,177,645","924,312,049","951,113,863","952,837,765","945,974,494","915,334,689","964,496,835","964,838,498","978,261,998","947,760,587","945,124,870","955,198,912","931,911,991","918,638,125","932,791,433","991,773,131","917,755,732","881,667,028","918,237,929","905,819,107","910,978,159","870,370,803","872,753,265","855,965,267","856,128,148","837,005,224","840,953,201","830,127,375","826,765,973","789,175,140","804,864,666","842,791,025","835,346,746","782,787,385","777,121,292","746,034,778","738,695,131","681,164,012","685,698,588","722,977,714","659,212,015","606,649,492","623,393,899","590,743,712","566,655,898","557,267,255","559,274,504","544,123,476","537,908,444","521,059,146","534,334,437","502,963,246","503,630,936","489,382,957","495,116,191","484,909,622","482,952,623","493,155,353","499,444,257","488,844,003","484,734,506","475,166,870","504,694,794","513,296,886","469,364,035","465,139,031","468,400,000","457,000,000","452,900,000","442,200,000","453,300,000","433,000,000","417,700,000","393,500,000","403,000,000","392,300,000","386,400,000","376,100,000","381,100,000","380,600,000","370,400,000","364,200,000","357,400,000","379,200,000","347,800,000","328,000,000","330,200,000","320,200,000","313,900,000","301,500,000","297,900,000","295,300,000","289,200,000","280,800,000","276,600,000","275,400,000","272,700,000","258,700,000","259,500,000","260,100,000","262,100,000","260,000,000","262,300,000","260,500,000","258,100,000","243,600,000","244,600,000","253,200,000","226,600,000","213,100,000","210,900,000","207,800,000","199,900,000","189,500,000","183,300,000","176,400,000","173,300,000","158,400,000","158,900,000","155,600,000","150,600,000","139,300,000","145,200,000"
CostOfRevenue,"4,003,718,323","1,028,556,135","1,040,985,244","994,177,238","939,999,706","874,054,346","876,254,999","872,718,448","864,879,153","853,894,303","820,865,210","815,741,851","803,322,422","757,543,262","803,425,863","803,256,786","790,877,750","749,374,530","769,126,450","828,102,624","747,263,567","718,066,675","745,673,858","725,180,212","724,323,504","695,593,959","725,474,531","724,781,460","723,810,548","696,643,697","740,104,278","744,455,643","763,110,952","741,636,640","741,619,203","743,933,068","721,584,536","720,310,609","724,902,265","772,553,622","711,803,418","689,231,579","716,509,749","703,399,305","709,638,537","675,734,506","679,272,795","661,054,579","659,241,460","651,136,344","655,692,544","680,276,675","623,406,595","596,424,287","607,744,737","651,148,154","644,283,567","598,291,757","596,464,050","566,458,515","563,466,947","514,596,035","520,835,688","542,020,450","496,061,132","452,114,414","469,842,868","435,895,202","423,533,066","415,239,138","417,322,683","399,707,988","396,987,337","383,566,145","402,424,569","371,363,896","372,659,527","359,577,152","364,934,796","353,867,255","353,780,308","360,679,834","371,408,978","359,844,982","356,100,404","338,677,744","364,980,404","370,290,261","335,942,197","335,784,653","340,800,000","329,900,000","329,100,000","322,700,000","332,200,000","310,800,000","301,700,000","285,500,000","294,900,000","283,700,000","281,400,000","274,600,000","281,000,000","280,300,000","274,500,000","271,900,000","267,200,000","282,200,000","261,600,000","246,900,000","250,400,000","242,300,000","238,600,000","228,100,000","227,100,000","224,400,000","220,200,000","214,700,000","210,900,000","210,300,000","212,600,000","197,300,000","196,600,000","194,900,000","198,500,000","197,100,000","200,400,000","197,900,000","195,900,000","185,800,000","187,100,000","193,700,000","172,100,000",,,,,,,,,,,,,,
GrossProfit,"1,377,851,581","348,562,533","350,544,266","341,279,355","337,465,426","310,500,391","314,188,142","324,453,835","324,720,603","291,587,746","257,489,727","260,349,004","258,939,747","244,300,667","258,410,795","256,431,262","243,890,828","235,187,644","244,659,628","261,289,068","237,134,161","228,085,292","237,084,481","237,193,637","232,854,141","228,718,090","225,639,332","228,056,305","222,163,946","218,690,992","224,392,557","220,382,855","215,151,046","206,123,947","203,505,667","211,265,844","210,327,455","198,327,516","207,889,168","219,219,509","205,952,314","192,435,449","201,728,180","202,419,802","201,339,622","194,636,297","193,480,470","194,910,688","196,886,688","185,868,880","185,260,657","149,850,700","203,359,378","192,750,853","197,119,929","191,642,869","191,063,179","184,495,628","180,657,242","179,576,263","175,228,184","166,567,977","164,862,900","180,957,264","163,150,883","154,535,078","153,551,031","154,848,510","143,122,832","142,028,117","141,951,821","144,415,488","140,921,107","137,493,001","131,912,868","131,599,350","130,971,409","129,805,805","130,181,395","131,042,367","129,172,315","132,475,519","128,035,279","128,999,021","128,634,102","136,489,126","139,714,390","143,006,625","133,421,838","129,354,378","127,600,000","127,100,000","123,800,000","119,500,000","121,100,000","122,200,000","116,000,000","108,000,000","108,100,000","108,600,000","105,000,000","101,500,000","100,100,000","100,300,000","95,900,000","92,300,000","90,200,000","97,000,000","86,200,000","81,100,000","79,800,000","77,900,000","75,300,000","73,400,000","70,800,000","70,900,000","69,000,000","66,100,000","65,700,000","65,100,000","60,100,000","61,400,000","62,900,000","65,200,000","63,600,000","62,900,000","61,900,000","62,600,000","62,200,000","57,800,000","57,500,000","59,500,000","54,500,000",,,,,,,,,,,,,,
OperatingExpense,"1,003,106,929","254,739,175","260,085,404","248,872,363","239,409,986","236,850,173","238,199,077","236,778,021","234,596,892","228,395,420","221,978,850","222,245,751","216,462,666","216,466,382","218,684,665","220,885,874","214,718,142","211,641,694","208,828,396","220,230,186","207,595,217","203,023,241","206,296,215","204,940,516","199,433,998","196,147,853","194,072,287","193,025,813","190,730,349","185,578,000","186,978,851","184,092,895","182,718,535","178,402,604","177,430,181","178,861,740","177,812,125","174,977,866","174,845,782","185,737,659","171,739,425","168,745,518","171,380,379","171,891,824","169,187,068","168,006,544","166,928,866","166,117,827","163,874,428","162,247,552","160,527,312","126,657,062","169,970,689","169,783,554","167,161,341","165,111,243","157,506,263","152,670,192","149,125,807","138,527,261","140,538,641","138,217,230","135,441,316","146,022,271","129,690,435","126,728,010","129,193,934","128,042,404","120,525,692","120,501,344","121,237,628","119,877,942","115,500,971","116,656,965","116,612,138","62,563,212","114,169,105","113,473,940","113,185,647","114,004,422","110,133,781","113,940,380","112,166,167","113,201,970","111,327,509","109,272,048","124,248,576","128,242,153","118,418,708","115,273,571","113,200,000","111,500,000","109,000,000","105,500,000","106,900,000","107,400,000","102,900,000","96,300,000","96,100,000","95,200,000","90,900,000","87,400,000","85,100,000","86,300,000","81,000,000","80,000,000","76,900,000","80,900,000","74,800,000","72,900,000","70,000,000","68,300,000","67,000,000","64,300,000","62,500,000","62,800,000","61,200,000","59,300,000","58,400,000","59,700,000","54,300,000","57,400,000","57,300,000","59,700,000","55,400,000","55,600,000","54,900,000","55,400,000","52,200,000","51,100,000","49,600,000","51,200,000","46,600,000",,,,,,,,,,,,,,
	SellingGeneralAndAdministration,"1,003,106,929","254,739,175","260,085,404","248,872,363","239,409,986","236,850,173","238,199,077","236,778,021","234,596,892","228,395,420","221,978,850","222,245,751","216,462,666","216,466,382","218,684,665","220,885,874","214,718,142","211,641,694","208,828,396","220,230,186","207,595,217","203,023,241","206,296,215","204,940,516","199,433,998","196,147,853","194,072,287","193,025,813","190,730,349","185,578,000","186,978,851","184,092,895","182,718,535","178,402,604","177,430,181","178,861,740","177,812,125","174,977,866","174,845,782","184,426,471","172,254,539","169,113,441","171,808,529","172,302,509","169,762,486","168,569,195","167,254,973","166,765,378","164,462,526","161,845,134","160,600,998","126,716,747","170,069,503","169,391,335","167,855,851","164,986,137","158,068,889","153,063,120","150,286,341","146,274,607","141,786,968","139,497,979","136,464,073","146,985,868","131,121,966","128,028,510","130,478,404","123,652,854","122,364,144","121,582,533","122,707,537","114,389,747","117,705,575","116,656,965","118,125,853","119,739,119","116,198,937","115,823,020","115,336,828","116,320,384","112,858,578","116,633,974","114,786,396","115,431,724","114,101,554","112,014,649","113,098,679","117,543,291","107,575,887","104,600,052","102,900,000","101,500,000","98,800,000","95,300,000","96,300,000","95,100,000","91,200,000","85,300,000","85,500,000","85,100,000","81,200,000","77,900,000","75,900,000","77,500,000","72,700,000","72,000,000","69,100,000","73,700,000","68,000,000","66,400,000","63,800,000","62,500,000","61,400,000","58,800,000","57,100,000","57,600,000","56,000,000","54,000,000","53,100,000","54,700,000","54,300,000","52,600,000","52,700,000","55,100,000","51,100,000","51,300,000","50,800,000","51,500,000","48,400,000","47,600,000","46,200,000","48,500,000","43,400,000",,,,,,,,,,,,,,
		GeneralAndAdministrativeExpense,"1,003,106,929","254,739,175","260,085,404","248,872,363","239,409,986","236,850,173","238,199,077","236,778,021","234,596,892","228,395,420","221,978,850","222,245,751","216,462,666","216,466,382","218,684,665","220,885,874","214,718,142","211,641,694","208,828,396","220,230,186","207,595,217","203,023,241","206,296,215","204,940,516","199,433,998","196,147,853","194,072,287","193,025,813","190,730,349","185,578,000","186,978,851","184,092,895","182,718,535","178,402,604","177,430,181","178,861,740","177,812,125","174,977,866","174,846,000",,"152,970,000",,,,,,,,,,,"126,716,747","170,069,503","169,391,335",,,,,,,,,,,,,,,,,,,,,,,,,,,,,,,,,,,,,,,,,,,,,,,,,,,,,,,,,,,,,,,,,,,,,,,,,,,,,,,,,,,,,,,,,,,,,
			RentAndLandingFees,,,,,,,,,,,,,,,,,,,,,,,,,,,,,,,,,,,,,,,,,"3,541,000",,,,,,,,,,,"560,244","325,715","737,770",,,,,,,,,,,,,,,,,,,,,,,,,,,,,,,,,,,,,,,,,,,,,,,,,,,,,,,,,,,,,,,,,,,,,,,,,,,,,,,,,,,,,,,,,,,,,
			OtherGandA,"1,003,106,929","254,739,175","260,085,404","248,872,363","239,409,986","236,850,173","238,199,077","236,778,021","234,596,892","228,395,420","221,978,850","222,245,751","216,462,666","216,466,382","218,684,665","220,885,874","214,718,142","211,641,694","208,828,396","220,230,186","207,595,217","203,023,241","206,296,215","204,940,516","199,433,998","196,147,853","194,072,287","193,025,813","190,730,349","185,578,000","186,978,851","184,092,895","182,718,535","178,402,604","177,430,181","178,861,740","177,812,125","174,977,866","174,846,000",,"149,429,000",,,,,,,,,,,"126,156,503","169,743,788","168,653,565",,,,,,,,,,,,,,,,,,,,,,,,,,,,,,,,,,,,,,,,,,,,,,,,,,,,,,,,,,,,,,,,,,,,,,,,,,,,,,,,,,,,,,,,,,,,,
	DepreciationAmortizationDepletionIncomeStatement,,,,,,,,,,,,,,,,,,,,,,,,,,,,,,,,,,,,,,,,,"22,826,000",,,,,,,,,,,,,,,,,,,,,,,,,,,,,,,,,,,,,,,,,,,,,"11,130,364","11,149,897","10,698,862","10,842,821","10,673,519","10,300,000","10,000,000","10,200,000","10,200,000","10,600,000","12,300,000","11,700,000","11,000,000","10,600,000","10,100,000","9,700,000","9,500,000","9,200,000","8,800,000","8,300,000","8,000,000","7,800,000","7,200,000","6,800,000","6,500,000","6,200,000","5,800,000","5,600,000","5,500,000","5,400,000","5,200,000","5,200,000","5,300,000","5,300,000","5,000,000",,"4,800,000","4,600,000","4,600,000","4,300,000","4,300,000","4,100,000","3,900,000","3,800,000","3,500,000","3,400,000","2,700,000","3,200,000",,,,,,,,,,,,,,
		DepreciationAndAmortizationInIncomeStatement,,,,,,,,,,,,,,,,,,,,,,,,,,,,,,,,,,,,,,,,,"22,826,000",,,,,,,,,,,,,,,,,,,,,,,,,,,,,,,,,,,,,,,,,,,,,"11,130,364","11,149,897","10,698,862","10,842,821","10,673,519","10,300,000","10,000,000","10,200,000","10,200,000","10,600,000","12,300,000","11,700,000","11,000,000","10,600,000","10,100,000","9,700,000","9,500,000","9,200,000","8,800,000","8,300,000","8,000,000","7,800,000","7,200,000","6,800,000","6,500,000","6,200,000","5,800,000","5,600,000","5,500,000","5,400,000","5,200,000","5,200,000","5,300,000","5,300,000","5,000,000",,"4,800,000","4,600,000","4,600,000","4,300,000","4,300,000","4,100,000","3,900,000","3,800,000","3,500,000","3,400,000","2,700,000","3,200,000",,,,,,,,,,,,,,
	OtherOperatingExpenses,,,,,,,,,,,,,,,,,,,,,,,,,,,,,,,,,,,,,,,,"-133,000","-515,114","-367,923","-428,150","-410,685","-575,418","-562,651","-326,107","-647,551","-588,098","402,418","-73,686","-59,685","-98,814","392,219","-694,510","125,106","-562,626","-392,928","-1,160,534","-7,747,346","-1,248,327","-1,280,749","-1,022,757","-963,597","-1,431,531","-1,300,500","-1,284,470",,"-1,838,452","-1,081,189","-1,469,909",,"-2,204,604",,"-1,513,715","-57,175,907","-2,029,832","-2,349,080","-2,151,181","-2,315,962","-2,724,797","-2,693,594","-2,620,229","-2,229,754","-2,774,045","-13,872,965",,,,,,,,,,,,,,,,,,,,,,,,,,,,,,,,,,,,,,,,,,,,,,,,,,,,,,,,,,,,,
OperatingIncome,"374,744,652","93,823,358","90,458,862","92,406,992","98,055,440","73,650,218","75,989,065","87,675,814","90,123,711","63,192,326","35,510,877","38,103,253","42,477,081","27,834,285","39,726,130","35,545,388","29,172,686","23,545,950","35,831,232","41,058,882","29,538,944","25,062,051","30,788,266","32,253,121","33,420,143","32,570,237","31,567,045","35,030,492","31,433,597","33,112,992","37,413,706","36,289,960","32,432,511","27,721,343","26,075,486","32,404,104","32,515,330","23,349,650","33,043,386","33,481,850","34,212,889","23,689,931","30,347,801","30,527,978","32,152,554","26,629,753","26,551,604","28,792,861","33,012,260","23,621,328","24,733,345","23,193,638","33,388,689","22,967,299","29,958,588","26,531,626","33,556,916","31,825,436","31,531,435","41,049,002","34,689,543","28,350,747","29,421,584","34,934,993","33,460,448","27,807,068","24,357,097","26,806,106","22,597,140","21,526,773","20,714,193","24,537,546","25,420,136","20,836,036","15,300,730","69,036,138","16,802,304","16,331,865","16,995,748","17,037,945","19,038,534","18,535,139","15,869,112","15,797,051","17,306,593","27,217,078","15,465,814","14,764,472","15,003,130","14,080,807","14,400,000","15,600,000","14,800,000","14,000,000","14,200,000","14,800,000","13,100,000","11,700,000","12,000,000","13,400,000","14,100,000","14,100,000","15,000,000","14,000,000","14,900,000","12,300,000","13,300,000","16,100,000","11,400,000","8,200,000","9,800,000","9,600,000","8,300,000","9,100,000","8,300,000","8,100,000","7,800,000","6,800,000","7,300,000","5,400,000","5,800,000","4,000,000","5,600,000","5,500,000","8,200,000","7,300,000","7,000,000","7,200,000","10,000,000","6,700,000","7,900,000","8,300,000","7,900,000","213,100,000","210,900,000","-545,900,000","199,900,000","189,500,000","183,300,000","-470,200,000","173,300,000","158,400,000","158,900,000","-413,700,000","150,600,000","139,300,000","145,200,000"
NetNonOperatingInterestIncomeExpense,"-22,576,045","-5,425,534","-5,413,871","-6,207,429","-5,529,211","-6,194,790","-6,400,714","-8,681,290","-9,714,681","-10,183,839","-11,949,286","-11,546,105","-11,655,475","-11,996,863","-12,211,661","-11,948,695","-11,956,421","-12,212,865","-11,451,722","-12,696,116","-11,729,505","-11,719,781","-11,312,631","-11,936,910","-11,190,865","-11,225,332","-11,977,197","-12,822,770","-10,583,124","-11,577,970","-12,022,909","-11,520,619","-11,568,452","-11,698,560","-11,782,231","-11,861,225","-16,001,255","-15,720,348","-15,559,549","-15,176,420","-14,896,442","-14,944,800","-15,008,901","-15,053,358","-15,344,197","-15,713,246","-15,854,953","-15,897,386","-16,206,484","-16,598,879","-16,150,889","-16,528,502","-16,434,384","-13,118,584",,,,,,,,,,,,,,,,,,,,,,,,,,,,,,,,,,,,,,,,,,,,,,,,,,,,,,,,,,,,,,,,,,,,,,,,,,,,,,,,,,,,,,,,,,,,,
	InterestExpenseNonOperating,"22,576,045","5,425,534","5,413,871","6,207,429","5,529,211","6,194,790","6,400,714","8,681,290","9,714,681","10,183,839","11,949,286","11,546,105","11,655,475","11,996,863","12,211,661","11,948,695","11,956,421","12,212,865","11,451,722","12,696,116","11,729,505","11,719,781","11,312,631","11,936,910","11,190,865","11,225,332","11,977,197","12,822,770","10,583,124","11,577,970","12,022,909","11,520,619","11,568,452","11,698,560","11,782,231","11,861,225","16,001,255","15,720,348","15,559,549","15,176,420","14,896,442","14,944,800","15,008,901","15,053,358","15,344,197","15,713,246","15,854,953","15,897,386","16,206,484","16,598,879","16,150,889","16,528,502","16,434,384","13,118,584",,,,,,,,,,,,,,,,,,,,,,,,,,,,,,,,,,,,,,,,,,,,,,,,,,,,,,,,,,,,,,,,,,,,,,,,,,,,,,,,,,,,,,,,,,,,,
OtherIncomeExpense,"13,538,134","2,609,523","1,536,027","7,267,322","2,125,263","1,308,565","1,143,736","-2,652,766","1,965,012","315,793","-557,238","869,193","1,005,679","3,359,618","632,868","655,750","1,253,393","872,703","1,011,230","1,308,776","1,155,267","766,177","2,041,252","435,965","-1,042,823","1,091,506","669,575","2,504,167","204,212","1,085,188","680,541","441,826","1,599,171","821,145","964,874","-117,569","-41,923,298","5,111,854","1,001,811","2,265,016","1,405,159","952,944","1,018,316","1,011,994","3,601,333","1,076,105","1,124,943","994,529","1,533,480","842,849","853,554","-22,150,140","10,657,054","64,827","1,882,102","652,776","1,405,268","1,219,679","1,836,167","1,100,788","9,709,147","1,527,215","1,631,415","-3,961,288","1,877,381","1,380,216","2,024,547","-3,565,146","2,476,181","1,319,714","1,916,499","1,673,360","3,208,870","4,183,422","2,851,159","12,779,683","3,635,935","4,036,436","2,812,790","3,825,994","3,111,492","3,175,050","5,296,202","2,888,947","5,201,126","3,404,601","2,698,205","3,202,732","4,331,285","6,425,536","3,100,000","2,700,000","3,100,000","3,000,000","2,600,000","-12,500,000","2,700,000","3,100,000","1,600,000","1,900,000","1,800,000","2,100,000","1,600,000","2,500,000","2,000,000","2,100,000","1,600,000","1,300,000","2,200,000","1,100,000","1,300,000","1,500,000","3,400,000","1,200,000","2,100,000","1,700,000","1,100,000","1,600,000","1,200,000","1,300,000","1,300,000","600,000","700,000","1,900,000","1,000,000","1,500,000","1,000,000","2,400,000","-100,000","-1,800,000","-900,000","2,900,000","1,400,000",,,,,,,,,,,,,,
	SpecialIncomeCharges,"8,967,486","1,265,254","-56,028","6,311,389","1,446,871","663,278","451,719","-3,359,124","1,338,702","108,352","-754,725","527,566","875,708","2,911,704","-262,591","57,386","605,507","8,223","57,270","-28,409","125,031","-10,139","1,378,117","-274,510","-1,555,179","557,409","63,731","1,870,916","-318,664","521,222","117,781","-310,152","927,851","83,283","124,873","23,890","-43,027,076","4,054,095","1,001,811","2,265,016","1,405,159","952,944","1,018,316","1,011,994","3,601,333","1,076,105","1,124,943","994,529","1,533,480","842,849","853,554","-22,150,140","10,657,054","64,827","1,882,102","652,776","1,405,268","1,219,679","1,836,167","1,100,788","9,709,147","1,527,215","1,631,415","-3,961,288","1,877,381","1,380,216","2,024,547","-3,565,146","2,476,181","1,319,714","1,916,499","1,673,360","3,208,870","4,183,422","2,851,159","12,779,683","3,635,935","4,036,436","2,812,790","3,825,994","3,111,492","3,175,050","5,296,202","2,888,947","5,201,126","3,404,601","2,698,205","3,202,732","4,331,285","6,425,536","3,100,000","2,700,000","3,100,000","3,000,000","2,600,000","-12,500,000","2,700,000","3,100,000","1,600,000","1,900,000","1,800,000","2,100,000","1,600,000","2,500,000","2,000,000","2,100,000","1,600,000","1,300,000","2,200,000","1,100,000","1,300,000","1,500,000","3,400,000","1,200,000","2,100,000","1,700,000","1,100,000","1,600,000","1,200,000","1,300,000","1,300,000","600,000","700,000","1,900,000","1,000,000","1,500,000","1,000,000","2,400,000","-100,000","-1,800,000","-900,000","2,900,000","1,400,000",,,,,,,,,,,,,,
		OtherSpecialCharges,,,,"0","1,082,633",,,"3,381,944",,,"3,719,209",,,,,,,,,,,,,,,,,,,,,,,,,"0","43,089,248",,"-1,001,811",,,,,,,,,,,,,,,,,,,,,,,,,,,,,,,,,,,,,,,,,,,,,,,,,,,,,,,,,,,,,,,,,,,,,,,,,,,,,,,,,,,,,,,,,,,,,,,,,,,,,,,,,,,,
		GainOnSaleOfPPE,"10,050,119","1,265,254","-56,028","6,311,389","2,529,504","663,278","451,719","22,820","1,338,702","108,352","2,964,484","527,566","875,708","2,911,704","-262,591","57,386","605,507","8,223","57,270","-28,409","125,031","-10,139","1,378,117","-274,510","-1,555,179","557,409","63,731","1,870,916","-318,664","521,222","117,781","-310,152","927,851","83,283","124,873","23,890","62,172","4,054,095","122,000",,,,,,,,,,,,,,,,,,,,,,,,,,,,,,,,,,,,,,,,,,,,,,,,,,,,,,,,,,,,,,,,,,,,,,,,,,,,,,,,,,,,,,,,,,,,,,,,,,,,,,,,,,,,
	OtherNonOperatingIncomeExpenses,"4,570,648","1,344,269","1,592,055","955,933","678,392","645,287","692,017","706,358","626,310","207,441","197,487","341,627","129,971","447,914","895,459","598,364","647,886","864,480","953,960","1,337,185","1,030,236","776,316","663,135","710,475","512,356","534,097","605,844","633,251","522,876","563,966","562,760","751,978","671,320","737,862","840,001","-141,459","1,103,778","1,057,759","899,000",,,,,,,,,,,,,,,,,,,,,,,,,,,,,,,,,,,,,,,,,,,,,,,,,,,,,,,,,,,,,,,,,,,,,,,,,,,,,,,,,,,,,,,,,,,,,,,,,,,,,,,,,,,,
PretaxIncome,"365,706,741","91,007,347","86,581,018","93,466,885","94,651,492","68,763,993","70,732,087","76,341,758","82,374,042","53,324,280","23,004,353","27,426,341","31,827,285","19,197,040","28,147,337","24,252,443","18,469,658","12,205,788","25,390,740","29,671,542","18,964,706","14,108,447","21,516,887","20,752,176","21,186,455","22,436,411","20,259,423","24,711,889","21,054,685","22,620,210","26,071,338","25,211,167","22,463,230","16,843,928","15,258,129","20,425,310","-25,409,223","12,741,156","18,485,648","20,570,446","20,721,606","9,698,075","16,357,216","16,486,614","20,409,690","11,992,612","11,821,594","13,890,004","18,339,256","8,670,134","9,436,010","8,307,796","7,583,827","12,173,520","18,168,303","15,188,920","22,773,747","21,006,918","20,712,809","23,873,473","31,288,894","16,661,744","18,024,585","31,343,724","21,721,969","15,661,068","12,770,387","15,259,360","10,643,251","8,853,532","8,114,180","18,567,354","13,387,177","11,307,093","2,777,581","251,790,390","5,570,278","5,508,084","4,925,229","5,541,188","5,892,583","5,345,253","7,215,535","6,269,888","9,721,835","5,110,306","7,097,992","6,637,277","9,254,335","10,393,207","7,900,000","8,800,000","8,200,000","6,600,000","6,500,000","-8,300,000","5,100,000","5,200,000","4,600,000","7,300,000","8,000,000","9,200,000","8,600,000","9,100,000","9,700,000","7,100,000","7,600,000","10,200,000","7,000,000","3,300,000","6,000,000","6,800,000","7,200,000","6,100,000","6,100,000","5,800,000","4,600,000","3,900,000","3,900,000","2,700,000","3,100,000","300,000","2,300,000","3,600,000","5,000,000","4,500,000","3,500,000","5,500,000","5,700,000","1,000,000","4,300,000","9,100,000","6,900,000",,,,,,,,,,,,,,
TaxProvision,"87,158,000","22,366,000","20,392,000","21,723,000","22,677,000","16,575,000","16,908,000","18,473,000","19,621,000","13,032,000","5,317,000","6,509,000","8,317,000","4,197,000","5,995,000","5,813,000","-6,014,000","2,911,000","-19,756,000","10,300,000","7,438,000","4,957,000","7,693,000","6,569,000","8,518,000","8,078,000","7,280,000","8,476,000","7,278,000","8,318,000","11,033,000","7,607,000","8,629,000","6,389,000","5,725,000","4,863,000","-10,985,000","4,651,000","6,918,000","7,294,000","7,663,000","3,186,000","5,760,000","5,526,000","7,685,000","4,271,000","4,169,000","5,432,000","6,670,000","3,075,000","3,419,000","3,116,000","2,847,000","4,402,000","7,040,000","4,727,000","6,800,000","8,012,000","8,020,000","9,656,000","11,543,000","3,155,000","6,857,000","6,399,000","7,880,000","6,220,000","5,000,000","5,852,464","4,017,536","3,380,000","3,050,000","7,027,000","5,184,000","4,096,000","980,000","4,000,000","2,000,000","2,050,000","1,750,000","1,800,000","2,200,000","2,050,000","2,650,000","1,950,000","3,800,000","1,960,000","2,640,000","2,450,000","3,650,000","4,000,000","3,000,000","3,400,000","3,100,000","2,500,000","2,400,000","-3,200,000","1,900,000","1,900,000","1,800,000","2,700,000","3,100,000","3,500,000","3,300,000","3,500,000","3,800,000","2,700,000","2,900,000","3,800,000","2,500,000","1,100,000","2,200,000","2,500,000","2,600,000","2,200,000","2,300,000","2,200,000","1,600,000","1,400,000","1,400,000","900,000","1,100,000","100,000","800,000","1,400,000","1,700,000","1,700,000","1,200,000","2,000,000","2,200,000","600,000","1,700,000","3,500,000","2,600,000",,,,,,,,,,,,,,
NetIncomeCommonStockholders,"278,548,741","68,641,347","66,189,018","71,743,885","71,974,492","52,188,993","53,824,087","57,868,758","62,753,042","40,292,280","17,687,353","20,917,341","23,510,285","15,000,040","22,152,337","18,439,443","24,483,658","9,294,788","45,146,740","19,371,542","11,526,706","9,151,447","13,823,887","14,183,176","12,668,455","14,358,411","12,979,423","16,235,889","13,776,685","14,302,210","15,038,338","17,604,167","13,834,230","10,454,928","9,533,129","15,562,310","-14,424,223","8,090,156","11,567,648","13,276,446","13,058,606","6,512,075","10,597,216","10,960,614","12,724,690","7,721,612","7,652,594","8,458,004","11,669,256","5,595,134","6,017,010","5,191,796","4,736,827","7,771,520","11,128,303","10,461,920","15,973,747","12,994,918","12,692,809","14,217,473","19,745,894","13,506,744","11,167,585","11,528,131","13,841,969","9,441,068","7,770,387","9,406,896","6,625,715","5,473,532","5,064,180","11,540,354","8,203,177","7,211,093","1,797,581","6,790,390","3,570,278","3,458,084","3,175,229","3,751,528","3,568,336","3,295,253","5,013,759","4,319,888","5,921,835","3,150,306","4,457,992","4,187,277","5,604,335","6,393,207","4,900,000","5,400,000","5,100,000","4,100,000","4,100,000","-5,100,000","3,200,000","3,300,000","2,800,000","4,600,000","4,900,000","5,300,000","5,100,000","5,600,000","5,900,000","4,400,000","4,700,000","6,400,000","4,500,000","2,200,000","3,800,000","4,300,000","4,600,000","3,900,000","7,100,000","3,600,000","3,000,000","2,500,000","2,500,000","1,800,000","2,000,000","200,000","1,500,000","2,200,000","3,300,000","2,800,000","2,300,000","3,500,000","3,500,000","400,000","2,600,000","5,600,000","4,300,000",,,,,,,,,,,,,,
	NetIncome,"278,548,741","68,641,347","66,189,018","71,743,885","71,974,492","52,188,993","53,824,087","57,868,758","62,753,042","40,292,280","17,687,353","20,917,341","23,510,285","15,000,040","22,152,337","18,439,443","24,483,658","9,294,788","45,146,740","19,371,542","11,526,706","9,151,447","13,823,887","14,183,176","12,668,455","14,358,411","12,979,423","16,235,889","13,776,685","14,302,210","15,038,338","17,604,167","13,834,230","10,454,928","9,533,129","15,562,310","-14,424,223","8,090,156","11,567,648","13,276,446","13,058,606","6,512,075","10,597,216","10,960,614","12,724,690","7,721,612","7,652,594","8,458,004","11,669,256","5,595,134","6,017,010","5,191,796","4,736,827","7,771,520","11,128,303","10,461,920","15,973,747","12,994,918","12,692,809","14,217,473","19,745,894","13,506,744","11,167,585","11,528,131","13,841,969","9,441,068","7,770,387","9,406,896","6,625,715","5,473,532","5,064,180","11,540,354","8,203,177","7,211,093","1,797,581","6,790,390","3,570,278","3,458,084","3,175,229","3,751,528","3,568,336","3,295,253","5,013,759","4,319,888","5,921,835","3,150,306","4,457,992","4,187,277","5,604,335","6,393,207","4,900,000","5,400,000","5,100,000","4,100,000","4,100,000","-5,100,000","3,200,000","3,300,000","2,800,000","4,600,000","4,900,000","5,300,000","5,100,000","5,600,000","5,900,000","4,400,000","4,700,000","6,400,000","4,500,000","2,200,000","3,800,000","4,300,000","4,600,000","3,900,000","7,100,000","3,600,000","3,000,000","2,500,000","2,500,000","1,800,000","2,000,000","200,000","1,500,000","2,200,000","3,300,000","2,800,000","2,300,000","3,500,000","3,500,000","400,000","2,600,000","5,600,000","4,300,000",,,,,,,,,,,,,,
		NetIncomeIncludingNoncontrollingInterests,"278,548,741","68,641,347","66,189,018","71,743,885","71,974,492","52,188,993","53,824,087","57,868,758","62,753,042","40,292,280","17,687,353","20,917,341","23,510,285","15,000,040","22,152,337","18,439,443","24,483,658","9,294,788","45,146,740","19,371,542","11,526,706","9,151,447","13,823,887","14,183,176","12,668,455","14,358,411","12,979,423","16,235,889","13,776,685","14,302,210","15,038,338","17,604,167","13,834,230","10,454,928","9,533,129","15,562,310","-14,424,223","8,090,156","11,567,648","13,276,446","13,058,606","6,512,075","10,597,216","10,960,614","12,724,690","7,721,612","7,652,594","8,458,004","11,669,256","5,595,134","6,017,010","5,191,796","4,736,827","7,771,520","11,128,303","10,461,920","15,973,747","12,994,918","12,692,809","14,217,473","19,745,894","13,506,744","11,167,585","11,528,131","13,841,969","9,441,068","7,770,387","9,406,896","6,625,715","5,473,532","5,064,180","11,540,354","8,203,177","7,211,093","1,797,581","6,790,390","3,570,278","3,458,084","3,175,229","3,751,528","3,568,336","3,295,253","5,013,759","4,319,888","5,921,835","3,150,306","4,457,992","4,187,277","5,604,335","6,393,207","4,900,000","5,400,000","5,100,000","4,100,000","4,100,000","-5,100,000","3,200,000","3,300,000","2,800,000","4,600,000","4,900,000","5,300,000","5,100,000","5,600,000","5,900,000","4,400,000","4,700,000","6,400,000","4,500,000","2,200,000","3,800,000","4,300,000","4,600,000","3,900,000","7,100,000","3,600,000","3,000,000","2,500,000","2,500,000","1,800,000","2,000,000","200,000","1,500,000","2,200,000","3,300,000","2,800,000","2,300,000","3,500,000","3,500,000","400,000","2,600,000","5,600,000","4,300,000","2,900,000","3,100,000","4,000,000","4,000,000","2,700,000","3,500,000","1,900,000","2,700,000","1,500,000","3,100,000","1,900,000","2,400,000","2,200,000","2,000,000"
			NetIncomeContinuousOperations,"278,548,741","68,641,347","66,189,018","71,743,885","71,974,492","52,188,993","53,824,087","57,868,758","62,753,042","40,292,280","17,687,353","20,917,341","23,510,285","15,000,040","22,152,337","18,439,443","24,483,658","9,294,788","45,146,740","19,371,542","11,526,706","9,151,447","13,823,887","14,183,176","12,668,455","14,358,411","12,979,423","16,235,889","13,776,685","14,302,210","15,038,338","17,604,167","13,834,230","10,454,928","9,533,129","15,562,310","-14,424,223","8,090,156","11,567,648","13,276,446","13,058,606","6,512,075","10,597,216","10,960,614","12,724,690","7,721,612","7,652,594","8,458,004","11,669,256","5,595,134","6,017,010","5,191,796","4,736,827","7,771,520","11,128,303","10,461,920","15,973,747","12,994,918","12,692,809","14,217,473","19,745,894","13,506,744","11,167,585","11,528,131","13,841,969","9,441,068","7,770,387","9,406,896","6,625,715","5,473,532","5,064,180","11,540,354","8,203,177","7,211,093","1,797,581","6,790,390","3,570,278","3,458,084","3,175,229","3,741,188","3,692,583","3,295,253","4,565,535","4,319,888","5,921,835","3,150,306","4,457,992","4,187,277","5,604,335","6,393,207","4,900,000","5,400,000","5,100,000","4,100,000","4,100,000","-5,100,000","3,200,000","3,300,000","2,800,000","4,600,000","4,900,000","5,700,000","5,300,000","5,600,000","5,900,000","4,400,000","4,700,000","6,400,000","4,500,000","2,200,000","3,800,000","4,300,000","4,600,000","3,900,000","3,800,000","3,600,000","3,000,000","2,500,000","2,500,000","1,800,000","2,000,000","200,000","1,500,000","2,200,000","3,300,000","2,800,000","2,300,000","3,500,000","3,500,000","400,000","2,600,000","5,600,000","4,300,000","2,900,000","3,100,000","4,000,000","4,000,000","2,700,000","3,500,000","1,900,000","2,700,000","1,500,000","3,100,000","1,900,000","2,400,000","2,200,000","2,000,000"
			NetIncomeExtraordinary,,,,,,,,,,,,,,,,,,,,,,,,,,,,,,,,,,,,,,,,,,,,,,,,,,,,,,,,,,,,,,,,,,,,,,,,,,,,,,,,,,,,,,,,,,,,,,,,,,,,,,,,,,,,,,,,"0",,,"3,300,000",,,,,,,,,,,,,,,,,,,,,,,,,,,,,,,,
			NetIncomeFromTaxLossCarryforward,,,,,,,,,,,,,,,,,,,,,,,,,,,,,,,,,,,,,,,,,,,,,,,,,,,,,,,,,,,,,,,,,,,,,,,,,,,,,,,,"10,340","-124,247",,"448,224",,,,,,,,,,,,,,,,,"0",,"-400,000","-200,000",,,,,,,,,,,,,,,,,,,,,,,,,,,,,,,,,,,,,,,,,,,,
DilutedNIAvailtoComStockholders,"278,548,741","68,641,347","66,189,018","71,743,885","71,974,492","52,188,993","53,824,087","57,868,758","62,753,042","40,292,280","17,687,353","20,917,341","23,510,285","15,000,040","22,152,337","18,439,443","24,483,658","9,294,788","45,146,740","19,371,542","11,526,706","9,151,447","13,823,887","14,183,176","12,668,455","14,358,411","12,979,423","16,235,889","13,776,685","14,302,210","15,038,338","17,604,167","13,834,230","10,454,928","9,533,129","15,562,310","-14,424,223","8,090,156","11,567,648","13,276,446","13,058,606","6,512,075","10,597,216","10,960,614","12,724,690","7,721,612","7,652,594","8,458,004","11,669,256","5,595,134","6,017,010","5,191,796","4,736,827","7,771,520","11,128,303","10,461,920","15,973,747","12,994,918","12,692,809","14,217,473","19,745,894","13,506,744","11,167,585","11,528,131","13,841,969","9,441,068","7,770,387","9,406,896","6,625,715","5,473,532","5,064,180","11,540,354","8,203,177","7,211,093","1,797,581","6,790,390","3,570,278","3,458,084","3,175,229","3,751,528","3,568,336","3,295,253","5,013,759","4,319,888","5,921,835","3,150,306","4,457,992","4,187,277","5,604,335","6,393,207","4,900,000","5,400,000","5,100,000","4,100,000","4,100,000","-5,100,000","3,200,000","3,300,000","2,800,000","4,600,000","4,900,000","5,300,000","5,100,000","5,600,000","5,900,000","4,400,000","4,700,000","6,400,000","4,500,000","2,200,000","3,800,000","4,300,000","4,600,000","3,900,000","7,100,000","3,600,000","3,000,000","2,500,000","2,500,000","1,800,000","2,000,000","200,000","1,500,000","2,200,000","3,300,000","2,800,000","2,300,000","3,500,000","3,500,000","400,000","2,600,000","5,600,000","4,300,000",,,,,,,,,,,,,,
BasicEPS,,"3.7","3.57","3.86","3.88","2.65","2.73","2.94","3.18","2.04","0.9","1.07","1.19","0.76","1.12","0.94","1.24","0.47","2.29","0.99","0.58","0.47","0.7","0.72","0.64","0.73","0.64","0.83","0.7","0.71","0.74","0.82","0.63","0.47","0.44","0.71","-0.62","0.35","0.5","0.58","0.56","0.28","0.45",,"0.99","0.33","0.33",,"0.5","0.24","0.26",,"0.2","0.33","0.47",,"0.68","0.56","0.54",,"0.84","0.58","0.48",,"0.59","0.39","0.33",,"0.27","0.23","0.21",,"0.35","0.31","0.08",,"0.16","0.15","0.14",,"0.16","0.15","0.18",,"0.26","0.14","0.2",,"0.25","0.28","0.22",,"0.23","0.18","0.18",,"0.14","0.15","0.13",,"0.23","0.24","0.27",,"0.32","0.24","0.26",,"0.25","0.12","0.21",,"0.25","0.21","0.39",,"0.17","0.14","0.14",,"0.11","0.01","0.08",,"0.19","0.16","0.13",,"0.19","0.02","0.15",,"0.24","0.17","0.17",,"0.23","0.15","0.2",,"0.19","0.1","0.21",,"0.17","0.15","0.14"
DilutedEPS,,"3.61","3.48","3.78","3.79","2.58","2.66","2.86","3.1","1.99","0.87","1.04","1.16","0.74","1.09","0.91","1.21","0.46","2.23","0.9","0.57","0.45","0.68","0.7","0.63","0.71","0.64","0.8","0.68","0.71","0.74","0.79","0.61","0.46","0.42","0.68","-0.62","0.33","0.48","0.55","0.54","0.27","0.43",,"0.52","0.32","0.31",,"0.48","0.23","0.25",,"0.19","0.32","0.45",,"0.65","0.53","0.52",,"0.81","0.55","0.46",,"0.57","0.26","0.32",,"0.27","0.23","0.21",,"0.35","0.31","0.08",,"0.16","0.15","0.14",,"0.16","0.14","0.18",,"0.26","0.14","0.2",,"0.25","0.28","0.22",,"0.23","0.18","0.18",,"0.14","0.15","0.13",,"0.22","0.24","0.25",,"0.29","0.23","0.24",,"0.23","0.12","0.2",,"0.23","0.2","0.35",,"0.17","0.14","0.14",,"0.11","0.01","0.08",,"0.18","0.15","0.13",,"0.18","0.02","0.15",,"0.22","0.17","0.17",,"0.23","0.15","0.2",,"0.19","0.1","0.21",,"0.17","0.15","0.14"
BasicAverageShares,,"18,994,376","18,994,376","18,586,528","18,994,376","20,204,154","20,259,776","19,683,333","20,259,776","20,259,776","20,259,776","19,549,533","20,259,776","19,736,842","19,778,571","19,615,957","20,259,776","20,259,776","20,259,776","19,567,677","20,259,776","20,259,776","20,259,776","19,698,611","20,259,776","19,668,493","20,259,776","19,560,241","19,681,429","20,259,776","20,259,776","21,468,293","21,958,730","22,244,681","21,665,909","21,918,310","23,264,516","23,114,286","23,136,000","22,889,655","23,319,643","23,257,143","23,548,889",,"12,901,080","12,890,933","12,890,084",,"12,888,707","12,888,608","12,888,608",,"12,858,608","12,835,311","12,818,608",,"12,480,084","12,422,195","23,505,202",,"23,507,017","23,287,490","23,265,802",,"23,460,964","24,464,740","23,546,627",,"24,539,685","24,122,564","24,115,143",,"23,437,649","23,343,818","22,469,762",,"22,314,238","22,857,745","22,680,207",,"22,302,100","22,694,779","27,854,217",,"22,776,288","22,502,186","22,289,960",,"22,417,340","22,577,739","22,272,727",,"22,173,913","22,777,778","22,777,778",,"22,857,143","22,000,000","21,538,462",,"21,304,348","22,083,333","18,888,889",,"18,437,500","18,333,333","18,076,923",,"18,000,000","18,333,333","18,095,238",,"18,400,000","18,571,429","18,205,128",,"17,647,059","17,857,143","17,857,143",,"18,181,818","20,000,000","18,750,000",,"17,368,421","17,500,000","17,692,308",,"18,421,053","20,000,000","17,333,333",,"17,916,667","17,869,000","17,551,000",,"17,548,000","17,548,000","17,548,000",,"17,548,000","17,548,000","17,548,000",,"14,583,000","14,583,000","14,583,000"
DilutedAverageShares,,"23,667,771","18,994,376","18,979,894","18,994,376","20,204,154","26,305,990","20,233,916","20,259,776","20,259,776","20,259,776","20,113,462","20,259,776","20,270,270","20,322,936","20,262,637","20,259,776","20,259,776","20,259,776","21,524,444","20,259,776","20,259,776","20,259,776","20,261,429","20,259,776","20,222,535","20,259,776","20,293,750","20,260,294","20,259,776","20,259,776","22,283,544","22,678,689","22,728,261","22,697,619","22,885,294","23,264,516","24,515,152","24,100,000","24,138,182","24,183,333","24,118,519","24,644,186",,"24,443,259","24,443,259","24,466,204",,"24,472,259","24,504,786","24,512,259",,"24,512,259","24,515,259","24,512,259",,"24,512,261","24,512,261","24,409,248",,"24,377,647","24,557,716","24,277,359",,"24,284,156","36,837,087","24,282,459",,"24,539,685","24,217,776","24,115,143",,"23,437,649","23,430,088","22,469,762",,"22,314,238","23,034,349","22,680,207",,"22,302,100","23,071,127","27,854,217",,"22,776,288","22,502,186","22,289,960",,"22,417,340","22,614,803","22,272,727",,"22,173,913","22,777,778","22,777,778",,"22,857,143","22,000,000","21,538,462",,"22,272,727","22,083,333","20,400,000",,"20,344,828","19,130,435","19,583,333",,"19,565,217","18,333,333","19,000,000",,"20,000,000","19,500,000","20,285,714",,"17,647,059","17,857,143","17,857,143",,"18,181,818","20,000,000","18,750,000",,"18,333,333","18,666,667","17,692,308",,"19,444,444","20,000,000","17,333,333",,"19,545,455","17,869,000","17,551,000",,"17,548,000","17,548,000","17,548,000",,"17,548,000","17,548,000","17,548,000",,"14,583,000","14,583,000","14,583,000"
TotalOperatingIncomeAsReported,"384,794,771","95,088,612","90,402,834","98,718,381","100,584,944","74,313,496","76,440,784","87,698,634","91,462,413","63,300,678","38,475,361","38,630,819","43,352,789","30,745,989","39,463,539","35,602,774","29,778,193","23,554,173","35,888,502","41,030,473","29,663,975","25,051,912","32,166,383","31,978,611","31,864,964","33,127,646","31,630,776","36,901,408","31,114,933","33,634,214","37,531,487","35,979,808","33,360,362","27,804,626","26,200,359","31,468,411","32,902,957","27,721,800","33,481,006","34,915,928","34,727,310","23,841,099","30,362,505","30,526,997","34,808,466","26,629,753","26,551,604","28,792,861","33,012,260","24,426,164","24,733,345","24,194,756","33,842,491","25,227,277","29,958,588","26,531,628","33,556,916","31,825,436","31,531,435","41,049,002","34,689,543","28,350,747","29,421,584","34,934,993","33,460,448","27,807,068","24,357,097","26,806,106","22,597,140","21,526,773","20,714,193","24,537,546","25,420,136","20,836,036","15,297,730","13,576,083","16,802,304","16,331,865","16,995,748","17,037,945","19,038,534","18,535,139","15,869,112","15,797,051","17,306,593","16,086,714","15,465,814","14,764,472","15,003,130","14,080,807","14,400,000","15,600,000","14,800,000","14,000,000","14,200,000","14,800,000","13,100,000","11,700,000","12,000,000","13,400,000","14,100,000","14,100,000","15,000,000","14,000,000","14,900,000","12,300,000","13,300,000","16,100,000","11,400,000","8,200,000","9,800,000","9,600,000","8,300,000","9,100,000","8,300,000","8,100,000","7,800,000","6,800,000","7,300,000","5,400,000","5,800,000","4,000,000","5,600,000","5,500,000","8,200,000","7,300,000","7,000,000","7,200,000","10,000,000","6,700,000","7,900,000","8,300,000","7,900,000",,,,,,,,,,,,,,
RentExpenseSupplemental,,,,,,,,,,,,,,"3,125,000","3,163,000","3,145,000",,,,"3,263,000",,,,"3,303,000",,"3,525,000",,"3,301,000","3,371,000",,,"3,399,000","3,495,000","3,656,000","3,571,000","3,475,000","3,537,000","3,844,000","3,546,000",,"3,541,000",,,,,,,,,,,"560,244","325,715","737,770",,,,,,,,,,,,,,,,,,,,,,,,,,,,,,,,,,,,,,,,,,,,,,,,,,,,,,,,,,,,,,,,,,,,,,,,,,,,,,,,,,,,,,,,,,,,,
TotalExpenses,"5,006,825,252","1,283,295,310","1,301,070,648","1,243,049,601","1,179,409,692","1,110,904,519","1,114,454,076","1,109,496,469","1,099,476,045","1,082,289,723","1,042,844,060","1,037,987,602","1,019,785,088","974,009,644","1,022,110,528","1,024,142,660","1,005,595,892","961,016,224","977,954,846","1,048,332,810","954,858,784","921,089,916","951,970,073","930,120,728","923,757,502","891,741,812","919,546,818","917,807,273","914,540,897","882,221,697","927,083,129","928,548,538","945,829,487","920,039,244","919,049,384","922,794,808","899,396,661","895,288,475","899,748,047","958,291,281","883,542,843","857,977,097","887,890,128","875,291,129","878,825,605","843,741,050","846,201,661","827,172,406","823,115,888","813,383,896","816,219,856","806,933,737","793,377,284","766,207,841","774,906,078","816,259,397","801,789,830","750,961,949","745,589,857","704,985,776","704,005,588","652,813,265","656,277,004","688,042,721","625,751,567","578,842,424","599,036,802","563,937,606","544,058,758","535,740,482","538,560,311","519,585,930","512,488,308","500,223,110","519,036,707","433,927,108","486,828,632","473,051,092","478,120,443","467,871,677","463,914,089","474,620,214","483,575,145","473,046,952","467,427,913","447,949,792","489,228,980","498,532,414","454,360,905","451,058,224","454,000,000","441,400,000","438,100,000","428,200,000","439,100,000","418,200,000","404,600,000","381,800,000","391,000,000","378,900,000","372,300,000","362,000,000","366,100,000","366,600,000","355,500,000","351,900,000","344,100,000","363,100,000","336,400,000","319,800,000","320,400,000","310,600,000","305,600,000","292,400,000","289,600,000","287,200,000","281,400,000","274,000,000","269,300,000","270,000,000","266,900,000","254,700,000","253,900,000","254,600,000","253,900,000","252,700,000","255,300,000","253,300,000","248,100,000","236,900,000","236,700,000","244,900,000","218,700,000",,,,,,,,,,,,,,
NetIncomeFromContinuingAndDiscontinuedOperation,"278,548,741","68,641,347","66,189,018","71,743,885","71,974,492","52,188,993","53,824,087","57,868,758","62,753,042","40,292,280","17,687,353","20,917,341","23,510,285","15,000,040","22,152,337","18,439,443","24,483,658","9,294,788","45,146,740","19,371,542","11,526,706","9,151,447","13,823,887","14,183,176","12,668,455","14,358,411","12,979,423","16,235,889","13,776,685","14,302,210","15,038,338","17,604,167","13,834,230","10,454,928","9,533,129","15,562,310","-14,424,223","8,090,156","11,567,648","13,276,446","13,058,606","6,512,075","10,597,216","10,960,614","12,724,690","7,721,612","7,652,594","8,458,004","11,669,256","5,595,134","6,017,010","5,191,796","4,736,827","7,771,520","11,128,303","10,461,920","15,973,747","12,994,918","12,692,809","14,217,473","19,745,894","13,506,744","11,167,585","11,528,131","13,841,969","9,441,068","7,770,387","9,406,896","6,625,715","5,473,532","5,064,180","11,540,354","8,203,177","7,211,093","1,797,581","6,790,390","3,570,278","3,458,084","3,175,229","3,741,188","3,692,583","3,295,253","4,565,535","4,319,888","5,921,835","3,150,306","4,457,992","4,187,277","5,604,335","6,393,207","4,900,000","5,400,000","5,100,000","4,100,000","4,100,000","-5,100,000","3,200,000","3,300,000","2,800,000","4,600,000","4,900,000","5,700,000","5,300,000","5,600,000","5,900,000","4,400,000","4,700,000","6,400,000","4,500,000","2,200,000","3,800,000","4,300,000","4,600,000","3,900,000","3,800,000","3,600,000","3,000,000","2,500,000","2,500,000","1,800,000","2,000,000","200,000","1,500,000","2,200,000","3,300,000","2,800,000","2,300,000","3,500,000","3,500,000","400,000","2,600,000","5,600,000","4,300,000",,,,,,,,,,,,,,
NormalizedIncome,"271,718,454.174","67,687,345.484","66,231,823.392","66,899,350.312","70,874,870.04","51,685,564.998","53,480,328.841","60,415,049.033","61,732,951.076","40,210,365.888","18,267,736.525","20,514,980.44","22,863,136.788","12,725,999.176","22,358,996.117","18,395,811.689","24,041,637.89","9,288,522.074","45,112,378","19,390,089.271","11,450,687.152","9,158,027.211","12,939,135.886","14,370,791.2","13,601,562.4","14,001,669.24","12,938,571.429","15,006,683.717","13,985,091.256","13,972,797.696","14,961,780.35","17,820,736.412","13,262,673.784","10,403,209.257","9,455,083.375","15,544,107.898","13,543,376.4","5,515,805.675","10,940,514.314","11,814,573.826","12,173,084.977","5,872,191.023","9,937,487.926","10,287,821.175","10,479,391.516","7,028,746.652","6,924,373.081","7,852,408.043","10,693,503.729","5,051,214.714","5,472,728.789","19,034,096.443","-1,919,524.882","7,730,134.737","9,975,493.003","10,012,296.835","14,988,077.163","12,240,422.334","11,567,605.894","13,557,000.2","13,618,614.861","12,268,716.214","10,156,800.803","14,680,699.465","12,645,638.704","8,609,023.014","6,538,512.532","11,604,691.822","5,084,224.567","4,657,643.289","3,868,064.569","10,500,293.754","6,236,897.733","4,543,117.677","-47,617.843","-5,786,272.019","1,239,820.034","923,929.701","1,361,861.057","1,158,030.229","1,742,768.723","1,337,891.386","1,214,432.747","2,329,433.389","2,753,687.219","1,051,501.162","2,763,347.049","2,166,760.749","2,981,351.056","2,440,646.281","2,977,215.19","3,743,181.818","3,171,951.22","2,236,363.636","2,460,000","2,580,722.892","1,505,882.353","1,332,692.308","1,826,086.957","3,402,739.726","3,797,500","4,398,913.043","4,313,953.488","4,061,538.462","4,683,505.155","3,098,591.549","3,710,526.316","5,584,313.725","3,085,714.286","1,466,666.667","2,976,666.667","3,351,470.588","2,427,777.778","3,132,786.885","2,491,803.279","2,544,827.586","2,282,608.696","1,474,358.974","1,730,769.231","933,333.333","1,161,290.323","-200,000","1,043,478.261","1,038,888.889","2,640,000","1,866,666.667","1,642,857.143","1,972,727.273","3,561,403.509","1,480,000","3,144,186.047","3,815,384.615","3,427,536.232",,,,,,,,,,,,,,
InterestExpense,"22,576,045","5,425,534","5,413,871","6,207,429","5,529,211","6,194,790","6,400,714","8,681,290","9,714,681","10,183,839","11,949,286","11,546,105","11,655,475","11,996,863","12,211,661","11,948,695","11,956,421","12,212,865","11,451,722","12,696,116","11,729,505","11,719,781","11,312,631","11,936,910","11,190,865","11,225,332","11,977,197","12,822,770","10,583,124","11,577,970","12,022,909","11,520,619","11,568,452","11,698,560","11,782,231","11,861,225","16,001,255","15,720,348","15,559,549","15,176,420","14,896,442","14,944,800","15,008,901","15,053,358","15,344,197","15,713,246","15,854,953","15,897,386","16,206,484","16,598,879","16,150,889","16,528,502","16,434,384","13,118,584",,,,,,,,,,,,,,,,,,,,,,,,,,,,,,,,,,,,,,,,,,,,,,,,,,,,,,,,,,,,,,,,,,,,,,,,,,,,,,,,,,,,,,,,,,,,,
NetInterestIncome,"-22,576,045","-5,425,534","-5,413,871","-6,207,429","-5,529,211","-6,194,790","-6,400,714","-8,681,290","-9,714,681","-10,183,839","-11,949,286","-11,546,105","-11,655,475","-11,996,863","-12,211,661","-11,948,695","-11,956,421","-12,212,865","-11,451,722","-12,696,116","-11,729,505","-11,719,781","-11,312,631","-11,936,910","-11,190,865","-11,225,332","-11,977,197","-12,822,770","-10,583,124","-11,577,970","-12,022,909","-11,520,619","-11,568,452","-11,698,560","-11,782,231","-11,861,225","-16,001,255","-15,720,348","-15,559,549","-15,176,420","-14,896,442","-14,944,800","-15,008,901","-15,053,358","-15,344,197","-15,713,246","-15,854,953","-15,897,386","-16,206,484","-16,598,879","-16,150,889","-16,528,502","-16,434,384","-13,118,584",,,,,,,,,,,,,,,,,,,,,,,,,,,,,,,,,,,,,,,,,,,,,,,,,,,,,,,,,,,,,,,,,,,,,,,,,,,,,,,,,,,,,,,,,,,,,
EBIT,"388,282,786","96,432,881","91,994,889","99,674,314","100,180,703","74,958,783","77,132,801","85,023,048","92,088,723","63,508,119","34,953,639","38,972,446","43,482,760","31,193,903","40,358,998","36,201,138","30,426,079","24,418,653","36,842,462","42,367,658","30,694,211","25,828,228","32,829,518","32,689,086","32,377,320","33,661,743","32,236,620","37,534,659","31,637,809","34,198,180","38,094,247","36,731,786","34,031,682","28,542,488","27,040,360","32,286,535","-9,407,968","28,461,504","34,045,197","35,746,866","35,618,048","24,642,875","31,366,117","31,539,972","35,753,887","27,705,858","27,676,547","29,787,390","34,545,740","25,269,013","25,586,899","24,836,298","24,018,211","25,292,104","29,958,588","26,531,626","33,556,916","31,825,436","31,531,435","41,049,002","34,689,543","28,350,747","29,421,584","34,934,993","33,460,448","27,807,068","24,357,097","26,806,106","22,597,140","21,526,773","20,714,193","24,537,546","25,420,136","20,836,036","15,300,730","69,036,138","16,802,304","16,331,865","16,995,748","17,037,945","19,038,534","18,535,139","15,869,112","15,797,051","17,306,593","27,217,078","15,465,814","14,764,472","15,003,130","14,080,807","14,400,000","15,600,000","14,800,000","14,000,000","14,200,000","14,800,000","13,100,000","11,700,000","12,000,000","13,400,000","14,100,000","14,100,000","15,000,000","14,000,000","14,900,000","12,300,000","13,300,000","16,100,000","11,400,000","8,200,000","9,800,000","9,600,000","8,300,000","9,100,000","8,300,000","8,100,000","7,800,000","6,800,000","7,300,000","5,400,000","5,800,000","4,000,000","5,600,000","5,500,000","8,200,000","7,300,000","7,000,000","7,200,000","10,000,000","6,700,000","7,900,000","8,300,000","7,900,000","213,100,000","210,900,000","-545,900,000","199,900,000","189,500,000","183,300,000","-470,200,000","173,300,000","158,400,000","158,900,000","-413,700,000","150,600,000","139,300,000","145,200,000"
EBITDA,"504,445,516"
ReconciledCostOfRevenue,"4,003,718,323","1,028,556,135","1,040,985,244","994,177,238","939,999,706","874,054,346","876,254,999","872,718,448","864,879,153","853,894,303","820,865,210","815,741,851","803,322,422","757,543,262","803,425,863","803,256,786","790,877,750","749,374,530","769,126,450","828,102,624","747,263,567","718,066,675","745,673,858","725,180,212","724,323,504","695,593,959","725,474,531","724,781,460","723,810,548","696,643,697","740,104,278","744,455,643","763,110,952","741,636,640","741,619,203","743,933,068","721,584,536","720,310,609","724,902,265","772,553,622","711,803,418","689,231,579","716,509,749","703,399,305","709,638,537","675,734,506","679,272,795","661,054,579","659,241,460","651,136,344","655,692,544","680,276,675","623,406,595","596,424,287","607,744,737","651,148,154","644,283,567","598,291,757","596,464,050","566,458,515","563,466,947","514,596,035","520,835,688","542,020,450","496,061,132","452,114,414","469,842,868","435,895,202","423,533,066","415,239,138","417,322,683","399,707,988","396,987,337","383,566,145","402,424,569","371,363,896","372,659,527","359,577,152","364,934,796","353,867,255","353,780,308","360,679,834","371,408,978","359,844,982","356,100,404","339,275,673","364,980,404","370,290,261","335,942,197","335,784,653","340,800,000","329,900,000","329,100,000","322,700,000","332,200,000","310,800,000","301,700,000","285,500,000","294,900,000","283,700,000","281,400,000","274,600,000","281,000,000","280,300,000","274,500,000","271,900,000","267,200,000","282,200,000","261,400,000","246,900,000","250,400,000","242,300,000","238,500,000","228,000,000","227,100,000","224,400,000","220,300,000","214,800,000","210,900,000","210,300,000","212,600,000","197,000,000","196,600,000","194,900,000","198,500,000","197,100,000","200,400,000","197,900,000","195,900,000","185,800,000","187,100,000","193,700,000","172,100,000",,,,,,,,,,,,,,
ReconciledDepreciation,"116,162,730","29,967,606","29,297,267","26,194,437","30,703,420","30,327,112","29,878,689","29,969,422","28,955,379","28,922,984","28,434,454","28,927,134","27,985,863","27,790,548","27,816,555","28,454,250","28,418,729","28,220,129","27,989,567","28,181,153","27,834,953","27,833,355","27,079,917","27,243,998","26,951,797","26,415,365","25,976,526","26,131,017","25,847,319","25,599,876","25,298,752","24,818,306","24,731,380","24,188,699","23,925,202","23,806,389","23,954,253","23,505,851","23,622,646","23,655,896","22,826,090","21,926,762","22,122,204","21,596,317","21,497,839","21,366,516","20,947,414","20,919,461","20,748,518","21,662,770","21,600,028","20,704,942","20,483,263","19,487,504","19,003,710","18,235,366","17,482,050","16,923,170","16,457,610","16,187,731","15,407,936","14,208,991","15,139,397","15,536,811","14,764,783","14,823,590","14,708,274","14,347,224","13,798,051","14,135,801","14,353,871","16,562,579","14,206,115","14,085,609","13,851,027","13,418,262","12,731,609","12,493,224","12,197,510","12,028,103","11,908,280","11,935,522","11,592,903","11,461,471","10,910,329","10,532,435","11,149,897","10,698,862","10,842,821","10,673,519","10,300,000","10,000,000","10,200,000","10,200,000","10,600,000","12,300,000","11,700,000","11,000,000","10,600,000","10,100,000","9,700,000","9,500,000","9,200,000","8,800,000","8,300,000","8,000,000","7,800,000","7,200,000","7,000,000","6,500,000","6,200,000","5,800,000","5,700,000","5,600,000","5,400,000","5,200,000","5,100,000","5,200,000","5,300,000","5,000,000","4,900,000","5,100,000","4,600,000","4,600,000","4,300,000","4,300,000","4,100,000","3,900,000","3,800,000","3,500,000","3,400,000","2,700,000","3,200,000",,,,,,,,,,,,,,
NetIncomeFromContinuingOperationNetMinorityInterest,"278,548,741","68,641,347","66,189,018","71,743,885","71,974,492","52,188,993","53,824,087","57,868,758","62,753,042","40,292,280","17,687,353","20,917,341","23,510,285","15,000,040","22,152,337","18,439,443","24,483,658","9,294,788","45,146,740","19,371,542","11,526,706","9,151,447","13,823,887","14,183,176","12,668,455","14,358,411","12,979,423","16,235,889","13,776,685","14,302,210","15,038,338","17,604,167","13,834,230","10,454,928","9,533,129","15,562,310","-14,424,223","8,090,156","11,567,648","13,276,446","13,058,606","6,512,075","10,597,216","10,960,614","12,724,690","7,721,612","7,652,594","8,458,004","11,669,256","5,595,134","6,017,010","5,191,796","4,736,827","7,771,520","11,128,303","10,461,920","15,973,747","12,994,918","12,692,809","14,217,473","19,745,894","13,506,744","11,167,585","11,528,131","13,841,969","9,441,068","7,770,387","9,406,896","6,625,715","5,473,532","5,064,180","11,540,354","8,203,177","7,211,093","1,797,581","6,790,390","3,570,278","3,458,084","3,175,229","3,741,188","3,692,583","3,295,253","4,565,535","4,319,888","5,921,835","3,150,306","4,457,992","4,187,277","5,604,335","6,393,207","4,900,000","5,400,000","5,100,000","4,100,000","4,100,000","-5,100,000","3,200,000","3,300,000","2,800,000","4,600,000","4,900,000","5,700,000","5,300,000","5,600,000","5,900,000","4,400,000","4,700,000","6,400,000","4,500,000","2,200,000","3,800,000","4,300,000","4,600,000","3,900,000","3,800,000","3,600,000","3,000,000","2,500,000","2,500,000","1,800,000","2,000,000","200,000","1,500,000","2,200,000","3,300,000","2,800,000","2,300,000","3,500,000","3,500,000","400,000","2,600,000","5,600,000","4,300,000",,,,,,,,,,,,,,
TotalUnusualItemsExcludingGoodwill,"8,967,486","1,265,254","-56,028","6,311,389","1,446,871","663,278","451,719","-3,359,124","1,338,702","108,352","-754,725","527,566","875,708","2,911,704","-262,591","57,386","605,507","8,223","57,270","-28,409","125,031","-10,139","1,378,117","-274,510","-1,555,179","557,409","63,731","1,870,916","-318,664","521,222","117,781","-310,152","927,851","83,283","124,873","23,890","-43,027,076","4,054,095","1,001,811","2,265,016","1,405,159","952,944","1,018,316","1,011,994","3,601,333","1,076,105","1,124,943","994,529","1,533,480","842,849","853,554","-22,150,140","10,657,054","64,827","1,882,102","652,776","1,405,268","1,219,679","1,836,167","1,100,788","9,709,147","1,527,215","1,631,415","-3,961,288","1,877,381","1,380,216","2,024,547","-3,565,146","2,476,181","1,319,714","1,916,499","1,673,360","3,208,870","4,183,422","2,851,159","12,779,683","3,635,935","4,036,436","2,812,790","3,825,994","3,111,492","3,175,050","5,296,202","2,888,947","5,201,126","3,404,601","2,698,205","3,202,732","4,331,285","6,425,536","3,100,000","2,700,000","3,100,000","3,000,000","2,600,000","-12,500,000","2,700,000","3,100,000","1,600,000","1,900,000","1,800,000","2,100,000","1,600,000","2,500,000","2,000,000","2,100,000","1,600,000","1,300,000","2,200,000","1,100,000","1,300,000","1,500,000","3,400,000","1,200,000","2,100,000","1,700,000","1,100,000","1,600,000","1,200,000","1,300,000","1,300,000","600,000","700,000","1,900,000","1,000,000","1,500,000","1,000,000","2,400,000","-100,000","-1,800,000","-900,000","2,900,000","1,400,000",,,,,,,,,,,,,,
TotalUnusualItems,"8,967,486","1,265,254","-56,028","6,311,389","1,446,871","663,278","451,719","-3,359,124","1,338,702","108,352","-754,725","527,566","875,708","2,911,704","-262,591","57,386","605,507","8,223","57,270","-28,409","125,031","-10,139","1,378,117","-274,510","-1,555,179","557,409","63,731","1,870,916","-318,664","521,222","117,781","-310,152","927,851","83,283","124,873","23,890","-43,027,076","4,054,095","1,001,811","2,265,016","1,405,159","952,944","1,018,316","1,011,994","3,601,333","1,076,105","1,124,943","994,529","1,533,480","842,849","853,554","-22,150,140","10,657,054","64,827","1,882,102","652,776","1,405,268","1,219,679","1,836,167","1,100,788","9,709,147","1,527,215","1,631,415","-3,961,288","1,877,381","1,380,216","2,024,547","-3,565,146","2,476,181","1,319,714","1,916,499","1,673,360","3,208,870","4,183,422","2,851,159","12,779,683","3,635,935","4,036,436","2,812,790","3,825,994","3,111,492","3,175,050","5,296,202","2,888,947","5,201,126","3,404,601","2,698,205","3,202,732","4,331,285","6,425,536","3,100,000","2,700,000","3,100,000","3,000,000","2,600,000","-12,500,000","2,700,000","3,100,000","1,600,000","1,900,000","1,800,000","2,100,000","1,600,000","2,500,000","2,000,000","2,100,000","1,600,000","1,300,000","2,200,000","1,100,000","1,300,000","1,500,000","3,400,000","1,200,000","2,100,000","1,700,000","1,100,000","1,600,000","1,200,000","1,300,000","1,300,000","600,000","700,000","1,900,000","1,000,000","1,500,000","1,000,000","2,400,000","-100,000","-1,800,000","-900,000","2,900,000","1,400,000",,,,,,,,,,,,,,
NormalizedEBITDA,"495,478,030","125,135,233","121,348,184","119,557,362","129,437,252","104,622,617","106,559,771","118,351,594","119,705,400","92,322,751","64,142,818","67,372,014","70,592,915","56,072,747","68,438,144","64,598,002","58,239,301","52,630,559","64,774,759","70,577,220","58,404,133","53,671,722","58,531,318","60,207,594","60,884,296","59,519,699","58,149,415","61,794,760","57,803,792","59,276,834","63,275,218","61,860,244","57,835,211","52,647,904","50,840,689","56,069,034","57,573,361","47,913,260","56,666,032","57,137,746","57,038,979","45,616,693","52,470,005","52,124,295","53,650,393","47,996,269","47,499,018","49,712,322","53,760,778","46,088,934","46,333,373","67,691,380","33,844,420","44,714,781","47,080,196","44,114,216","49,633,698","47,528,927","46,152,878","56,135,945","40,388,332","41,032,523","42,929,566","54,433,092","46,347,850","41,250,442","37,040,824","44,718,476","33,919,010","34,342,860","33,151,565","39,426,765","36,417,381","30,738,223","26,300,598","69,674,717","25,897,978","24,788,653","26,380,468","25,240,054","27,835,322","27,295,611","22,165,813","24,369,575","23,015,796","34,942,841","23,917,506","22,260,602","21,514,666","18,328,790","21,600,000","22,900,000","21,900,000","21,200,000","22,200,000","39,600,000","22,100,000","19,600,000","21,000,000","21,600,000","22,000,000","21,500,000","22,600,000","20,300,000","21,200,000","18,200,000","19,500,000","22,000,000","16,200,000","13,600,000","14,700,000","13,900,000","10,600,000","13,500,000","11,600,000","11,600,000","11,900,000","10,500,000","11,400,000","9,100,000","9,400,000","8,500,000","9,500,000","8,200,000","11,500,000","10,100,000","10,100,000","8,700,000","13,900,000","12,000,000","12,200,000","8,100,000","9,700,000","213,100,000","210,900,000","-545,900,000","199,900,000","189,500,000","183,300,000","-470,200,000","173,300,000","158,400,000","158,900,000","-413,700,000","150,600,000","139,300,000","145,200,000"
TaxRateForCalcs,"0.238","0.246","0.236","0.232","0.24","0.241","0.239","0.242","0.238","0.244","0.231","0.237","0.261","0.219","0.213","0.24","0.27","0.238","0.4","0.347","0.392","0.351","0.358","0.317","0.4","0.36","0.359","0.343","0.346","0.368","0.35","0.302","0.384","0.379","0.375","0.238","0.35","0.365","0.374","0.355","0.37","0.329","0.352","0.335","0.377","0.356","0.353","0.391","0.364","0.355","0.362","0.375","0.375","0.362","0.387","0.311","0.299","0.381","0.387","0.4","0.369","0.189","0.38","0.204","0.363","0.397","0.392","0.384","0.377","0.382","0.376","0.378","0.387","0.362","0.353","0.016","0.359","0.372","0.355","0.325","0.373","0.384","0.367","0.311","0.391","0.384","0.372","0.369","0.394","0.385","0.38","0.386","0.378","0.379","0.369","0.386","0.373","0.365","0.391","0.37","0.388","0.38","0.384","0.385","0.392","0.38","0.382","0.373","0.357","0.333","0.367","0.368","0.361","0.361","0.377","0.379","0.348","0.359","0.359","0.333","0.355","0.333","0.348","0.389","0.34","0.378","0.343","0.364","0.386","0.4","0.395","0.385","0.377",,,,,,,,,,,,,,
TaxEffectOfUnusualItems,"2,137,199.174","311,252.484","-13,222.608","1,466,854.312","347,249.04","159,849.998","107,960.841","-812,832.967","318,611.076","26,437.888","-174,341.475","125,205.44","228,559.788","637,663.176","-55,931.883","13,754.689","163,486.89","1,957.074","22,908","-9,861.729","49,012.152","-3,558.789","493,365.886","-86,894.8","-622,071.6","200,667.24","22,879.429","641,710.717","-110,257.744","191,809.696","41,223.35","-93,582.588","356,294.784","31,564.257","46,827.375","5,687.898","-15,059,476.6","1,479,744.675","374,677.314","803,143.826","519,637.977","313,060.023","358,587.926","339,201.175","1,356,034.516","383,239.652","396,722.081","388,933.043","557,727.729","298,929.714","309,272.789","-8,307,839.557","4,000,702.118","23,441.737","729,292.003","203,152.835","419,598.163","465,183.334","710,963.894","440,315.2","3,581,867.861","289,187.214","620,630.803","-808,719.535","681,050.704","548,171.014","792,672.532","-1,367,350.178","934,690.567","503,825.289","720,383.569","633,299.754","1,242,590.733","1,515,446.677","1,005,960.157","203,020.981","1,305,477.034","1,502,281.701","999,422.057","1,242,836.229","1,161,677.723","1,217,688.386","1,945,099.747","898,492.389","2,032,978.219","1,305,796.162","1,003,560.049","1,182,215.749","1,708,301.056","2,472,975.281","1,177,215.19","1,043,181.818","1,171,951.22","1,136,363.636","960,000","-4,819,277.108","1,005,882.353","1,132,692.308","626,086.957","702,739.726","697,500","798,913.043","613,953.488","961,538.462","783,505.155","798,591.549","610,526.316","484,313.725","785,714.286","366,666.667","476,666.667","551,470.588","1,227,777.778","432,786.885","791,803.279","644,827.586","382,608.696","574,358.974","430,769.231","433,333.333","461,290.323","200,000","243,478.261","738,888.889","340,000","566,666.667","342,857.143","872,727.273","-38,596.491","-720,000","-355,813.953","1,115,384.615","527,536.232",,,,,,,,,,,,,,