name,ttm,03/31/2022,12/31/2021,09/30/2021,06/30/2021,03/31/2021,12/31/2020,09/30/2020,06/30/2020,03/31/2020,12/31/2019,09/30/2019,06/30/2019,03/31/2019,12/31/2018,09/30/2018,06/30/2018,03/31/2018,12/31/2017,09/30/2017,06/30/2017,03/31/2017,12/31/2016,09/30/2016,06/30/2016,03/31/2016,12/31/2015,09/30/2015,06/30/2015,03/31/2015,12/31/2014,09/30/2014,06/30/2014,03/31/2014,12/31/2013,09/30/2013,06/30/2013,03/31/2013,12/31/2012,09/30/2012,06/30/2012,03/31/2012,12/31/2011,09/30/2011,06/30/2011,03/31/2011,12/31/2010,09/30/2010,06/30/2010,03/31/2010,12/31/2009,09/30/2009,06/30/2009,03/31/2009,12/31/2008,09/30/2008,06/30/2008,03/31/2008,12/31/2007,09/30/2007,06/30/2007,03/31/2007,12/31/2006,09/30/2006,06/30/2006,03/31/2006,12/31/2005,09/30/2005,06/30/2005,03/31/2005,12/31/2004,09/30/2004,06/30/2004,03/31/2004,12/31/2003,09/30/2003,06/30/2003,03/31/2003,09/30/2002,06/30/2002,03/31/2002,12/31/2001,09/30/2001,06/30/2001,03/31/2001,12/31/2000,09/30/2000,06/30/2000,03/31/2000,12/31/1999,09/30/1999,06/30/1999,03/31/1999,12/31/1998,09/30/1998,06/30/1998,03/31/1998,12/31/1997,09/30/1997,06/30/1997,03/31/1997,12/31/1996,09/30/1996,06/30/1996,03/31/1996,12/31/1995,09/30/1995,06/30/1995,03/31/1995,12/31/1994,09/30/1994,06/30/1994,03/31/1994,12/31/1993,09/30/1993,06/30/1993,03/31/1993,12/31/1992,09/30/1992,06/30/1992,03/31/1992,12/31/1991,09/30/1991,06/30/1991,03/31/1991,12/31/1990,09/30/1990,06/30/1990,03/31/1990,12/31/1989,09/30/1989,06/30/1989,03/31/1989,12/31/1988,09/30/1988,06/30/1988,03/31/1988,12/31/1987,09/30/1987,06/30/1987,03/31/1987,12/31/1986,09/30/1986,06/30/1986,03/31/1986,12/31/1985,09/30/1985
TotalRevenue,"37,761,100,000","12,382,000,000","9,942,800,000","8,350,900,000","7,085,500,000","5,957,900,000","4,702,100,000","4,482,700,000","3,158,300,000","8,015,200,000","9,358,100,000","9,322,700,000","9,459,400,000","8,678,800,000","9,988,600,000","10,429,500,000","10,150,800,000","9,181,300,000","8,872,100,000","8,543,000,000","8,086,200,000","8,194,300,000","7,792,200,000","7,399,800,000","6,633,000,000","5,192,600,000","6,731,900,000","7,810,700,000","8,496,400,000","7,340,700,000","9,779,555,000","11,713,463,000","11,342,475,000","10,550,896,000","10,404,653,000","10,493,661,000","10,479,604,000","10,184,029,000","9,935,813,000","9,911,673,000","9,618,797,000","9,479,055,000","9,323,947,000","9,510,792,000","8,708,709,000","7,079,406,000","5,828,777,000","4,987,074,000","4,397,275,000","3,918,021,000","3,545,241,000","3,202,653,000","2,533,340,000","2,013,943,000","2,913,448,000","5,453,351,000","5,651,118,000","4,491,486,000","4,145,522,000","3,608,465,000","3,273,359,000","2,702,209,000","2,618,733,000","2,775,545,000","2,856,852,000","2,534,006,000","2,534,255,000","2,307,357,000","2,117,749,000","1,774,586,000","1,785,827,000","1,579,371,000","1,377,378,000","911,797,000","705,571,000","652,301,000","645,918,000","658,000,000","510,601,000","458,909,000","351,284,000","325,964,000","349,710,000","338,107,000","368,062,000","408,567,000","378,083,000","374,530,000","351,997,000","323,100,000","306,600,000","231,600,000","183,000,000","187,800,000","180,300,000","193,000,000","200,700,000","208,900,000","205,800,000","186,300,000","213,900,000","207,700,000","180,300,000","170,700,000","191,000,000","166,700,000","145,700,000","139,000,000","134,600,000","78,100,000","76,700,000","72,500,000","63,400,000","62,500,000","63,100,000","61,400,000","70,700,000","62,800,000","68,900,000","57,900,000","58,100,000","53,800,000","51,400,000","42,200,000","69,700,000","65,700,000","51,800,000","47,100,000","52,200,000","48,500,000","20,100,000","21,400,000","19,900,000","16,800,000","14,300,000","13,500,000","13,100,000","11,400,000","9,600,000","7,000,000","2,300,000","2,300,000","2,300,000","2,300,000","1,900,000","1,800,000","1,800,000"
	OperatingRevenue,"37,761,100,000","12,382,000,000","9,942,800,000","8,350,900,000","7,085,500,000","5,957,900,000","4,702,100,000","4,482,700,000","3,158,300,000","8,015,200,000","9,358,100,000","9,322,700,000","9,459,400,000","8,678,800,000","9,988,600,000","10,429,500,000","10,150,800,000","9,181,300,000","8,872,100,000","8,543,000,000","8,086,200,000","8,194,300,000","7,792,200,000","7,399,800,000","6,633,000,000","5,192,600,000","6,731,900,000","7,810,700,000","8,496,400,000","7,340,700,000","9,779,555,000","11,713,463,000","11,342,475,000","10,550,896,000","10,404,653,000","10,493,661,000","10,479,604,000","10,184,029,000","9,935,813,000","9,911,673,000","9,618,797,000","9,479,055,000","9,323,947,000","9,510,792,000","8,708,709,000","7,079,406,000","5,828,777,000","4,987,074,000","4,397,275,000","3,918,021,000","3,545,241,000","3,202,653,000","2,533,340,000","2,013,943,000","2,913,448,000","5,453,351,000","5,651,118,000","4,491,486,000","4,145,522,000","3,608,465,000","3,273,359,000","2,702,209,000","2,618,733,000","2,775,545,000","2,856,852,000","2,534,006,000","2,534,255,000","2,307,357,000","2,117,749,000","1,774,586,000","1,785,827,000","1,579,371,000","1,377,378,000","911,797,000","705,571,000","652,301,000","645,918,000","658,000,000","510,601,000","458,909,000","351,284,000","325,964,000","349,710,000","338,107,000","368,062,000","408,567,000","378,083,000","374,530,000","351,997,000","323,100,000","306,600,000","231,600,000","183,000,000","187,800,000","180,300,000","193,000,000","200,700,000","208,900,000","205,800,000","186,300,000","213,900,000","207,700,000","180,300,000","170,700,000","191,000,000","166,700,000","145,700,000","139,000,000","134,600,000","78,100,000","76,700,000","72,500,000","63,400,000","62,500,000","63,100,000","61,400,000","70,700,000","62,800,000","68,900,000","57,900,000","58,100,000","53,800,000","51,400,000","42,200,000","69,700,000","65,700,000","51,800,000","47,100,000","52,200,000","48,500,000","20,100,000","21,400,000","19,900,000","16,800,000","14,300,000","13,500,000","13,100,000","11,400,000","9,600,000","7,000,000","2,300,000","2,300,000","2,300,000","2,300,000","1,900,000","1,800,000","1,800,000"
CostOfRevenue,"36,933,600,000","12,151,100,000","9,727,500,000","8,153,400,000","6,901,600,000","5,766,300,000","4,536,900,000","4,268,700,000","2,944,500,000","7,756,400,000","9,071,400,000","9,017,000,000","9,190,800,000","8,427,700,000","9,726,400,000","10,162,800,000","9,904,700,000","8,937,900,000","8,642,200,000","8,303,100,000","7,855,200,000","7,962,900,000","7,569,900,000","7,163,100,000","6,414,500,000","4,968,800,000","6,504,000,000","7,584,000,000","8,306,000,000","7,125,300,000","9,560,089,000","11,498,855,000","11,150,959,000","10,362,864,000","10,209,073,000","10,307,320,000","10,291,146,000","10,001,650,000","9,772,476,000","9,730,921,000","9,446,674,000","9,321,820,000","9,161,661,000","9,339,945,000","8,543,607,000","6,942,638,000","5,705,130,000","4,874,967,000","4,289,706,000","3,819,203,000","3,443,285,000","3,107,921,000","2,441,772,000","1,926,608,000","2,810,001,000","5,329,546,000","5,556,796,000","4,417,677,000","4,071,681,000","3,546,190,000","3,215,371,000","2,651,041,000","2,561,012,000","2,720,384,000","2,805,410,000","2,484,261,000","2,478,401,000","2,261,120,000","2,076,687,000","1,739,075,000","1,746,288,000","1,547,339,000","1,345,924,000","884,866,000","682,191,000","627,766,000","620,436,000","630,689,000","490,467,000","438,803,000","330,138,000","307,115,000","331,828,000","319,810,000","347,519,000","389,877,000","360,872,000","356,882,000","334,222,000","307,800,000","286,800,000","213,900,000","166,800,000","172,900,000","164,800,000","177,500,000","185,600,000","195,800,000","193,000,000","174,600,000","201,800,000","195,400,000","168,200,000","158,700,000","179,600,000","155,900,000","135,300,000","129,400,000","125,100,000","72,000,000","70,600,000","65,000,000","55,500,000","56,300,000","55,900,000","54,500,000","63,500,000","56,700,000","62,200,000","52,400,000",,,"46,100,000","36,500,000",,,,,,,,,,,,,,,,,,,,,,,
GrossProfit,"827,500,000","230,900,000","215,200,000","197,500,000","183,900,000","191,600,000","165,200,000","214,000,000","213,900,000","258,700,000","286,700,000","305,700,000","268,600,000","251,100,000","262,200,000","266,700,000","246,200,000","243,400,000","229,900,000","239,900,000","231,000,000","231,400,000","222,300,000","236,700,000","218,500,000","223,800,000","227,900,000","226,700,000","190,400,000","215,400,000","219,466,000","214,608,000","191,516,000","188,032,000","195,580,000","186,341,000","188,458,000","182,379,000","163,337,000","180,752,000","172,123,000","157,235,000","162,286,000","170,847,000","165,102,000","136,768,000","123,647,000","112,107,000","107,569,000","98,818,000","101,956,000","94,732,000","91,568,000","87,335,000","103,447,000","123,805,000","94,322,000","73,809,000","73,841,000","62,275,000","57,988,000","51,168,000","57,721,000","55,161,000","51,442,000","49,745,000","55,854,000","46,237,000","41,062,000","35,511,000","39,539,000","32,032,000","31,454,000","26,931,000","23,380,000","24,535,000","25,482,000","27,311,000","20,134,000","20,106,000","21,146,000","18,849,000","17,882,000","18,297,000","20,543,000","18,690,000","17,211,000","17,648,000","17,775,000","15,300,000","19,800,000","17,700,000","16,200,000","14,900,000","15,500,000","15,500,000","15,100,000","13,100,000","12,800,000","11,700,000","12,100,000","12,300,000","12,100,000","12,000,000","11,400,000","10,800,000","10,400,000","9,600,000","9,500,000","6,100,000","6,100,000","7,500,000","7,900,000","6,200,000","7,200,000","6,900,000","7,200,000","6,100,000","6,700,000","5,500,000",,,"5,300,000","5,700,000",,,,,,,,,,,,,,,,,,,,,,,
OperatingExpense,"672,000,000","189,600,000","183,000,000","154,100,000","145,300,000","151,900,000","139,100,000","172,300,000","180,300,000","187,900,000","206,400,000","212,000,000","193,400,000","180,700,000","181,900,000","188,500,000","185,100,000","186,200,000","195,600,000","178,600,000","179,800,000","181,100,000","198,300,000","178,400,000","173,000,000","160,500,000","160,000,000","160,300,000","148,800,000","143,900,000","148,537,000","140,505,000","131,704,000","123,728,000","131,102,000","122,138,000","119,722,000","115,438,000","108,976,000","109,704,000","99,765,000","97,979,000","97,867,000","99,922,000","98,999,000","81,243,000","75,057,000","67,020,000","62,505,000","56,693,000","58,066,000","53,859,000","55,441,000","54,230,000","62,166,000","63,489,000","64,500,000","51,488,000","49,287,000","39,958,000","35,922,000","34,217,000","38,884,000","34,341,000","32,861,000","29,792,000","36,115,000","30,295,000","29,089,000","27,108,000","28,670,000","23,435,000","21,654,000","19,221,000","16,253,000","17,371,000","19,701,000","20,393,000","12,960,000","14,237,000","14,763,000","13,288,000","13,171,000","14,663,000","10,722,000","13,948,000","15,346,000","14,069,000","21,157,000","13,500,000","14,600,000","12,600,000","12,500,000","10,400,000","11,300,000","10,700,000","10,900,000","8,500,000","7,700,000","7,300,000","8,800,000","8,200,000","8,200,000","7,700,000","7,900,000","6,700,000","6,600,000","5,900,000","6,400,000","3,400,000","3,500,000","4,500,000","5,100,000","4,300,000","4,800,000","4,500,000","5,200,000","4,300,000","4,600,000","4,700,000",,,"3,800,000","3,500,000",,,,,,,,,,,,,,,,,,,,,,,
	SellingGeneralAndAdministration,"672,000,000","189,600,000","183,000,000","154,100,000","145,300,000","151,900,000","139,100,000","172,300,000","180,300,000","187,900,000","206,400,000","212,000,000","193,400,000","180,700,000","181,900,000","188,500,000","185,100,000","186,200,000","201,900,000","176,200,000","178,300,000","178,600,000","188,300,000","176,900,000","170,500,000","159,000,000","157,700,000","158,700,000","146,500,000","142,600,000","148,313,000","139,312,000","130,518,000","122,574,000","125,032,000","120,275,000","117,013,000","114,335,000","108,599,000","106,073,000","99,124,000","97,838,000","96,443,000","97,500,000","95,468,000","80,447,000","73,957,000","65,923,000","60,809,000","56,324,000","56,210,000","52,085,000","54,977,000","53,772,000","46,085,000","63,489,000","64,500,000","51,488,000","49,287,000","39,958,000","35,922,000","34,217,000","38,884,000","34,341,000","32,861,000","29,792,000","36,115,000","30,295,000","29,089,000","27,108,000","28,670,000","23,435,000","21,654,000","19,221,000","-18,708,000","17,371,000","19,701,000","20,393,000","14,537,000","14,237,000","14,763,000","13,288,000","13,171,000","13,663,000","12,442,000","13,367,000","14,787,000","13,489,000","20,527,000","13,500,000","13,700,000","11,700,000","11,800,000","9,700,000","10,600,000","10,000,000","10,300,000","7,900,000","7,100,000","6,700,000","8,300,000","7,700,000","7,700,000","7,300,000","7,400,000","6,300,000","6,200,000","5,500,000","5,900,000","3,100,000","3,200,000","4,200,000","4,800,000","3,900,000","4,500,000","4,100,000","4,800,000","3,900,000","4,300,000","4,200,000",,,"3,300,000","3,000,000",,,,,,,,,,,,,,,,,,,,,,,
		GeneralAndAdministrativeExpense,"672,000,000","189,600,000","183,000,000","154,100,000","145,300,000","151,900,000","139,100,000","172,300,000","180,300,000","187,900,000","206,400,000","212,000,000","193,400,000","180,700,000","181,900,000","188,500,000","185,100,000","186,200,000","201,900,000","176,200,000","178,300,000","178,600,000","188,300,000","176,900,000","170,500,000","159,000,000","157,700,000","158,700,000","146,500,000","142,600,000","148,313,000","139,312,000","130,518,000","122,574,000","125,032,000","120,275,000","117,013,000","114,335,000","108,599,000","106,073,000","99,124,000","97,838,000","96,443,000","97,500,000","95,468,000","80,447,000","73,957,000","65,923,000","60,809,000","56,324,000","56,210,000","52,085,000","54,977,000","53,772,000",,,,,,,,,,,,,,,,,,,,,,,,,,,,,,,,,,,,,,,,,,,,,,,,,,,,,,,,,,,,,,,,,,,,,,,,,,,,,,,,,,,,,,,,,,,,,
			SalariesAndWages,"409,100,000","114,900,000","112,800,000","93,500,000","87,900,000","92,500,000","77,100,000","91,400,000","95,900,000","104,200,000","117,100,000","129,200,000","113,900,000","110,100,000","100,100,000","117,900,000","110,200,000","113,900,000","113,700,000","107,600,000","102,300,000","104,500,000","107,100,000","106,600,000","103,700,000","95,900,000","95,300,000","94,200,000","87,500,000","88,600,000","86,233,000","85,171,000","77,363,000","71,075,000","73,663,000","72,184,000","72,745,000","69,429,000","60,809,000","65,843,000","56,183,000","54,527,000","56,114,000","57,215,000","54,877,000","47,069,000","45,702,000","43,048,000","38,900,000","34,801,000","36,177,000","32,359,000","35,079,000","33,793,000",,,,,,,,,,,,,,,,,,,,,,,,,,,,,,,,,,,,,,,,,,,,,,,,,,,,,,,,,,,,,,,,,,,,,,,,,,,,,,,,,,,,,,,,,,,,,
			OtherGandA,"262,900,000","74,700,000","70,200,000","60,600,000","57,400,000","59,400,000","62,000,000","80,900,000","84,400,000","83,700,000","89,300,000","82,800,000","79,500,000","70,600,000","81,800,000","70,600,000","74,900,000","72,300,000","88,200,000","68,600,000","76,000,000","74,100,000","81,200,000","70,300,000","66,800,000","63,100,000","62,400,000","64,500,000","59,000,000","54,000,000","62,080,000","54,141,000","53,155,000","51,499,000","51,369,000","48,091,000","44,268,000","44,906,000","47,790,000","40,230,000","42,941,000","43,311,000","40,329,000","40,285,000","40,591,000","33,378,000","28,255,000","22,875,000","21,909,000","21,523,000","20,033,000","19,726,000","19,898,000","19,979,000",,,,,,,,,,,,,,,,,,,,,,,,,,,,,,,,,,,,,,,,,,,,,,,,,,,,,,,,,,,,,,,,,,,,,,,,,,,,,,,,,,,,,,,,,,,,,
	DepreciationAmortizationDepletionIncomeStatement,,,,,,,,,,,,,,,,,,,,,,,,,,,,,,,,,,,,,,,,,,,,,,,,,,,,,,,,,,,,,,,,,,,,,,,,,,,,,,,,,,,,,"630,000","581,000","559,000","580,000","630,000",,"900,000","900,000","700,000","700,000","700,000","700,000","600,000","600,000","600,000","600,000","500,000","500,000","500,000","400,000","500,000","400,000","400,000","400,000","500,000","300,000","300,000","300,000","300,000","400,000","300,000","400,000","400,000","400,000","300,000","500,000",,,"500,000","500,000",,,,,,,,,,,,,,,,,,,,,,,
		DepreciationAndAmortizationInIncomeStatement,,,,,,,,,,,,,,,,,,,,,,,,,,,,,,,,,,,,,,,,,,,,,,,,,,,,,,,,,,,,,,,,,,,,,,,,,,,,,,,,,,,,,"630,000","581,000","559,000","580,000","630,000",,"900,000","900,000","700,000","700,000","700,000","700,000","600,000","600,000","600,000","600,000","500,000","500,000","500,000","400,000","500,000","400,000","400,000","400,000","500,000","300,000","300,000","300,000","300,000","400,000","300,000","400,000","400,000","400,000","300,000","500,000",,,"500,000","500,000",,,,,,,,,,,,,,,,,,,,,,,
	ProvisionForDoubtfulAccounts,,,,,,,,,,,,,,,,,,,,"2,400,000","1,500,000","2,500,000","10,000,000","1,500,000","2,500,000","1,500,000","2,300,000","1,600,000","2,300,000","1,300,000","224,000","1,193,000","1,186,000","1,154,000","6,070,000","1,863,000","2,709,000","1,103,000","377,000","3,631,000","641,000","141,000","1,424,000","2,422,000","3,531,000","796,000","1,100,000","1,097,000","1,696,000","369,000","1,856,000","1,774,000","464,000","458,000",,,,,,,,,,,,,,,,,,,,,,,,,,,,,,,,,,,,,,,,,,,,,,,,,,,,,,,,,,,,,,,,,,,,,,,,,,,,,,,,,,,,,,,,,,,,,
	OtherOperatingExpenses,,,,,,,,,,,,,,,,,,,,,,,,,,,,,,,,,,,,,,,,,,,,,,,,,,,,,,,,,,,,,,,,,,,,,,,,,,,,,,,"-1,577,000",,"0",,,"1,000,000",,,,,,,,,,,,,,,,,,,,,,,,,,,,,,,,,,,,,,,,,,,,,,,,,,,,,,,,,,,,,,,
OperatingIncome,"155,500,000","41,300,000","32,200,000","43,400,000","38,600,000","39,700,000","26,100,000","41,700,000","33,600,000","70,800,000","80,300,000","93,700,000","75,200,000","70,400,000","80,300,000","78,200,000","61,100,000","57,200,000","34,300,000","61,300,000","51,200,000","50,300,000","24,000,000","58,300,000","45,500,000","63,300,000","67,900,000","66,400,000","41,600,000","71,500,000","70,929,000","74,103,000","59,812,000","64,304,000","64,478,000","64,203,000","68,736,000","66,941,000","54,361,000","71,048,000","72,358,000","59,256,000","64,419,000","70,925,000","66,103,000","55,525,000","48,590,000","45,087,000","45,064,000","42,125,000","43,890,000","40,873,000","36,127,000","33,105,000","41,281,000","60,316,000","29,822,000","22,321,000","24,554,000","22,317,000","22,066,000","16,951,000","18,837,000","20,820,000","18,581,000","19,953,000","19,739,000","15,942,000","11,973,000","8,403,000","10,869,000","8,597,000","9,800,000","7,710,000","7,127,000","7,164,000","5,781,000","6,918,000","7,174,000","5,869,000","6,383,000","5,561,000","4,711,000","3,634,000","9,821,000","4,742,000","1,865,000","3,579,000","-3,382,000","1,800,000","5,200,000","5,100,000","3,700,000","4,500,000","4,200,000","4,800,000","4,200,000","4,600,000","5,100,000","4,400,000","3,300,000","4,100,000","3,900,000","4,300,000","3,500,000","4,100,000","3,800,000","3,700,000","3,100,000","2,700,000","2,600,000","3,000,000","2,800,000","1,900,000","2,400,000","2,400,000","2,000,000","1,800,000","2,100,000","800,000","-138,900,000","53,800,000","1,500,000","2,200,000","-156,700,000","65,700,000","51,800,000","47,100,000","-84,100,000","48,500,000","20,100,000","21,400,000","-40,800,000","16,800,000","14,300,000","13,500,000","-26,000,000","11,400,000","9,600,000","7,000,000","-6,600,000","2,300,000","2,300,000","2,300,000","-4,800,000","1,800,000","1,800,000"
NetNonOperatingInterestIncomeExpense,"-45,700,000","-14,300,000","-11,000,000","-10,400,000","-10,000,000","-8,800,000","-11,000,000","-8,700,000","-10,000,000","-15,300,000","-14,800,000","-19,600,000","-20,200,000","-19,400,000","-18,500,000","-18,300,000","-17,900,000","-16,300,000","-18,000,000","-15,800,000","-13,800,000","-12,700,000","-13,300,000","-10,200,000","-8,100,000","-7,600,000","-8,400,000","-7,900,000","-6,400,000","-7,300,000","-7,411,000","-8,785,000","-4,685,000","-4,356,000","-4,469,000","-4,580,000","-4,579,000","-3,659,000","-4,694,000","-4,305,000","-5,437,000","-4,661,000","-4,211,000","-4,791,000","-4,298,000","-2,525,000","-2,275,000","-989,000","-841,000","-640,000","-964,000","-761,000","-803,000","-1,135,000",,,,,,,,,,,,,,,,,,,,,,,,,,,,,,,,,,,,,,,,,,,,,,,,,,,,,,,,,,,,,,,,,,,,,,,,,,,,,,,,,,,,,,,,,,,,,
	InterestIncomeNonOperating,"7,200,000","2,500,000","1,600,000","1,700,000","1,400,000","2,300,000","1,300,000","700,000","700,000","900,000","1,900,000","1,600,000","1,500,000","1,100,000","1,200,000","800,000","1,300,000","600,000","2,100,000","1,200,000","1,700,000","1,000,000","900,000","800,000","1,500,000","1,300,000","1,000,000","1,300,000","1,300,000","1,200,000","1,531,000","1,328,000","1,482,000","1,652,000","1,525,000","1,432,000","501,000","424,000","127,000","256,000","253,000","272,000","397,000","165,000","147,000","79,000","142,000","223,000","163,000","186,000","288,000","319,000","349,000","259,000",,,,,,,,,,,,,,,,,,,,,,,,,,,,,,,,,,,,,,,,,,,,,,,,,,,,,,,,,,,,,,,,,,,,,,,,,,,,,,,,,,,,,,,,,,,,,
	InterestExpenseNonOperating,"52,900,000","16,800,000","12,600,000","12,100,000","11,400,000","11,100,000","12,300,000","9,400,000","10,700,000","16,200,000","16,700,000","21,200,000","21,700,000","20,500,000","19,700,000","19,100,000","19,200,000","16,900,000","20,100,000","17,000,000","15,500,000","13,700,000","14,200,000","11,000,000","9,600,000","8,900,000","9,400,000","9,200,000","7,700,000","8,500,000","8,942,000","10,113,000","6,167,000","6,008,000","5,994,000","6,012,000","5,080,000","4,083,000","4,821,000","4,561,000","5,690,000","4,933,000","4,608,000","4,956,000","4,445,000","2,604,000","2,417,000","1,212,000","1,004,000","826,000","1,252,000","1,080,000","1,152,000","1,394,000",,,,,,,,,,,,,,,,,,,,,,,,,,,,,,,,,,,,,,,,,,,,,,,,,,,,,,,,,,,,,,,,,,,,,,,,,,,,,,,,,,,,,,,,,,,,,
	TotalOtherFinanceCost,,,,,,,,,,"15,400,000","14,800,000","19,500,000","20,200,000","19,400,000","18,500,000","18,300,000","17,900,000","16,300,000","18,100,000","15,800,000",,"12,700,000","13,300,000",,"8,100,000",,,,,,,,,,,,,,,,,,,,,,,,,"-604,000",,,,,,,,,,,,,,,,,,,,,,,,,,,,,,,,,,,,,,,,,,,,,,,,,,,,,,,,,,,,,,,,,,,,,,,,,,,,,,,,,,,,,,,,,,,,,,,,,
OtherIncomeExpense,"-4,600,000","5,700,000","-500,000","-700,000","-9,100,000","-3,300,000","-15,800,000","74,800,000","-26,600,000","2,200,000","-7,900,000","-3,300,000","2,600,000","400,000","-18,900,000","1,900,000","-1,600,000","-2,300,000","-152,900,000","-900,000","-2,600,000","-1,600,000","-8,700,000","500,000","-600,000","1,300,000","1,500,000","1,900,000","-1,600,000","300,000","19,719,000","2,583,000","1,480,000","1,858,000","801,000","-1,135,000","-192,000","120,000","353,000","838,000","-88,000","566,000","-290,000","-1,643,000","-83,000","-928,000","989,000","-209,000","593,000","36,000","134,000","-578,000","242,000","-221,000","-4,547,000","-2,056,000","-237,000","-870,000","119,000","-2,813,000","381,000","-100,000","1,253,000","798,000","-1,244,000","-952,000","-333,000","-87,000","331,000","-145,000","269,000","122,000","-1,170,000","91,000","251,000","-111,000","370,000","-395,000","-12,378,000","-696,000","-3,000","210,000","-375,000","1,827,000","-1,793,000","708,000","-6,093,000","742,000","516,000","-1,900,000","-7,300,000","-1,300,000","400,000","600,000","300,000","300,000","500,000","600,000","400,000","700,000","500,000","600,000","700,000","400,000","600,000","500,000","400,000","400,000","800,000","600,000","200,000","100,000","-1,300,000","100,000","100,000","100,000","100,000","-2,700,000","-100,000","100,000",,,"200,000","200,000",,,,,,,,,,,,,,,,,,,,,,,
	SpecialIncomeCharges,"-9,200,000","0","200,000","-1,700,000","-7,700,000","-2,100,000","-9,600,000","-2,900,000","-21,700,000",,"-13,400,000",,,,"-4,900,000",,,,"-151,500,000",,,,,,,,,,,,,,,,,,,,,"838,000","-88,000","566,000","-290,000","-1,643,000","-83,000","-928,000","989,000","-209,000","593,000","36,000","134,000","-578,000","242,000","-221,000","-4,547,000","-2,056,000","-237,000","-870,000","119,000","-2,813,000","381,000","-100,000","1,253,000","798,000","-1,244,000","-952,000","-333,000","-87,000","331,000","-145,000","269,000","122,000","-1,170,000","91,000",,"-111,000","370,000","-395,000","-12,378,000","-696,000","-419,000","210,000","-375,000","1,827,000","-1,793,000","708,000","-6,093,000","742,000","516,000","-1,900,000","-7,300,000","-1,300,000","400,000","600,000","300,000","300,000","500,000","600,000","400,000","700,000","500,000","600,000","700,000","400,000","600,000","500,000","400,000","400,000","800,000","600,000","200,000","100,000",,"100,000",,"100,000","100,000",,"-100,000","100,000",,,"200,000","200,000",,,,,,,,,,,,,,,,,,,,,,,
		RestructuringAndMergernAcquisition,"4,500,000","0","-200,000","1,700,000","3,000,000","2,100,000","2,600,000","2,900,000","3,100,000",,"13,400,000",,,,"4,900,000",,,,"59,600,000",,,,,,,,,,,,,,,,,,,,,,,,,,,,,,,,,,,,,,,,,,,,,,"1,545,000",,,,,,,,,,,,,,,,,,,,,,,,,,,,,,,,,,,,,,,,,,,,,,,,,,,,,,,,,,,,,,,,,,,,,,,,,,,,,,,,,,
		ImpairmentOfCapitalAssets,,,"0","0","4,700,000",,"7,000,000","0","18,600,000",,,,,,"0",,,,"91,900,000",,,,,,,,,,,,,,,,,,,,,,,,,,,,,,,,,,,,,,,,,,,,,,,,,,,,,,,,,,,,,,,,,,,,,,,,,,,,,,,,,,,,,,,,,,,,,,,,,,,,,,,,,,,,,,,,,,,,,,,,,,,,,,,,
		WriteOff,,,"0","0","4,700,000",,"7,000,000","0","18,600,000",,,,,,,,,,,,,,,,,,,,,,,,,,,,,,,,,,,,,,,,,,,,,,,,,,,,,,,,,,,,,,,,,,,,,,,,,,,,,,,,,,,,,,,,,,,,,,,,,,,,,,,,,,,,,,,,,,,,,,,,,,,,,,,,,,,,,,,,,,
		OtherSpecialCharges,,,,,,,,,,,,,,,,,,,"0",,,,,,,,,,,,,,,,,,,,,,,,,,,,,,,,,,,,,,,,,,,,,,"-301,000",,,,,,,,,,,,,,,,,,,,,,,,,,,,,,,,,,,,,,,,,,,,,,,,,,,,,,,,,,,,,,,,,,,,,,,,,,,,,,,,,,
	OtherNonOperatingIncomeExpenses,"4,600,000","5,700,000","-700,000","1,000,000","-1,400,000","-1,200,000","-6,200,000","77,700,000","-4,900,000","2,200,000","11,800,000","-3,300,000","2,600,000","400,000","-1,800,000","1,900,000","-1,600,000","-2,300,000","-1,400,000","-900,000","-2,600,000","-1,600,000","-8,700,000","500,000","-600,000","1,300,000","1,500,000","1,900,000","-1,600,000","300,000","19,719,000","2,583,000","1,480,000","1,858,000","801,000","-1,135,000","-192,000","120,000","-4,341,000",,,,,,,,,,,,,,,,,,,,,,,,,,,,,,,,,,,,,,,,,,,,,,,,,,,,,,,,,,,,,,,,,,,,,,,,,,,,,,,,,,,,,,,,,,,,,,,,,,,,,,,,,,,,
PretaxIncome,"105,000,000","32,600,000","20,500,000","32,300,000","19,600,000","27,600,000","-700,000","107,800,000","-3,000,000","57,600,000","57,500,000","70,900,000","57,600,000","51,300,000","42,900,000","61,800,000","41,600,000","38,600,000","-136,700,000","44,600,000","34,900,000","36,100,000","2,000,000","48,400,000","36,900,000","57,100,000","61,000,000","60,400,000","33,600,000","64,500,000","83,237,000","67,901,000","56,607,000","61,806,000","60,810,000","58,488,000","63,965,000","63,402,000","50,020,000","67,581,000","66,833,000","55,161,000","59,918,000","64,491,000","61,722,000","52,072,000","47,304,000","43,889,000","44,816,000","41,521,000","43,060,000","39,534,000","35,566,000","31,749,000","35,432,000","54,968,000","27,078,000","20,097,000","25,136,000","20,108,000","23,618,000","17,724,000","21,115,000","22,491,000","17,869,000","19,925,000","20,130,000","15,147,000","12,138,000","8,326,000","10,896,000","8,509,000","8,347,000","7,885,000","7,443,000","7,247,000","6,263,000","6,665,000","-432,000","5,558,000","6,487,000","6,140,000","4,729,000","5,870,000","7,595,000","5,450,000","-1,023,000","4,321,000","-3,028,000","900,000","1,400,000","3,700,000","4,100,000","5,100,000","4,500,000","5,200,000","4,900,000","5,100,000","5,600,000","5,100,000","3,900,000","4,600,000","4,700,000","4,700,000","4,000,000","4,500,000","4,200,000","4,000,000","3,800,000","3,300,000","2,900,000","3,100,000","1,500,000","2,100,000","2,500,000","2,400,000","2,200,000","1,900,000","1,900,000","900,000",,,"1,800,000","2,300,000",,,,,,,,,,,,,,,,,,,,,,,
TaxProvision,"23,400,000","6,400,000","5,000,000","10,000,000","2,000,000","8,800,000","3,100,000","25,400,000","7,700,000","16,000,000","700,000","21,500,000","20,000,000","14,000,000","13,200,000","23,000,000","12,400,000","7,300,000","57,000,000","82,600,000","4,600,000","5,000,000","0","5,400,000","7,100,000","4,800,000","9,500,000","11,800,000","5,200,000","9,900,000","16,180,000","13,441,000","10,223,000","11,300,000","7,415,000","8,191,000","11,608,000","12,291,000","4,995,000","14,683,000","11,951,000","6,615,000","6,888,000","10,649,000","11,049,000","10,415,000","8,066,000","7,515,000","7,765,000","7,681,000","8,356,000","10,437,000","7,623,000","5,930,000","6,818,000","14,848,000","6,502,000","4,202,000","6,876,000","5,014,000","6,506,000","2,839,000","3,698,000","5,252,000","3,287,000","5,116,000","7,886,000","4,438,000","2,207,000","944,000","2,124,000","1,542,000","1,481,000","1,822,000","1,814,000","1,713,000","820,000","1,397,000","-1,179,000","1,152,000","2,014,000","1,667,000","1,127,000","1,183,000","3,183,000","1,538,000","-1,238,000","1,074,000","-1,256,000","200,000","1,600,000","1,500,000","600,000","1,100,000","1,000,000","1,100,000","1,100,000","1,000,000","1,500,000","1,300,000","400,000","1,200,000","1,400,000","1,600,000","1,200,000","1,600,000","1,500,000","1,500,000","1,500,000","1,200,000","1,100,000","1,200,000","600,000","800,000","900,000","1,000,000","800,000","700,000","600,000","400,000",,,"700,000","900,000",,,,,,,,,,,,,,,,,,,,,,,
NetIncomeCommonStockholders,"81,100,000","26,300,000","15,500,000","21,700,000","17,600,000","18,900,000","-3,500,000","82,000,000","-10,200,000","41,400,000","56,500,000","48,200,000","37,000,000","37,200,000","29,600,000","38,200,000","28,700,000","31,200,000","-193,000,000","-38,500,000","30,000,000","31,300,000","2,200,000","42,700,000","30,000,000","52,400,000","51,800,000","49,600,000","29,900,000","55,600,000","67,134,000","55,660,000","48,226,000","50,727,000","51,862,000","51,472,000","51,016,000","48,725,000","42,836,000","51,494,000","48,600,000","46,415,000","50,062,000","52,655,000","50,203,000","41,109,000","39,430,000","36,755,000","36,977,000","33,703,000","34,495,000","29,072,000","27,742,000","25,830,000","28,653,000","40,085,000","20,548,000","15,753,000","18,130,000","14,826,000","16,988,000","14,829,000","17,269,000","17,199,000","14,503,000","14,978,000","11,970,000","10,692,000","9,565,000","7,382,000","8,772,000","6,967,000","6,866,000","5,954,000","5,629,000","5,534,000","5,443,000","5,268,000","747,000","4,406,000","4,473,000","4,473,000","3,602,000","4,687,000","3,756,000","3,416,000","215,000","3,247,000","6,435,000","1,200,000","-200,000","2,200,000","3,500,000","4,000,000","3,500,000","4,100,000","3,800,000","4,100,000","4,100,000","3,800,000","3,500,000","3,400,000","3,300,000","3,100,000","2,800,000","2,900,000","2,700,000","2,500,000","2,300,000","2,100,000","1,800,000","1,900,000","900,000","1,300,000","1,600,000","1,400,000","1,400,000","-1,600,000","1,300,000","500,000",,,"1,100,000","1,400,000",,,,,,,,,,,,,,,,,,,,,,,
	NetIncome,"81,100,000","26,300,000","15,500,000","21,700,000","17,600,000","18,900,000","-3,500,000","82,000,000","-10,200,000","41,400,000","56,500,000","48,200,000","37,000,000","37,200,000","29,600,000","38,200,000","28,700,000","31,200,000","-193,000,000","-38,500,000","30,000,000","31,300,000","2,200,000","42,700,000","30,000,000","52,400,000","51,800,000","49,600,000","29,900,000","55,600,000","67,134,000","55,660,000","48,226,000","50,727,000","51,862,000","51,472,000","51,016,000","48,725,000","42,836,000","51,494,000","48,600,000","46,415,000","50,062,000","52,655,000","50,203,000","41,109,000","39,430,000","36,755,000","36,977,000","33,703,000","34,495,000","29,072,000","27,742,000","25,830,000","28,653,000","40,085,000","20,548,000","15,753,000","18,130,000","14,826,000","16,988,000","14,829,000","17,269,000","17,199,000","14,503,000","14,978,000","11,970,000","10,692,000","9,565,000","7,382,000","8,772,000","6,967,000","6,866,000","5,954,000","5,629,000","5,534,000","5,443,000","5,268,000","747,000","4,406,000","4,473,000","4,473,000","3,602,000","4,687,000","3,756,000","3,416,000","215,000","3,247,000","6,435,000","1,200,000","-200,000","2,200,000","3,500,000","4,000,000","3,500,000","4,100,000","3,800,000","4,100,000","4,100,000","3,800,000","3,500,000","3,400,000","3,300,000","3,100,000","2,800,000","2,900,000","2,700,000","2,500,000","2,300,000","2,100,000","1,800,000","1,900,000","900,000","1,300,000","1,600,000","1,400,000","1,400,000","-1,600,000","1,300,000","500,000",,,"1,100,000","1,400,000",,,,,,,,,,,,,,,,,,,,,,,
		NetIncomeIncludingNoncontrollingInterests,"81,700,000","26,300,000","15,500,000","22,300,000","17,600,000","18,800,000","-3,800,000","82,400,000","-10,700,000","41,600,000","56,800,000","49,400,000","37,600,000","37,300,000","29,800,000","38,700,000","29,200,000","31,300,000","-193,700,000","-37,900,000","30,300,000","31,100,000","2,000,000","43,000,000","29,800,000","52,300,000","51,500,000","48,600,000","28,400,000","54,600,000","67,057,000","54,460,000","46,384,000","50,506,000","53,395,000","50,297,000","52,357,000","51,111,000","45,025,000","52,898,000","54,882,000","48,546,000","53,030,000","53,842,000","50,673,000","41,657,000","39,238,000","36,374,000","37,051,000","33,840,000","34,704,000","29,097,000","27,943,000","25,819,000","28,614,000","40,120,000","20,576,000","15,895,000","18,260,000","15,094,000","17,112,000","14,885,000","17,417,000","17,239,000","14,582,000","14,809,000","12,244,000","10,709,000","9,931,000","7,382,000","8,772,000","6,967,000","6,866,000","6,063,000","5,629,000","5,534,000","5,443,000","5,268,000","747,000","4,406,000","4,473,000","4,473,000","3,602,000","4,687,000","3,756,000","3,416,000","215,000","3,247,000","6,435,000","1,200,000","-200,000","2,200,000","3,500,000","4,000,000","3,500,000","4,100,000","3,800,000","4,100,000","4,100,000","3,800,000","3,500,000","3,400,000","3,300,000","3,100,000","2,800,000","2,900,000","2,700,000","2,500,000","2,300,000","2,100,000","1,800,000","1,900,000","900,000","1,300,000","1,600,000","1,400,000","1,400,000","-1,600,000","1,300,000","500,000","1,900,000","1,500,000","1,100,000","1,400,000","1,500,000","1,300,000","800,000","1,200,000","1,400,000","1,000,000","700,000","900,000","600,000","600,000","500,000","500,000","300,000","200,000","200,000","300,000","100,000",,,,"0","100,000","100,000"
			NetIncomeContinuousOperations,"81,600,000","26,200,000","15,500,000","22,300,000","17,600,000","18,800,000","-3,800,000","82,400,000","-10,700,000","41,600,000","56,800,000","49,400,000","37,600,000","37,300,000","29,700,000","38,800,000","29,200,000","31,300,000","-193,700,000","-38,000,000","30,300,000","31,100,000","2,000,000","43,000,000","29,800,000","52,300,000","51,500,000","48,600,000","28,400,000","54,600,000","67,057,000","54,460,000","46,384,000","50,506,000","53,395,000","50,297,000","52,357,000","51,111,000","45,025,000","52,898,000","54,882,000","48,546,000","53,030,000","53,842,000","50,673,000","41,657,000","39,238,000","36,374,000","37,051,000","33,840,000","34,704,000","29,097,000","27,943,000","25,819,000","28,819,000","40,085,000","20,548,000","15,753,000","18,130,000","14,826,000","16,988,000","14,829,000","17,269,000","17,199,000","14,503,000","14,978,000","11,970,000","10,692,000","9,565,000","7,382,000","8,772,000","6,967,000","6,866,000","5,954,000","5,629,000","5,534,000","5,443,000","5,268,000","747,000","4,406,000","4,473,000","4,473,000","3,602,000","4,687,000","4,412,000","3,912,000","215,000","3,247,000","-1,772,000","700,000","-200,000","2,200,000","3,500,000","4,000,000","3,500,000","4,100,000","3,800,000","4,100,000","4,100,000","3,800,000","3,500,000","3,400,000","3,300,000","3,100,000","2,800,000","2,900,000","2,700,000","2,500,000","2,300,000","2,100,000","1,800,000","1,900,000","900,000","1,300,000","1,600,000","1,400,000","1,400,000","1,200,000","1,300,000","500,000","1,900,000","1,500,000","1,100,000","1,400,000","1,500,000","1,300,000","800,000","1,200,000","1,400,000","1,000,000","700,000","900,000","600,000","600,000","500,000","500,000","300,000","200,000","200,000","300,000","100,000",,,,"0","100,000","100,000"
			NetIncomeDiscontinuousOperations,,,,,,,,,,,,,,,,,,,,,,,,,,,,,,,,,,,,,,,,,,,,,,,,,,,,,,,,,,,,,,,,,,,,,,,,,,,,,,,,,,,,,"-656,000","-496,000",,,"8,207,000","500,000",,,,,,,,,,,,,,,,,,,,,,,,,,,"0","-2,800,000",,,,,,,,,,,,,,,,,,,,,,,,,,,,,
		MinorityInterests,"-400,000","100,000","0","-600,000","100,000","0","100,000","-500,000","400,000","-200,000","-300,000","-1,200,000","-600,000","-100,000","-200,000","-600,000","-500,000","-100,000","700,000","-600,000","-200,000","300,000","100,000","-300,000","200,000","100,000","300,000","1,000,000","1,500,000","1,000,000","77,000","1,200,000","1,842,000","221,000","-1,533,000","1,175,000","-1,341,000","-2,386,000","-2,189,000","-1,404,000","-6,282,000","-2,131,000","-2,968,000","-1,187,000","-470,000","-548,000","192,000","381,000","-74,000","-137,000","-209,000","-25,000","-201,000","11,000","39,000","-35,000","-28,000","-142,000","-130,000","-268,000","-124,000","-56,000","-148,000","-40,000","-79,000","169,000","-274,000","-17,000","-366,000",,,,,"-109,000",,,,,,,,,,,,,,,,,,,,,,,,,,,,,,,,,,,,,,,,,,,,,,,,,,,,,,,,,,,,,,,,,,,,,,,,,
DilutedNIAvailtoComStockholders,"81,100,000","26,300,000","15,500,000","21,700,000","17,600,000","18,900,000","-3,500,000","82,000,000","-10,200,000","41,400,000","56,500,000","48,200,000","37,000,000","37,200,000","29,600,000","38,200,000","28,700,000","31,200,000","-193,000,000","-38,500,000","30,000,000","31,300,000","2,200,000","42,700,000","30,000,000","52,400,000","51,800,000","49,600,000","29,900,000","55,600,000","67,134,000","55,660,000","48,226,000","50,727,000","51,862,000","51,472,000","51,016,000","48,725,000","42,836,000","51,494,000","48,600,000","46,415,000","50,062,000","52,655,000","50,203,000","41,109,000","39,430,000","36,755,000","36,977,000","33,703,000","34,495,000","29,072,000","27,742,000","25,830,000","28,653,000","40,085,000","20,548,000","15,753,000","18,130,000","14,826,000","16,988,000","14,829,000","17,269,000","17,199,000","14,503,000","14,978,000","11,970,000","10,692,000","9,565,000","7,382,000","8,772,000","6,967,000","6,866,000","5,954,000","5,629,000","5,534,000","5,443,000","5,268,000","747,000","4,406,000","4,473,000","4,473,000","3,602,000","4,687,000","3,756,000","3,416,000","215,000","3,247,000","6,435,000","1,200,000","-200,000","2,200,000","3,500,000","4,000,000","3,500,000","4,100,000","3,800,000","4,100,000","4,100,000","3,800,000","3,500,000","3,400,000","3,300,000","3,100,000","2,800,000","2,900,000","2,700,000","2,500,000","2,300,000","2,100,000","1,800,000","1,900,000","900,000","1,300,000","1,600,000","1,400,000","1,400,000","-1,600,000","1,300,000","500,000",,,"1,100,000","1,400,000",,,,,,,,,,,,,,,,,,,,,,,
BasicEPS,,"0.42","0.25","0.34","0.28","0.3","-0.06","1.29","-0.16","0.64","0.86","0.74","0.56","0.64","0.44","0.57","0.42","0.46","-2.86","-0.57","0.44","0.46","0.03","0.62","0.43","0.75","0.75","0.71","0.42","0.79","0.95","0.79","0.68","0.72","0.73","0.72","0.71","0.68","0.6","0.72","0.68","0.65",,"0.74","0.71","0.59",,"0.61","0.62","0.57",,"0.49","0.47","0.44",,"0.69","0.36","0.28",,"0.265","0.305","0.265",,"0.31","0.265","0.28",,"0.235","0.215","0.165",,"0.155","0.155","0.138",,"0.13","0.128","0.125","0.018","0.105",,"0.108","0.088","0.113",,"0.08","0.005","0.075",,"0.025","-0.005","0.045",,"0.08","0.07","0.083",,"0.085","0.085","0.078",,"0.07","0.068","0.065",,"0.058","0.055","0.053",,"0.048","0.043","0.045",,"0.03","0.038","0.035",,"-0.038","0.03","0.013",,"0.035","0.025","0.035",,"0.03","0.018","0.03",,"0.023","0.018","0.023",,"0.018","0.018","0.018",,"0.005","0.008","0.013",,"0.003","0.003","0.003",,"0.003","0.003"
DilutedEPS,,"0.41","0.25","0.34","0.28","0.3","-0.06","1.29","-0.16","0.63","0.86","0.73","0.55","0.64","0.44","0.56","0.42","0.46","-2.86","-0.57","0.44","0.45","0.03","0.61","0.43","0.75","0.74","0.71","0.42","0.78","0.94","0.78","0.68","0.71","0.73","0.72","0.71","0.68","0.6","0.72","0.68","0.65",,"0.74","0.7","0.58",,"0.6","0.61","0.56",,"0.485","0.465","0.435",,"0.685","0.355","0.275",,"0.255","0.29","0.255",,"0.295","0.25","0.26",,"0.22","0.2","0.155",,"0.148","0.145","0.13",,"0.123","0.123","0.12","0.018","0.103",,"0.105","0.085","0.11",,"0.08","0.005","0.075",,"0.025","-0.005","0.045",,"0.08","0.07","0.08",,"0.083","0.083","0.078",,"0.068","0.068","0.063",,"0.058","0.055","0.053",,"0.048","0.043","0.045",,"0.03","0.038","0.035",,"-0.038","0.03","0.013",,"0.035","0.025","0.035",,"0.03","0.018","0.03",,"0.023","0.018","0.023",,"0.018","0.018","0.018",,"0.005","0.008","0.013",,"0.003","0.003","0.003",,"0.003","0.003"
BasicAverageShares,,"63,400,000","62,200,000","63,000,000","63,400,000","63,000,000","63,400,000","63,400,000","63,300,000","64,900,000","65,300,000","65,300,000","66,700,000","67,100,000","67,100,000","67,500,000","67,700,000","67,500,000","67,400,000","67,900,000","68,400,000","68,700,000","69,100,000","69,100,000","69,500,000","69,500,000","69,500,000","70,000,000","70,700,000","70,700,000","70,708,000","70,796,000","70,842,000","70,705,000","70,870,000","71,371,000","71,516,000","71,288,000","71,232,000","71,216,000","71,173,000","70,998,000",,"70,939,000","70,856,000","69,970,000",,"60,496,000","59,418,000","59,324,000",,"59,156,000","58,864,000","58,784,000",,"57,892,000","57,102,000","56,574,000",,"56,306,000","56,122,000","56,006,000",,"55,554,000","54,230,000","53,926,000",,"45,932,000","44,896,000","44,820,000",,"44,680,000","44,224,000","43,220,000",,"42,524,000","42,400,000","42,336,000","41,872,000","41,488,000",,"41,364,000","41,564,000","41,612,000",,"42,080,000","43,060,000","43,552,000",,"48,608,000","40,000,000","48,888,889",,"50,000,000","50,000,000","49,696,970",,"48,235,294","48,235,294","49,032,258",,"48,571,429","48,888,889","47,692,308",,"50,434,783","49,090,909","47,619,048",,"44,210,526","42,352,941","42,222,222",,"43,333,333","42,666,667","40,000,000",,"42,666,667","43,333,333","40,000,000",,"43,478,261","44,000,000","40,000,000",,"41,180,000","41,180,000","40,280,000",,"40,192,000","40,192,000","37,968,000",,"31,016,000","31,016,000","26,976,000",,"26,976,000","26,976,000","26,976,000",,"26,976,000","26,976,000","26,976,000",,"17,984,000","17,984,000"
DilutedAverageShares,,"63,700,000","62,400,000","63,300,000","63,800,000","63,600,000","63,400,000","63,600,000","63,300,000","65,400,000","65,900,000","65,700,000","67,000,000","67,400,000","67,400,000","67,700,000","68,000,000","67,900,000","67,400,000","68,200,000","68,700,000","69,200,000","69,500,000","69,500,000","70,000,000","70,000,000","69,900,000","70,300,000","71,200,000","71,400,000","71,297,000","71,346,000","71,419,000","71,394,000","71,459,000","71,877,000","72,018,000","71,999,000","71,906,000","71,816,000","71,767,000","71,774,000",,"71,587,000","71,558,000","70,982,000",,"61,663,000","60,685,000","60,601,000",,"60,162,000","59,846,000","59,172,000",,"58,388,000","57,862,000","57,580,000",,"58,154,000","58,206,000","58,236,000",,"58,020,000","57,746,000","57,284,000",,"48,872,000","47,954,000","47,882,000",,"47,264,000","47,004,000","45,940,000",,"44,816,000","44,472,000","44,136,000","43,504,000","43,176,000",,"43,052,000","42,472,000","42,232,000",,"42,080,000","43,148,000","43,584,000",,"48,712,000","40,000,000","48,888,889",,"50,000,000","50,000,000","51,250,000",,"49,696,970","49,696,970","49,032,258",,"50,370,370","48,888,889","49,600,000",,"50,434,783","49,090,909","47,619,048",,"44,210,526","42,352,941","42,222,222",,"43,333,333","42,666,667","40,000,000",,"42,666,667","43,333,333","40,000,000",,"43,478,261","44,000,000","40,000,000",,"41,180,000","41,180,000","40,280,000",,"40,192,000","40,192,000","37,968,000",,"31,016,000","31,016,000","26,976,000",,"26,976,000","26,976,000","26,976,000",,"26,976,000","26,976,000","26,976,000",,"17,984,000","17,984,000"
TotalOperatingIncomeAsReported,"146,300,000","41,300,000","32,400,000","41,700,000","30,900,000","37,600,000","16,400,000","38,800,000","11,900,000","70,800,000","60,500,000","93,600,000","75,200,000","70,400,000","63,300,000","78,200,000","61,100,000","57,200,000","-117,200,000","61,300,000","51,200,000","50,300,000","24,100,000","58,200,000","45,600,000","63,300,000","67,900,000","66,400,000","41,600,000","71,500,000","70,929,000","74,103,000","59,812,000","64,304,000","64,478,000","64,203,000","68,736,000","66,941,000","54,361,000","71,048,000","72,358,000","59,256,000","64,419,000","70,925,000","66,103,000","55,525,000","48,590,000","45,087,000","45,064,000","42,125,000","43,890,000","40,873,000","36,127,000","33,105,000","41,281,000","60,316,000","29,822,000","22,321,000","24,554,000","22,317,000","22,066,000","16,951,000","18,837,000","20,820,000","17,036,000","19,953,000","19,739,000","15,942,000","11,973,000","8,403,000","10,869,000","8,597,000","9,800,000","7,710,000","7,127,000","7,164,000","5,781,000","6,918,000","1,105,000","5,869,000","6,383,000","5,561,000","4,711,000","4,634,000","7,171,000","4,742,000","-1,340,000","3,579,000","-3,320,000","800,000","1,700,000","5,100,000","3,700,000","4,500,000","4,200,000","4,800,000","4,200,000","4,600,000","5,100,000","4,400,000","3,300,000","4,100,000","3,900,000","4,300,000","3,500,000","4,100,000","3,800,000","3,700,000","3,100,000","2,700,000","2,600,000","3,000,000","2,800,000","1,900,000","2,400,000","2,400,000","2,000,000","1,800,000","2,100,000","800,000",,,"1,500,000","2,200,000",,,,,,,,,,,,,,,,,,,,,,,
TotalExpenses,"37,605,600,000","12,340,700,000","9,910,500,000","8,307,500,000","7,046,900,000","5,918,200,000","4,676,000,000","4,441,000,000","3,124,800,000","7,944,300,000","9,277,800,000","9,229,000,000","9,384,200,000","8,608,400,000","9,908,300,000","10,351,300,000","10,089,800,000","9,124,100,000","8,837,800,000","8,481,700,000","8,035,000,000","8,144,000,000","7,768,200,000","7,341,500,000","6,587,500,000","5,129,300,000","6,664,000,000","7,744,300,000","8,454,800,000","7,269,200,000","9,708,626,000","11,639,360,000","11,282,663,000","10,486,592,000","10,340,175,000","10,429,458,000","10,410,868,000","10,117,088,000","9,881,452,000","9,840,625,000","9,546,439,000","9,419,799,000","9,259,528,000","9,439,867,000","8,642,606,000","7,023,881,000","5,780,187,000","4,941,987,000","4,352,211,000","3,875,896,000","3,501,351,000","3,161,780,000","2,497,213,000","1,980,838,000","2,872,167,000","5,393,035,000","5,621,296,000","4,469,165,000","4,120,968,000","3,586,148,000","3,251,293,000","2,685,258,000","2,599,896,000","2,754,725,000","2,838,271,000","2,514,053,000","2,514,516,000","2,291,415,000","2,105,776,000","1,766,183,000","1,774,958,000","1,570,774,000","1,367,578,000","904,087,000","698,444,000","645,137,000","640,137,000","651,082,000","503,427,000","453,040,000","344,901,000","320,403,000","344,999,000","334,473,000","358,241,000","403,825,000","376,218,000","370,951,000","355,379,000","321,300,000","301,400,000","226,500,000","179,300,000","183,300,000","176,100,000","188,200,000","196,500,000","204,300,000","200,700,000","181,900,000","210,600,000","203,600,000","176,400,000","166,400,000","187,500,000","162,600,000","141,900,000","135,300,000","131,500,000","75,400,000","74,100,000","69,500,000","60,600,000","60,600,000","60,700,000","59,000,000","68,700,000","61,000,000","66,800,000","57,100,000",,,"49,900,000","40,000,000",,,,,,,,,,,,,,,,,,,,,,,
NetIncomeFromContinuingAndDiscontinuedOperation,"81,100,000","26,300,000","15,500,000","21,700,000","17,600,000","18,900,000","-3,500,000","82,000,000","-10,200,000","41,400,000","56,500,000","48,200,000","37,000,000","37,200,000","29,600,000","38,200,000","28,700,000","31,200,000","-193,000,000","-38,500,000","30,000,000","31,300,000","2,200,000","42,700,000","30,000,000","52,400,000","51,800,000","49,600,000","29,900,000","55,600,000","67,134,000","55,660,000","48,226,000","50,727,000","51,862,000","51,472,000","51,016,000","48,725,000","42,836,000","51,494,000","48,600,000","46,415,000","50,062,000","52,655,000","50,203,000","41,109,000","39,430,000","36,755,000","36,977,000","33,703,000","34,495,000","29,072,000","27,742,000","25,830,000","28,653,000","40,085,000","20,548,000","15,753,000","18,130,000","14,826,000","16,988,000","14,829,000","17,269,000","17,199,000","14,503,000","14,978,000","11,970,000","10,692,000","9,565,000","7,382,000","8,772,000","6,967,000","6,866,000","5,954,000","5,629,000","5,534,000","5,443,000","5,268,000","747,000","4,406,000","4,473,000","4,473,000","3,602,000","4,687,000","3,756,000","3,416,000","215,000","3,247,000","6,435,000","1,200,000","-200,000","2,200,000","3,500,000","4,000,000","3,500,000","4,100,000","3,800,000","4,100,000","4,100,000","3,800,000","3,500,000","3,400,000","3,300,000","3,100,000","2,800,000","2,900,000","2,700,000","2,500,000","2,300,000","2,100,000","1,800,000","1,900,000","900,000","1,300,000","1,600,000","1,400,000","1,400,000","-1,600,000","1,300,000","500,000",,,"1,100,000","1,400,000",,,,,,,,,,,,,,,,,,,,,,,
NormalizedIncome,"88,249,714.286","26,300,000","15,348,780.488","22,874,700","24,514,600","20,332,200","3,508,000","84,204,000","5,641,000","41,400,000","56,500,000","48,200,000","37,000,000","37,200,000","29,600,000","38,200,000","28,700,000","31,200,000","-193,000,000","-38,500,000","30,000,000","31,300,000","2,200,000","42,700,000","30,000,000","52,400,000","51,800,000","49,600,000","29,900,000","55,600,000","67,134,000","55,660,000","48,226,000","50,727,000","51,862,000","51,472,000","51,016,000","48,725,000","42,836,000","50,838,068.244","48,672,263.941","45,916,875.673","50,318,662.439","54,026,701.571","50,271,141.975","41,851,389.307","38,609,638.466","36,928,213.47","36,486,745.56","33,673,659.666","34,387,003.344","29,497,407.649","27,551,868.807","26,009,722.164","32,325,043.859","41,585,631.64","20,728,091.292","16,441,095.238","18,043,552.673","16,937,568.629","16,711,953.256","14,912,982.171","16,235,445.607","16,587,345.472","15,518,166.378","15,685,561.757","12,172,546.051","10,753,509.408","9,294,184.297","7,510,559.933","8,555,437.225","6,867,108.826","7,828,408.051","5,884,027.521","5,629,000","5,618,762.522","5,121,443.238","5,580,207.052","8,173,800","4,957,740.914","4,761,914.29","4,320,014.658","3,887,631.212","3,228,201.193","5,487,800","3,403,798.899","3,870,800","2,689,426.753","-2,081,600","2,177,777.778","4,180,000","2,980,000","3,158,536.585","3,529,411.765","3,266,666.667","3,863,461.538","3,412,244.898","3,617,647.059","3,807,142.857","3,278,431.373","3,051,282.051","2,956,521.739","2,808,510.638","2,836,170.213","2,380,000","2,577,777.778","2,442,857.143","2,250,000","1,815,789.474","1,718,181.818","1,675,862.069","1,838,709.677","900,000","1,238,095.238","1,600,000","1,340,000","1,336,363.636","1,200,000","1,368,421.053","440,000",,,"977,777.778","1,278,260.87",,,,,,,,,,,,,,,,,,,,,,,
InterestIncome,"7,200,000","2,500,000","1,600,000","1,700,000","1,400,000","2,300,000","1,300,000","700,000","700,000","900,000","1,900,000","1,600,000","1,500,000","1,100,000","1,200,000","800,000","1,300,000","600,000","2,100,000","1,200,000","1,700,000","1,000,000","900,000","800,000","1,500,000","1,300,000","1,000,000","1,300,000","1,300,000","1,200,000","1,531,000","1,328,000","1,482,000","1,652,000","1,525,000","1,432,000","501,000","424,000","127,000","256,000","253,000","272,000","397,000","165,000","147,000","79,000","142,000","223,000","163,000","186,000","288,000","319,000","349,000","259,000",,,,,"566,000","1,192,000","1,722,000",,"1,659,000","1,471,000","932,000","1,527,000","1,272,000",,"396,000","68,000",,,,"84,000","375,000","194,000",,,"280,000","385,000","107,000","369,000","393,000","409,000",,,,,,,,,,,,,,,,,,,,,,,,,,,,,,,,,,,,,,,,,,,,,,,,,,,,,,,,,,,,,,,
InterestExpense,"52,900,000","16,800,000","12,600,000","12,100,000","11,400,000","11,100,000","12,300,000","9,400,000","10,700,000","16,200,000","16,700,000","21,200,000","21,700,000","20,500,000","19,700,000","19,100,000","19,200,000","16,900,000","20,100,000","17,000,000","15,500,000","13,700,000","14,200,000","11,000,000","9,600,000","8,900,000","9,400,000","9,200,000","7,700,000","8,500,000","8,942,000","10,113,000","6,167,000","6,008,000","5,994,000","6,012,000","5,080,000","4,083,000","4,821,000","4,561,000","5,690,000","4,933,000","4,608,000","4,956,000","4,445,000","2,604,000","2,417,000","1,212,000","1,004,000","826,000","1,252,000","1,080,000","1,152,000","1,394,000","3,188,000","3,292,000","2,507,000","1,354,000","103,000","588,000","551,000",,"634,000","598,000","400,000","604,000","548,000",,"562,000",,"1,226,000",,"283,000",,,,,,,,,,,,,,,,,,,,,,,,,,,,,,,,,,,,,,,,,,,"100,000",,,,,,,,"100,000",,,,,,,,,,,,,,,,,,,,,,,
NetInterestIncome,"-45,700,000","-14,300,000","-11,000,000","-10,400,000","-10,000,000","-8,800,000","-11,000,000","-8,700,000","-10,000,000","-15,300,000","-14,800,000","-19,600,000","-20,200,000","-19,400,000","-18,500,000","-18,300,000","-17,900,000","-16,300,000","-18,000,000","-15,800,000","-13,800,000","-12,700,000","-13,300,000","-10,200,000","-8,100,000","-7,600,000","-8,400,000","-7,900,000","-6,400,000","-7,300,000","-7,411,000","-8,785,000","-4,685,000","-4,356,000","-4,469,000","-4,580,000","-4,579,000","-3,659,000","-4,694,000","-4,305,000","-5,437,000","-4,661,000","-4,211,000","-4,791,000","-4,298,000","-2,525,000","-2,275,000","-989,000","-841,000","-640,000","-964,000","-761,000","-803,000","-1,135,000","-1,302,000","-3,292,000","-2,507,000","-1,354,000","463,000","604,000","1,171,000",,"1,025,000","873,000","532,000","923,000","724,000",,"-166,000","68,000","-242,000",,"-283,000","84,000","65,000","194,000",,,"280,000","385,000","107,000","369,000","393,000","409,000",,,,,,,,,,,,,,,,,,,,,,,,,,,,,,,,"-100,000",,,,,,,,"-100,000",,,,,,,,,,,,,,,,,,,,,,,
EBIT,"157,900,000","49,400,000","33,100,000","44,400,000","31,000,000","38,700,000","11,600,000","117,200,000","7,700,000","73,800,000","74,200,000","92,100,000","79,300,000","71,800,000","62,600,000","80,900,000","60,800,000","55,500,000","-116,600,000","61,600,000","50,400,000","49,800,000","16,200,000","59,400,000","46,500,000","66,000,000","70,400,000","69,600,000","41,300,000","73,000,000","92,179,000","78,014,000","62,774,000","67,814,000","66,804,000","64,500,000","69,045,000","67,485,000","54,841,000","72,142,000","72,523,000","60,094,000","64,526,000","69,447,000","66,167,000","54,676,000","49,721,000","45,101,000","45,820,000","42,347,000","44,312,000","40,614,000","36,718,000","33,143,000","35,457,000","60,316,000","29,822,000","22,321,000","24,554,000","22,317,000","22,066,000","16,951,000","18,837,000","20,820,000","18,581,000","19,953,000","19,739,000","15,942,000","11,973,000","8,403,000","10,869,000","8,597,000","9,800,000","7,710,000","8,065,000","7,164,000","5,781,000","6,918,000","7,174,000","5,869,000","6,383,000","5,561,000","4,711,000","3,634,000","9,821,000","4,742,000","1,865,000","3,579,000","-3,382,000","1,800,000","5,200,000","5,100,000","3,700,000","4,500,000","4,200,000","4,800,000","4,200,000","4,600,000","5,100,000","4,400,000","3,300,000","4,100,000","3,900,000","4,300,000","3,500,000","4,100,000","3,800,000","3,700,000","3,100,000","2,700,000","2,600,000","3,000,000","2,800,000","1,900,000","2,400,000","2,400,000","2,000,000","1,800,000","2,100,000","800,000","-138,900,000","53,800,000","1,500,000","2,200,000","-156,700,000","65,700,000","51,800,000","47,100,000","-84,100,000","48,500,000","20,100,000","21,400,000","-40,800,000","16,800,000","14,300,000","13,500,000","-26,000,000","11,400,000","9,600,000","7,000,000","-6,600,000","2,300,000","2,300,000","2,300,000","-4,800,000","1,800,000","1,800,000"
EBITDA,"246,300,000"
ReconciledCostOfRevenue,"36,933,600,000","12,151,100,000","9,727,500,000","8,153,400,000","6,901,600,000","5,766,300,000","4,536,900,000","4,268,700,000","2,944,500,000","7,756,400,000","9,071,400,000","9,017,000,000","9,190,800,000","8,427,700,000","9,726,400,000","10,162,800,000","9,904,700,000","8,937,900,000","8,642,200,000","8,303,100,000","7,855,200,000","7,962,900,000","7,569,900,000","7,163,100,000","6,414,500,000","4,968,800,000","6,504,000,000","7,584,000,000","8,306,000,000","7,125,300,000","9,560,089,000","11,498,855,000","11,150,959,000","10,362,864,000","10,209,073,000","10,307,320,000","10,291,146,000","10,001,650,000","9,772,476,000","9,730,921,000","9,446,674,000","9,321,820,000","9,161,661,000","9,339,945,000","8,543,607,000","6,942,638,000","5,705,130,000","4,874,967,000","4,289,706,000","3,819,203,000","3,443,285,000","3,107,921,000","2,441,772,000","1,926,608,000","2,810,001,000","5,329,546,000","5,556,796,000","4,417,677,000","4,071,681,000","3,546,190,000","3,215,371,000","2,651,041,000","2,561,012,000","2,720,384,000","2,805,410,000","2,484,261,000","2,478,401,000","2,261,120,000","2,076,687,000","1,739,075,000","1,746,288,000","1,547,339,000","1,345,924,000","884,866,000","682,191,000","627,766,000","620,436,000","630,689,000","490,467,000","438,803,000","330,138,000","307,115,000","331,828,000","319,810,000","347,519,000","389,877,000","360,872,000","356,882,000","334,222,000","307,800,000","286,800,000","213,900,000","166,800,000","172,900,000","164,800,000","177,500,000","185,600,000","195,800,000","193,000,000","174,600,000","201,800,000","195,400,000","168,200,000","158,700,000","179,600,000","155,900,000","135,300,000","129,400,000","125,100,000","72,000,000","70,600,000","65,000,000","55,500,000","56,200,000","55,900,000","54,500,000","63,500,000","57,000,000","62,000,000","52,400,000",,,"46,100,000","36,500,000",,,,,,,,,,,,,,,,,,,,,,,
ReconciledDepreciation,"88,400,000","27,200,000","20,800,000","19,700,000","20,700,000","19,800,000","19,500,000","22,100,000","22,400,000","21,800,000","23,200,000","21,100,000","20,800,000","22,300,000","22,500,000","20,600,000","19,600,000","18,800,000","21,900,000","20,700,000","20,800,000","22,600,000","23,900,000","21,700,000","18,300,000","18,400,000","18,500,000","16,400,000","15,100,000","13,400,000","17,534,000","14,798,000","14,610,000","12,457,000","11,898,000","10,525,000","11,439,000","10,848,000","9,914,000","9,132,000","8,009,000","9,659,000","11,419,000","10,371,000","10,573,000","8,167,000","6,013,000","4,469,000","4,205,000","4,419,000","3,829,000","4,987,000","4,302,000","3,838,000","4,001,000","-188,000","7,187,000","2,870,000","2,710,000","1,429,000","1,430,000","1,332,000","1,431,000","1,332,000","1,099,000","1,004,000","982,000","1,157,000","856,000","831,000","815,000","939,000","1,050,000","792,000","792,000","799,000","1,361,000","878,000","747,000","669,000","643,000","431,000","443,000","422,000","630,000","581,000","559,000","580,000","630,000","0","900,000","900,000","700,000","700,000","700,000","700,000","600,000","600,000","600,000","600,000","500,000","500,000","500,000","400,000","500,000","400,000","400,000","400,000","500,000","300,000","300,000","300,000","300,000","500,000","300,000","400,000","400,000","100,000","500,000","500,000",,,"500,000","500,000",,,,,,,,,,,,,,,,,,,,,,,
NetIncomeFromContinuingOperationNetMinorityInterest,"81,100,000","26,300,000","15,500,000","21,700,000","17,600,000","18,900,000","-3,500,000","82,000,000","-10,200,000","41,400,000","56,500,000","48,200,000","37,000,000","37,200,000","29,600,000","38,200,000","28,700,000","31,200,000","-193,000,000","-38,500,000","30,000,000","31,300,000","2,200,000","42,700,000","30,000,000","52,400,000","51,800,000","49,600,000","29,900,000","55,600,000","67,134,000","55,660,000","48,226,000","50,727,000","51,862,000","51,472,000","51,016,000","48,725,000","42,836,000","51,494,000","48,600,000","46,415,000","50,062,000","52,655,000","50,203,000","41,109,000","39,430,000","36,755,000","36,977,000","33,703,000","34,495,000","29,072,000","27,742,000","25,830,000","28,653,000","40,085,000","20,548,000","15,753,000","18,130,000","14,826,000","16,988,000","14,829,000","17,269,000","17,199,000","14,503,000","14,978,000","11,970,000","10,692,000","9,565,000","7,382,000","8,772,000","6,967,000","6,866,000","5,954,000","5,629,000","5,534,000","5,443,000","5,268,000","747,000","4,406,000","4,473,000","4,473,000","3,602,000","4,687,000","4,412,000","3,912,000","215,000","3,247,000","-1,772,000","700,000","-200,000","2,200,000","3,500,000","4,000,000","3,500,000","4,100,000","3,800,000","4,100,000","4,100,000","3,800,000","3,500,000","3,400,000","3,300,000","3,100,000","2,800,000","2,900,000","2,700,000","2,500,000","2,300,000","2,100,000","1,800,000","1,900,000","900,000","1,300,000","1,600,000","1,400,000","1,400,000","1,200,000","1,300,000","500,000",,,"1,100,000","1,400,000",,,,,,,,,,,,,,,,,,,,,,,
TotalUnusualItemsExcludingGoodwill,"-9,200,000","0","200,000","-1,700,000","-7,700,000","-2,100,000","-9,600,000","-2,900,000","-21,700,000",,"-13,400,000",,,,"-4,900,000",,,,"-151,500,000",,,,,,,,,,,,,,,,,,,,,"838,000","-88,000","566,000","-290,000","-1,643,000","-83,000","-928,000","989,000","-209,000","593,000","36,000","134,000","-578,000","242,000","-221,000","-4,547,000","-2,056,000","-237,000","-870,000","119,000","-2,813,000","381,000","-100,000","1,253,000","798,000","-1,244,000","-952,000","-333,000","-87,000","331,000","-145,000","269,000","122,000","-1,170,000","91,000",,"-111,000","370,000","-395,000","-12,378,000","-696,000","-419,000","210,000","-375,000","1,827,000","-1,793,000","708,000","-6,093,000","742,000","516,000","-1,900,000","-7,300,000","-1,300,000","400,000","600,000","300,000","300,000","500,000","600,000","400,000","700,000","500,000","600,000","700,000","400,000","600,000","500,000","400,000","400,000","800,000","600,000","200,000","100,000",,"100,000",,"100,000","100,000",,"-100,000","100,000",,,"200,000","200,000",,,,,,,,,,,,,,,,,,,,,,,
TotalUnusualItems,"-9,200,000","0","200,000","-1,700,000","-7,700,000","-2,100,000","-9,600,000","-2,900,000","-21,700,000",,"-13,400,000",,,,"-4,900,000",,,,"-151,500,000",,,,,,,,,,,,,,,,,,,,,"838,000","-88,000","566,000","-290,000","-1,643,000","-83,000","-928,000","989,000","-209,000","593,000","36,000","134,000","-578,000","242,000","-221,000","-4,547,000","-2,056,000","-237,000","-870,000","119,000","-2,813,000","381,000","-100,000","1,253,000","798,000","-1,244,000","-952,000","-333,000","-87,000","331,000","-145,000","269,000","122,000","-1,170,000","91,000",,"-111,000","370,000","-395,000","-12,378,000","-696,000","-419,000","210,000","-375,000","1,827,000","-1,793,000","708,000","-6,093,000","742,000","516,000","-1,900,000","-7,300,000","-1,300,000","400,000","600,000","300,000","300,000","500,000","600,000","400,000","700,000","500,000","600,000","700,000","400,000","600,000","500,000","400,000","400,000","800,000","600,000","200,000","100,000",,"100,000",,"100,000","100,000",,"-100,000","100,000",,,"200,000","200,000",,,,,,,,,,,,,,,,,,,,,,,
NormalizedEBITDA,"255,500,000","76,600,000","53,700,000","65,800,000","59,400,000","60,600,000","40,700,000","142,200,000","51,800,000","95,600,000","97,400,000","113,200,000","100,100,000","94,100,000","85,100,000","101,500,000","80,400,000","74,300,000","-94,700,000","82,300,000","71,200,000","72,400,000","40,100,000","81,100,000","64,800,000","84,400,000","88,900,000","86,000,000","56,400,000","86,400,000","109,713,000","92,812,000","77,384,000","80,271,000","78,702,000","75,025,000","80,484,000","78,333,000","64,755,000","80,436,000","80,620,000","69,187,000","76,235,000","81,461,000","76,823,000","63,771,000","54,745,000","49,779,000","49,432,000","46,730,000","48,007,000","46,179,000","40,778,000","37,202,000","44,005,000","62,372,000","37,246,000","26,061,000","27,145,000","26,559,000","23,115,000","18,383,000","19,015,000","21,354,000","20,924,000","21,909,000","21,054,000","17,186,000","12,498,000","9,379,000","11,415,000","9,414,000","12,020,000","8,411,000","8,857,000","8,074,000","6,772,000","8,191,000","20,299,000","7,234,000","7,445,000","5,782,000","5,529,000","2,229,000","12,244,000","4,615,000","8,517,000","3,417,000","-3,268,000","3,700,000","13,400,000","7,300,000","4,000,000","4,600,000","4,600,000","5,200,000","4,300,000","4,600,000","5,300,000","4,300,000","3,300,000","4,000,000","3,700,000","4,300,000","3,400,000","4,000,000","3,800,000","3,700,000","2,800,000","2,400,000","2,700,000","3,200,000","3,100,000","2,300,000","2,700,000","2,700,000","2,300,000","2,200,000","2,700,000","1,200,000","-138,900,000","53,800,000","1,800,000","2,500,000","-156,700,000","65,700,000","51,800,000","47,100,000","-84,100,000","48,500,000","20,100,000","21,400,000","-40,800,000","16,800,000","14,300,000","13,500,000","-26,000,000","11,400,000","9,600,000","7,000,000","-6,600,000","2,300,000","2,300,000","2,300,000","-4,800,000","1,800,000","1,800,000"
TaxRateForCalcs,"0.223","0.195","0.244","0.309","0.102","0.318","0.27","0.24","0.27","0.277","0.012","0.303","0.347","0.273","0.308","0.373","0.297","0.19","0.4","0.4","0.132","0.139","0","0.111","0.194","0.083","0.156","0.195","0.155","0.153","0.194","0.198","0.181","0.183","0.122","0.14","0.181","0.194","0.1","0.217","0.179","0.12","0.115","0.165","0.179","0.2","0.171","0.171","0.173","0.185","0.194","0.264","0.214","0.187","0.192","0.27","0.24","0.209","0.274","0.249","0.275","0.16","0.175","0.234","0.184","0.257","0.392","0.293","0.182","0.113","0.195","0.181","0.177","0.231","0.244","0.236","0.131","0.21","0.4","0.207","0.31","0.271","0.238","0.202","0.4","0.282","0.4","0.249","0.4","0.222","0.4","0.4","0.146","0.216","0.222","0.212","0.224","0.196","0.268","0.255","0.103","0.261","0.298","0.34","0.3","0.356","0.357","0.375","0.395","0.364","0.379","0.387","0.4","0.381","0.36","0.4","0.364","0.368","0.316","0.4",,,"0.389","0.391",,,,,,,,,,,,,,,,,,,,,,,
TaxEffectOfUnusualItems,"-2,050,285.714","0","48,780.488","-525,300","-785,400","-667,800","-2,592,000","-696,000","-5,859,000","0","0","0","0","0","0","0","0","0","0","0","0","0","0","0","0","0","0","0","0","0","0","0","0","0","0","0","0","0","0","182,068.244","-15,736.059","67,875.673","-33,337.561","-271,298.429","-14,858.025","-185,610.693","168,638.466","-35,786.53","102,745.56","6,659.666","26,003.344","-152,592.351","51,868.807","-41,277.836","-874,956.141","-555,368.36","-56,908.708","-181,904.762","32,552.673","-701,431.371","104,953.256","-16,017.829","219,445.607","186,345.472","-228,833.622","-244,438.243","-130,453.949","-25,490.592","60,184.297","-16,440.067","52,437.225","22,108.826","-207,591.949","21,027.521","0","-26,237.478","48,443.238","-82,792.948","-4,951,200","-144,259.086","-130,085.71","57,014.658","-89,368.788","368,201.193","-717,200","199,798.899","-2,437,200","184,426.753","206,400","-422,222.222","-2,920,000","-520,000","58,536.585","129,411.765","66,666.667","63,461.538","112,244.898","117,647.059","107,142.857","178,431.373","51,282.051","156,521.739","208,510.638","136,170.213","180,000","177,777.778","142,857.143","150,000","315,789.474","218,181.818","75,862.069","38,709.677","0","38,095.238","0","40,000","36,363.636","0","-31,578.947","40,000",,,"77,777.778","78,260.87",,,,,,,,,,,,,,,,,,,,,,,