name,ttm,03/31/2022,12/31/2021,09/30/2021,06/30/2021,03/31/2021,12/31/2020,09/30/2020,06/30/2020,03/31/2020,12/31/2019,09/30/2019,06/30/2019,03/31/2019,12/31/2018,09/30/2018,06/30/2018,03/31/2018,12/31/2017,09/30/2017,06/30/2017,03/31/2017,12/31/2016,09/30/2016,06/30/2016,03/31/2016,12/31/2015,09/30/2015,06/30/2015,03/31/2015,12/31/2014,09/30/2014,06/30/2014,03/31/2014,12/31/2013,09/30/2013,06/30/2013,03/31/2013,12/31/2012,09/30/2012,06/30/2012,03/31/2012,12/31/2011,09/30/2011,06/30/2011,03/31/2011,12/31/2010,09/30/2010,06/30/2010,03/31/2010,12/31/2009,09/30/2009,06/30/2009,03/31/2009,12/31/2008,09/30/2008,06/30/2008,03/31/2008,12/31/2007,09/30/2007,06/30/2007,03/31/2007,12/31/2006,09/30/2006,06/30/2006,03/31/2006,12/31/2005,09/30/2005,06/30/2005,03/31/2005,12/31/2004,09/30/2004,06/30/2004
TotalRevenue,"396,407,000","90,059,000","107,680,000","97,862,000","100,806,000","85,518,000","90,476,000","88,694,000","78,946,000","78,678,000","75,971,000","65,755,000","64,107,000","55,183,000","79,858,000","61,680,000","67,086,000","52,380,000","69,520,000","48,643,000","58,562,000","40,492,000","43,612,000","33,309,000","32,472,000","24,176,000","22,836,000","13,562,000","10,655,000","6,896,000","7,280,000","999,000","934,000","165,000","1,648,000","439,000","1,327,000","1,344,000","5,798,000","1,430,000","1,430,000","127,099,000","5,362,000","6,431,000","6,389,000","6,331,000","6,942,000","5,302,000","6,264,000","5,714,000","3,822,000","5,515,000","5,493,000","9,544,000","5,947,000","5,999,000","5,505,000","5,645,000","5,630,000","5,669,000","5,305,000","5,398,000","4,930,000","5,524,000","4,837,000","4,296,000","3,378,000","3,006,000","2,913,000","2,757,000","2,740,000","2,637,000","1,782,000"
	OperatingRevenue,"396,407,000","90,059,000","107,680,000","97,862,000","100,806,000","85,518,000","90,476,000","88,694,000","78,946,000","78,678,000","75,971,000","65,755,000","64,107,000","55,183,000","79,858,000","61,680,000","67,086,000","52,380,000","69,520,000","48,643,000","58,562,000","40,492,000","43,612,000","33,309,000","32,472,000","24,176,000","22,836,000","13,562,000","10,655,000","6,896,000","7,280,000","999,000","934,000","165,000","1,648,000","439,000","1,327,000","1,344,000","5,798,000","1,430,000","1,430,000","127,099,000","5,362,000","6,431,000","6,389,000","6,331,000","6,942,000","5,302,000","6,264,000","5,714,000","3,822,000","5,515,000","5,493,000","9,544,000","5,947,000","5,999,000","5,505,000","5,645,000","5,630,000","5,669,000","5,305,000","5,398,000","4,930,000","5,524,000","4,837,000","4,296,000","3,378,000","3,006,000","2,913,000","2,757,000","2,740,000","2,637,000","1,782,000"
CostOfRevenue,,,,,,,,,,,,,,,,,,,,,,,,,,,,,,,,,,"188,000",,,,,,"0","0","0","0","0","0","0","0","0","0","0","0","0","0","0",,,,,,,,,,,,,,,,,,,
GrossProfit,,,,,,,,,,,,,,,,,,,,,,,,,,,,,,,,,,"-23,000",,,,,,"1,430,000","1,430,000","127,099,000","5,362,000","6,431,000","6,389,000","6,331,000","6,942,000","5,302,000","6,264,000","5,714,000","3,822,000","5,515,000","5,493,000","9,544,000",,,,,,,,,,,,,,,,,,,
OperatingExpense,"23,058,000","12,330,000","3,153,000","3,309,000","4,266,000","6,035,000","5,689,000","4,264,000","3,155,000","2,563,000","2,332,000","4,962,000","4,347,000","3,015,000","2,638,000","4,019,000","4,411,000","11,685,000","3,111,000","8,621,000","10,732,000","11,149,000","5,951,000","5,391,000","6,595,000","6,644,000","5,543,000","5,128,000","5,547,000","6,151,000","7,150,000","10,541,000","10,728,000","66,221,000","50,100,000","45,677,000","43,113,000","34,731,000","35,778,000","34,780,000","37,139,000","41,059,000","40,937,000","35,633,000","30,046,000","27,633,000","24,875,000","25,147,000","25,696,000","26,827,000","24,563,000","26,602,000","26,816,000","26,609,000","21,115,000","26,569,000","27,252,000","35,945,000","39,476,000","40,426,000","53,009,000","57,656,000","46,154,000","46,971,000","49,650,000","55,982,000","47,290,000","42,383,000","36,104,000","35,833,000","30,522,000","25,958,000","27,928,000"
	SellingGeneralAndAdministration,"16,693,000","6,492,000","3,113,000","2,860,000","4,228,000","5,986,000","5,470,000","3,254,000","2,596,000","2,563,000","2,332,000","4,962,000","4,347,000","3,015,000","2,638,000","4,019,000","4,411,000","11,685,000","2,769,000","8,310,000","10,384,000","10,795,000","5,606,000","5,105,000","6,225,000","6,252,000","4,821,000","4,581,000","4,909,000","5,439,000","6,373,000","8,632,000","8,603,000","22,834,000","16,469,000","12,282,000","11,374,000","8,315,000","7,658,000","7,754,000","7,590,000","7,857,000","8,468,000","7,796,000","7,248,000","7,169,000","7,399,000","6,610,000","6,991,000","6,476,000","6,157,000","7,061,000","6,796,000","7,052,000","5,945,000","6,494,000","7,256,000","9,166,000","8,541,000","8,462,000","9,512,000","8,798,000","8,152,000","7,868,000","8,899,000","7,274,000","6,267,000","6,134,000","8,054,000","6,478,000","6,220,000","5,547,000","8,286,000"
		GeneralAndAdministrativeExpense,"16,693,000","6,492,000","3,113,000","2,860,000","4,228,000","5,986,000","5,470,000","3,254,000","2,596,000","2,563,000","2,332,000","4,962,000","4,347,000","3,015,000","2,638,000","4,019,000","4,411,000","11,685,000","2,769,000","8,310,000","10,384,000","10,795,000","5,606,000","5,105,000","6,225,000","6,252,000","4,821,000","4,581,000","4,909,000","5,439,000","6,373,000","8,632,000","8,603,000","22,834,000","16,469,000","12,282,000","11,374,000","8,315,000",,,"11,131,000",,,,,,,,,,,,,,,,,,,,,,,,,,,,,,,,
			SalariesAndWages,,,,,,,,,,,,"489,000",,,"486,000","-874,000","1,452,000","2,169,000","2,263,000","2,292,000","2,252,000","2,329,000","1,732,000","1,575,000","2,669,000","1,689,000","1,301,000","1,248,000","1,590,000","1,698,000","1,185,000","3,375,000","3,081,000","8,096,000","2,462,000","2,255,000","2,654,000","2,298,000",,,"5,979,000",,,,,,,,,,,,,,,,,,,,,,,,,,,,,,,,
			OtherGandA,"16,693,000","6,492,000","3,113,000","2,860,000","4,228,000","5,986,000","5,470,000","3,254,000","2,596,000","2,563,000","3,900,000","4,473,000","4,347,000","3,015,000","2,152,000","4,893,000","2,959,000","9,516,000","506,000","6,018,000","8,132,000","8,466,000","3,874,000","3,530,000","3,556,000","4,563,000","3,520,000","3,333,000","3,319,000","3,741,000","5,188,000","5,257,000","5,522,000","14,738,000","14,007,000","10,027,000","8,720,000","6,017,000",,,"5,152,000",,,,,,,,,,,,,,,,,,,,,,,,,,,,,,,,
	ResearchAndDevelopment,"6,365,000","5,838,000","40,000","449,000","38,000","49,000","219,000","1,010,000","559,000",,,,,,"0","0","0","0","342,000","311,000","348,000","354,000","345,000","286,000","370,000","392,000","722,000","547,000","638,000","712,000","777,000","1,909,000","2,125,000","43,387,000","33,631,000","33,395,000","31,739,000","26,416,000","28,120,000","27,026,000","29,549,000","33,202,000","32,469,000","27,837,000","22,798,000","20,464,000","17,476,000","18,537,000","18,705,000","20,351,000","18,406,000","19,541,000","20,020,000","19,557,000","15,170,000","20,075,000","19,996,000","26,779,000","30,935,000","31,964,000","43,497,000","48,858,000","38,002,000","39,103,000","40,751,000","48,708,000","41,023,000","36,249,000","28,050,000","29,355,000","27,302,000","20,411,000","19,642,000"
OperatingIncome,"373,349,000","77,729,000","104,527,000","94,553,000","96,540,000","79,483,000","84,787,000","84,430,000","75,791,000","76,115,000","73,639,000","60,793,000","59,760,000","52,168,000","77,220,000","57,661,000","62,675,000","40,695,000","66,409,000","40,022,000","47,830,000","29,343,000","37,661,000","27,918,000","25,877,000","17,532,000","17,293,000","8,434,000","5,108,000","745,000","130,000","-9,542,000","-9,794,000","-66,244,000","-48,452,000","-45,238,000","-41,786,000","-33,387,000","-29,980,000","-33,350,000","-35,709,000","86,040,000","-35,575,000","-29,202,000","-23,657,000","-21,302,000","-17,933,000","-19,845,000","-19,432,000","-21,113,000","-20,741,000","-21,087,000","-21,323,000","-17,065,000","-15,168,000","-20,570,000","-21,747,000","-30,300,000","-33,846,000","-34,757,000","-47,704,000","-52,258,000","-41,224,000","-41,447,000","-44,813,000","-51,686,000","-43,912,000","-39,377,000","-33,191,000","-33,076,000","-27,782,000","-23,321,000","-26,146,000"
NetNonOperatingInterestIncomeExpense,"-15,255,000","-2,688,000","-3,505,000","-4,337,000","-4,725,000","-4,664,000","-4,628,000","-4,562,000","-4,403,000","-3,214,000","-3,151,000","-3,069,000","-3,258,000","-3,642,000","-4,062,000","-4,868,000","-6,098,000","-7,266,000","-7,961,000","-9,886,000","-11,898,000","-12,545,000","-12,829,000","-12,941,000","-12,999,000","-13,065,000","-12,995,000","-12,973,000","-12,902,000","-12,590,000","-12,449,000","-12,262,000","-10,162,000","-1,456,000","-1,475,000","-1,710,000","-2,835,000","-3,973,000","-1,344,000","-1,342,000","-1,411,000","-1,446,000","-1,432,000","-1,424,000","-1,388,000","-1,365,000","-1,366,000","-1,377,000","-1,374,000","-1,423,000","-1,631,000","-1,102,000","-339,000","-869,000",,,,,,,,,,,,,,,,,,,
	InterestIncomeNonOperating,"2,131,000","322,000","1,336,000","453,000","20,000","30,000","23,000","41,000","158,000","1,302,000","1,538,000","1,624,000","1,403,000","975,000","519,000","370,000","380,000","391,000","393,000","376,000","306,000","236,000","171,000","162,000","157,000","92,000","52,000","90,000","85,000","116,000","117,000","93,000","165,000","188,000","211,000","192,000","189,000","-1,237,000","156,000","158,000","90,000","56,000","71,000","81,000","118,000","145,000","141,000","136,000","134,000","94,000","-121,000","413,000","1,172,000","647,000",,,,,,,,,,,,,,,,,,,
	InterestExpenseNonOperating,"17,386,000","3,010,000","4,841,000","4,790,000","4,745,000","4,694,000","4,651,000","4,603,000","4,561,000","4,516,000","4,689,000","4,693,000","4,661,000","4,617,000","4,581,000","5,238,000","6,478,000","7,657,000","8,354,000","10,262,000","12,204,000","12,781,000","13,000,000","13,103,000","13,156,000","13,157,000","13,047,000","13,063,000","12,987,000","12,706,000","12,566,000","12,355,000","10,327,000","1,644,000","1,686,000","1,902,000","3,024,000","3,973,000","1,500,000","1,500,000","1,501,000","1,502,000","1,503,000","1,505,000","1,506,000","1,510,000","1,507,000","1,513,000","1,508,000","1,517,000","1,510,000","1,515,000","1,511,000","1,516,000",,,,,,,,,,,,,,,,,,,
OtherIncomeExpense,"2,469,000","-30,323,000","-44,533,000","32,961,000","44,364,000","54,612,000","10,599,000","-29,381,000","46,728,000","21,983,000","-223,000","-115,000","-8,000","1,000","-16,000","-2,626,000","39,000","-3,099,000","66,000","-6,369,000","-786,000","47,000","639,000","56,000","1,719,000","-32,000","3,000","-45,000","-16,000","1,178,000","-3,607,000","255,000","83,000","-3,000","-2,000","-37,000","8,192,000",,,,,,,,,,,,,,"162,000","6,000","-30,000","-1,283,000","-306,000","-50,000","-5,063,000",,,,,,,,,,,,,,,,
	GainOnSaleOfSecurity,"26,574,000","-9,411,000","-42,943,000","33,613,000","45,315,000","55,045,000","11,032,000","-29,368,000","46,698,000","21,915,000",,,,,,,,,,,,,,,,,,,,,,,,,,,,,,,,,,,,,,,,,,,,,,,,,,,,,,,,,,,,,,,
	EarningsFromEquityInterest,,,,,"45,315,000","55,045,000",,,,"21,915,000",,,,,,,,,,,,,,,,,,,,,,,,,,,,,,,,,,,,,,,,,,,,,,,,,,,,,,,,,,,,,,,
	SpecialIncomeCharges,,"-20,662,000",,,,,,,,,,,"0",,"0",,,"-3,174,000","2,921,000","-2,488,000","-4,307,000","-4,237,000",,,,,,,,,,,,,,,,,,,,,,,,,"0","0","0","0","162,000","6,000","-30,000","-1,283,000","-306,000","-50,000","-5,063,000",,,,,,,,,,,,,,,,
		RestructuringAndMergernAcquisition,,,,,,,,,,,,,"0",,"0",,,"3,174,000",,,,,,,,,,,,,,,,,,,,,,,,,,,,,"0","0","0","0","-162,000","-6,000","30,000","1,283,000","306,000","50,000","5,063,000",,,,,,,,,,,,,,,,
		OtherSpecialCharges,,"20,662,000",,,,,,,,,,,,,,,,,"-2,921,000","2,488,000","4,307,000","4,237,000",,,,,,,,,,,,,,,,,,,,,,,,,,,,,,,,,,,,,,,,,,,,,,,,,,,
	OtherNonOperatingIncomeExpenses,"-3,443,000","-250,000","-1,590,000","-652,000","-951,000","-433,000","-433,000","-13,000","30,000","68,000","-223,000","-115,000","-8,000","1,000","-16,000","-2,626,000","39,000","-3,099,000","66,000","-6,369,000","-786,000","47,000","639,000","56,000","1,719,000","-32,000","3,000","-45,000","-16,000","1,178,000","-3,607,000","255,000","83,000","-3,000","-2,000","-37,000","8,192,000",,,,,,,,,,,,,,,,,,,,,,,,,,,,,,,,,,,,
PretaxIncome,"360,563,000","44,718,000","56,489,000","123,177,000","136,179,000","129,431,000","90,758,000","50,487,000","118,116,000","94,884,000","70,265,000","57,609,000","56,494,000","48,527,000","73,142,000","50,167,000","56,616,000","30,330,000","58,514,000","23,767,000","35,146,000","16,845,000","25,471,000","15,033,000","14,597,000","4,435,000","4,301,000","-4,584,000","-7,810,000","-10,667,000","-15,926,000","-21,549,000","-19,873,000","-67,703,000","-49,929,000","-46,985,000","-36,429,000","-37,360,000","-31,324,000","-34,692,000","-37,120,000","84,594,000","-37,007,000","-30,626,000","-25,045,000","-22,667,000",,,,,,,,,,,,,,,,,,,,,,,,,,,
TaxProvision,"63,563,000","6,860,000","10,839,000","20,531,000","25,333,000","19,736,000","15,742,000","8,866,000","19,891,000","15,932,000","12,403,000","10,558,000","10,433,000","8,508,000","-196,073,000",,,,,,,,,,,,"0","0","0",,,"-278,000","278,000",,,,,,,,,,,,,,,,,,,,,,,,,,,,,,,,,,,,,,,,
NetIncomeCommonStockholders,"187,504,000","15,773,000","10,345,000","72,438,000","88,948,000","94,123,000","53,903,000","28,218,000","76,844,000","65,437,000","45,949,000","39,809,000","37,740,000","33,790,000","263,760,000","47,089,000","54,626,000","29,581,000","58,385,000","23,767,000","35,146,000","16,845,000","25,471,000","15,033,000","14,597,000","4,435,000","4,301,000","-4,584,000","-7,810,000","-10,667,000","-15,926,000","-21,271,000","-63,564,000","-67,703,000","-49,929,000","-46,985,000","-36,429,000","-37,360,000","-31,324,000","-34,692,000","-37,120,000","84,594,000","-37,007,000","-30,626,000","-25,045,000","-22,667,000","-19,299,000","-21,222,000","-20,806,000","-22,536,000","-22,210,000","-22,183,000","-21,692,000","-19,217,000","-15,925,000","-20,928,000","-27,026,000","-29,764,000","-33,058,000","-32,364,000","-45,125,000","-49,450,000","-37,837,000","-37,780,000","-41,475,000","-48,952,000","-42,211,000","-37,786,000","-31,716,000","-31,451,000","-29,171,000","-22,287,000","-25,598,000"
	NetIncome,"187,504,000","15,773,000","10,345,000","72,438,000","88,948,000","94,123,000","53,903,000","28,218,000","76,844,000","65,437,000","45,949,000","39,809,000","37,740,000","33,790,000","263,760,000","47,089,000","54,626,000","29,581,000","58,385,000","23,767,000","35,146,000","16,845,000","25,471,000","15,033,000","14,597,000","4,435,000","4,301,000","-4,584,000","-7,810,000","-10,667,000","-15,926,000","-21,271,000","-63,564,000","-67,703,000","-49,929,000","-46,985,000","-36,429,000","-37,360,000","-31,324,000","-34,692,000","-37,120,000","84,594,000","-37,007,000","-30,626,000","-25,045,000","-22,667,000","-19,299,000","-21,222,000","-20,806,000","-22,536,000","-22,210,000","-22,183,000","-21,692,000","-19,217,000","-15,925,000","-20,928,000","-27,026,000","-29,764,000","-33,058,000","-32,364,000","-45,125,000","-49,450,000","-37,837,000","-37,780,000","-41,475,000","-48,952,000","-42,211,000","-37,786,000","-31,716,000","-31,451,000","-29,171,000","-22,287,000","-25,598,000"
		NetIncomeIncludingNoncontrollingInterests,"297,000,000","37,858,000","45,650,000","102,646,000","110,846,000","109,695,000","75,016,000","41,621,000","98,225,000","78,952,000","57,862,000","47,051,000","46,061,000","40,019,000","269,215,000","50,167,000","56,616,000","30,330,000","58,514,000","23,767,000","35,146,000","16,845,000","25,471,000","15,033,000","14,597,000","4,435,000","4,301,000","-4,584,000","-7,810,000","-10,667,000","-15,926,000","-21,271,000","-63,564,000","-67,703,000","-49,929,000","-46,985,000","-36,429,000","-37,360,000","-31,324,000","-34,692,000","-37,120,000","84,594,000","-37,007,000","-30,626,000","-25,045,000","-22,667,000","-19,299,000","-21,222,000","-20,806,000","-22,536,000","-22,210,000","-22,183,000","-21,692,000","-19,217,000","-15,925,000","-20,928,000","-27,026,000","-29,764,000","-33,058,000","-32,364,000","-45,125,000","-49,450,000","-37,837,000","-37,780,000","-41,475,000","-48,952,000","-42,211,000","-37,786,000","-31,716,000","-31,451,000","-29,171,000","-22,287,000","-25,598,000"
			NetIncomeContinuousOperations,"297,000,000","37,858,000","45,650,000","102,646,000","110,846,000","109,695,000","75,016,000","41,621,000","98,225,000","78,952,000","57,862,000","47,051,000","46,061,000","40,019,000","269,215,000","50,167,000","56,616,000","30,330,000","58,514,000","23,767,000","35,146,000","16,845,000","25,471,000","15,033,000","14,597,000","4,435,000","4,301,000","-4,584,000","-7,810,000","-10,667,000","-15,926,000","-21,271,000","-20,151,000","-67,703,000","-49,929,000","-46,985,000","-36,429,000","-37,360,000","-31,324,000","-34,692,000","-37,120,000","84,594,000","-37,007,000","-30,626,000","-25,045,000","-22,667,000","-19,299,000","-21,222,000","-20,806,000","-22,536,000","-22,210,000","-22,183,000","-21,692,000","-19,217,000","-15,925,000","-20,928,000","-27,026,000","-29,764,000","-33,058,000","-32,364,000","-45,125,000","-49,450,000","-37,837,000","-37,780,000","-41,475,000","-48,952,000","-42,211,000","-37,786,000","-31,716,000","-31,451,000","-29,171,000","-22,287,000","-25,598,000"
			NetIncomeDiscontinuousOperations,,,,,,,,,,,,,,,,,,,,,,,,,,,"0","0","0","0","0","0","-43,413,000",,,,,,,,,,,,,,,,,,,,,,,,,,,,,,,,,,,,,,,,
		MinorityInterests,"-109,496,000","-22,085,000","-35,305,000","-30,208,000","-21,898,000","-15,572,000","-21,113,000","-13,403,000","-21,381,000","-13,515,000","-11,913,000","-7,242,000","-8,321,000","-6,229,000","-5,455,000","-3,078,000","-1,990,000","-749,000","-129,000",,,,,,,,,,,,,,,,,,,,,,,,,,,,,,,,,,,,,,,,,,,,,,,,,,,,,,
AverageDilutionEarnings,"6,101,000","2,569,000","1,183,000","1,186,000","1,163,000","1,204,000","1,182,000","1,171,000","1,184,000","1,180,000","1,166,000","1,157,000","1,158,000","1,415,000","1,419,000","1,413,000","1,417,000","1,412,000","1,416,000","1,410,000","1,414,000","1,407,000","5,790,000","1,429,000","1,457,000",,,,,,,,,,,,"0","0",,,,,,,,,,,,,,,,,,,,,,,,,,,,,,,,,,,
DilutedNIAvailtoComStockholders,"193,605,000","18,342,000","11,528,000","73,624,000","90,111,000","95,327,000","55,085,000","29,389,000","78,028,000","66,617,000","47,115,000","40,966,000","38,898,000","35,205,000","265,179,000","48,502,000","56,043,000","30,993,000","59,801,000","25,177,000","36,560,000","18,252,000","31,261,000","16,462,000","16,054,000","4,435,000","4,301,000","-4,584,000","-7,810,000","-10,667,000","-15,926,000","-21,271,000","-63,564,000","-67,703,000","-49,929,000","-46,985,000","-36,429,000","-37,360,000","-31,324,000","-34,692,000","-37,120,000","84,594,000","-37,007,000","-30,626,000","-25,045,000","-22,667,000","-19,299,000","-21,222,000","-20,806,000","-22,536,000","-22,210,000","-22,183,000","-21,692,000","-19,217,000","-15,925,000","-20,928,000","-27,026,000","-29,764,000","-33,058,000","-32,364,000","-45,125,000","-49,450,000","-37,837,000","-37,780,000","-41,475,000","-48,952,000","-42,211,000","-37,786,000","-31,716,000","-31,451,000","-29,171,000","-22,287,000","-25,598,000"
BasicEPS,,"0.23","0.15","1.04","1.01","0.93","0.53","0.28","0.76","0.65","0.45","0.39","0.37","0.33","2.61","0.47","0.54","0.29","0.55","0.22","0.33","0.16","0.24","0.14","0.13","0.04","0.04","-0.04","-0.07","-0.09",,"-0.19","-0.57","-0.62",,"-0.44","-0.37","-0.39",,"-0.37","-0.42","1.01",,"-0.37","-0.31","-0.28",,"-0.29","-0.28","-0.35",,"-0.35","-0.35","-0.31",,"-0.34","-0.44","-0.49",,"-0.53","-0.75","-0.82",,"-0.63","-0.7","-0.86",,"-0.71","-0.6","-0.59",,"-0.49","-1.46"
DilutedEPS,,"0.2","0.14","0.9","0.9","0.84","0.48","0.26","0.69","0.59","0.42","0.36","0.34","0.31","2.34","0.43","0.49","0.27","0.5","0.21","0.3","0.15","0.22","0.13","0.13","0.04","0.04","-0.04","-0.07","-0.09",,"-0.19","-0.57","-0.62",,"-0.44","-0.37","-0.39",,"-0.37","-0.42","0.93",,"-0.37","-0.31","-0.28",,"-0.29","-0.28","-0.35",,"-0.35","-0.35","-0.31",,"-0.34","-0.44","-0.49",,"-0.53","-0.75","-0.82",,"-0.63","-0.7","-0.86",,"-0.71","-0.6","-0.59",,"-0.49","-1.46"
BasicAverageShares,,"69,544,000","69,492,000","69,458,000","88,423,000","101,365,000","101,361,000","101,358,000","101,324,000","101,235,000","101,199,000","101,191,000","101,151,000","101,059,000","100,979,000","100,936,000","100,873,000","100,604,000","106,156,000","106,841,000","107,614,000","107,487,000","107,640,000","109,282,000","111,359,000","112,482,000","115,184,000","115,787,000","115,309,000","114,658,000",,"113,100,000","110,974,000","109,859,000",,"106,925,000","97,603,000","96,379,000",,"95,027,000","89,169,000","83,590,000",,"82,490,000","81,811,000","80,854,000",,"73,726,000","73,282,000","64,921,000",,"63,236,000","62,842,000","62,288,000",,"61,545,000","61,192,000","61,003,000",,"60,664,000","60,341,000","60,061,000",,"59,762,000","59,440,000","56,871,000",,"53,416,000","53,163,000","52,888,000",,"45,123,000","17,543,000"
DilutedAverageShares,,"93,730,000","81,770,000","81,699,000","100,639,000","113,624,000","113,590,000","113,572,000","113,545,000","113,509,000","113,453,000","113,415,000","113,391,000","113,376,000","113,299,000","113,363,000","113,399,000","113,566,000","119,189,000","119,796,000","120,463,000","120,336,000","120,188,000","121,993,000","124,316,000","113,178,000","115,184,000","115,787,000","115,309,000","114,658,000",,"113,100,000","110,974,000","109,859,000",,"106,925,000","97,603,000","96,379,000",,"95,027,000","89,169,000","92,080,000",,"82,490,000","81,811,000","80,854,000",,"73,766,000","73,282,000","64,921,000",,"63,236,000","62,842,000","62,288,000",,"61,545,000","61,285,000","61,003,000",,"60,664,000","60,341,000","60,061,000",,"59,762,000","59,440,000","56,871,000",,"53,416,000","53,163,000","52,888,000",,"45,123,000","17,543,000"
TotalOperatingIncomeAsReported,"373,349,000","77,729,000","104,527,000","94,553,000","96,540,000","79,483,000","84,787,000","84,430,000","75,791,000","76,115,000","73,639,000","60,793,000","59,760,000","52,168,000","77,220,000","57,661,000","62,675,000","40,695,000","66,409,000","40,022,000","47,830,000","29,343,000","37,661,000","27,918,000","25,877,000","17,532,000","17,293,000","8,434,000","5,108,000","745,000","130,000","-9,542,000","-9,794,000","-66,244,000","-48,452,000","-45,238,000","-41,786,000","-33,387,000","-29,980,000","-33,350,000","-35,709,000","86,040,000","-35,575,000","-29,202,000","-23,657,000","-21,302,000","-17,933,000","-19,845,000","-19,432,000","-21,113,000","-20,579,000","-21,081,000","-21,353,000","-18,348,000","-15,474,000","-20,620,000","-26,810,000","-30,300,000","-33,846,000","-34,757,000","-47,704,000","-52,258,000","-41,224,000","-41,447,000","-44,813,000","-51,686,000","-43,912,000","-39,377,000","-33,191,000","-33,076,000","-27,782,000","-23,321,000","-26,146,000"
TotalExpenses,"23,058,000","12,330,000","3,153,000","3,309,000","4,266,000","6,035,000","5,689,000","4,264,000","3,155,000","2,563,000","2,332,000","4,962,000","4,347,000","3,015,000","2,638,000","4,019,000","4,411,000","11,685,000","3,111,000","8,621,000","10,732,000","11,149,000","5,951,000","5,391,000","6,595,000","6,644,000","5,543,000","5,128,000","5,547,000","6,151,000","7,150,000","10,541,000","10,728,000","66,409,000","50,100,000","45,677,000","43,113,000","34,731,000","35,778,000","34,780,000","37,139,000","41,059,000","40,937,000","35,633,000","30,046,000","27,633,000","24,875,000","25,147,000","25,696,000","26,827,000","24,563,000","26,602,000","26,816,000","26,609,000","21,115,000","26,569,000","27,252,000","35,945,000","39,476,000","40,426,000","53,009,000","57,656,000","46,154,000","46,971,000","49,650,000","55,982,000","47,290,000","42,383,000","36,104,000","35,833,000","30,522,000","25,958,000","27,928,000"
NetIncomeFromContinuingAndDiscontinuedOperation,"187,504,000","15,773,000","10,345,000","72,438,000","88,948,000","94,123,000","53,903,000","28,218,000","76,844,000","65,437,000","45,949,000","39,809,000","37,740,000","33,790,000","263,760,000","47,089,000","54,626,000","29,581,000","58,385,000","23,767,000","35,146,000","16,845,000","25,471,000","15,033,000","14,597,000","4,435,000","4,301,000","-4,584,000","-7,810,000","-10,667,000","-15,926,000","-21,271,000","-63,564,000","-67,703,000","-49,929,000","-46,985,000","-36,429,000","-37,360,000","-31,324,000","-34,692,000","-37,120,000","84,594,000","-37,007,000","-30,626,000","-25,045,000","-22,667,000","-19,299,000","-21,222,000","-20,806,000","-22,536,000","-22,210,000","-22,183,000","-21,692,000","-19,217,000","-15,925,000","-20,928,000","-27,026,000","-29,764,000","-33,058,000","-32,364,000","-45,125,000","-49,450,000","-37,837,000","-37,780,000","-41,475,000","-48,952,000","-42,211,000","-37,786,000","-31,716,000","-31,451,000","-29,171,000","-22,287,000","-25,598,000"
NormalizedIncome,"182,634,215.801","41,244,831","45,048,180.265","44,505,597","52,061,590","47,444,840","44,784,503.427","52,593,440","38,084,660","47,203,720","45,949,000","39,809,000","37,740,000","33,790,000","263,760,000","47,089,000","54,626,000","29,581,000","58,385,000","23,767,000","35,146,000","16,845,000","25,471,000","15,033,000","14,597,000","4,435,000","4,301,000","-4,584,000","-7,810,000","-10,667,000","-15,926,000","-21,271,000","-20,151,000","-67,703,000","-49,929,000","-46,985,000","-36,429,000","-37,360,000","-31,324,000","-34,692,000","-37,120,000","84,594,000","-37,007,000","-30,626,000","-25,045,000","-22,667,000","-19,299,000","-21,222,000","-20,806,000","-22,536,000","-22,315,300","-22,186,900","-21,672,500","-18,383,050","-15,726,100","-20,895,500","-23,735,050","-29,764,000","-33,058,000","-32,364,000","-45,125,000","-49,450,000","-37,837,000","-37,780,000","-41,475,000","-48,952,000","-42,211,000","-37,786,000","-31,716,000","-31,451,000","-29,171,000","-22,287,000","-25,598,000"
InterestIncome,"2,131,000","322,000","1,336,000","453,000","20,000","30,000","23,000","41,000","158,000","1,302,000","1,538,000","1,624,000","1,403,000","975,000","519,000","370,000","380,000","391,000","393,000","376,000","306,000","236,000","171,000","162,000","157,000","92,000","52,000","90,000","85,000","116,000","117,000","93,000","165,000","188,000","211,000","192,000","189,000","-1,237,000","156,000","158,000","90,000","56,000","71,000","81,000","118,000","145,000","141,000","136,000","134,000","94,000","-121,000","413,000","1,172,000","647,000",,,,,,,,,,,,,,,,,,,
InterestExpense,"17,386,000","3,010,000","4,841,000","4,790,000","4,745,000","4,694,000","4,651,000","4,603,000","4,561,000","4,516,000","4,689,000","4,693,000","4,661,000","4,617,000","4,581,000","5,238,000","6,478,000","7,657,000","8,354,000","10,262,000","12,204,000","12,781,000","13,000,000","13,103,000","13,156,000","13,157,000","13,047,000","13,063,000","12,987,000","12,706,000","12,566,000","12,355,000","10,327,000","1,644,000","1,686,000","1,902,000","3,024,000","3,973,000","1,500,000","1,500,000","1,501,000","1,502,000","1,503,000","1,505,000","1,506,000","1,510,000","1,507,000","1,513,000","1,508,000","1,517,000","1,510,000","1,515,000","1,511,000","1,516,000",,,,,,,,,,,,,,,,,,,
NetInterestIncome,"-15,255,000","-2,688,000","-3,505,000","-4,337,000","-4,725,000","-4,664,000","-4,628,000","-4,562,000","-4,403,000","-3,214,000","-3,151,000","-3,069,000","-3,258,000","-3,642,000","-4,062,000","-4,868,000","-6,098,000","-7,266,000","-7,961,000","-9,886,000","-11,898,000","-12,545,000","-12,829,000","-12,941,000","-12,999,000","-13,065,000","-12,995,000","-12,973,000","-12,902,000","-12,590,000","-12,449,000","-12,262,000","-10,162,000","-1,456,000","-1,475,000","-1,710,000","-2,835,000","-3,973,000","-1,344,000","-1,342,000","-1,411,000","-1,446,000","-1,432,000","-1,424,000","-1,388,000","-1,365,000","-1,366,000","-1,377,000","-1,374,000","-1,423,000","-1,631,000","-1,102,000","-339,000","-869,000",,,,,,,,,,,,,,,,,,,
EBIT,"377,949,000","47,728,000","61,330,000","127,967,000","140,924,000","134,125,000","95,409,000","55,090,000","122,677,000","99,400,000","74,954,000","62,302,000","61,155,000","53,144,000","77,723,000","55,405,000","63,094,000","37,987,000","66,868,000","34,029,000","47,350,000","29,626,000","38,471,000","28,136,000","27,753,000","17,592,000","17,348,000","8,479,000","5,177,000","2,039,000","-3,360,000","-9,194,000","-9,546,000","-66,059,000","-48,243,000","-45,083,000","-33,405,000","-33,387,000","-29,824,000","-33,192,000","-35,619,000","86,096,000","-35,504,000","-29,121,000","-23,539,000","-21,157,000","-17,933,000","-19,845,000","-19,432,000","-21,113,000","-20,741,000","-21,087,000","-21,323,000","-17,065,000","-15,168,000","-20,570,000","-21,747,000","-30,300,000","-33,846,000","-34,757,000","-47,704,000","-52,258,000","-41,224,000","-41,447,000","-44,813,000","-51,686,000","-43,912,000","-39,377,000","-33,191,000","-33,076,000","-27,782,000","-23,321,000","-26,146,000"
EBITDA,"391,822,000"
ReconciledCostOfRevenue,,,,,,,,,,,,,,,,,,,,,,,,,,,,,,,,,,"188,000",,,,,,"0","0","0","0","0","0","0","0","0","0","0","0","0","0","0",,,,,,,,,,,,,,,,,,,
ReconciledDepreciation,"13,873,000","3,501,000","3,456,000","3,458,000","3,458,000","3,460,000","3,458,000","3,461,000","3,458,000","3,463,000","3,474,000","3,320,000","3,541,000","3,539,000","3,468,000","3,468,000","3,468,000","3,468,000","3,495,000","3,496,000","3,495,000","3,496,000","3,496,000","3,491,000","3,484,000","3,483,000","3,484,000","3,483,000","3,483,000","3,483,000","3,455,000","2,530,000","2,790,000","3,400,000","2,519,000","1,794,000","1,992,000","1,898,000","1,864,000","1,890,000","1,662,000","1,910,000","2,124,000","2,052,000","1,757,000","1,650,000","1,639,000","1,560,000","1,622,000","1,515,000","1,515,000","1,497,000","1,324,000","1,205,000","1,218,000","1,588,000","2,318,000","1,838,000","1,533,000","834,000","820,000","871,000","1,110,000","1,047,000","1,061,000","980,000","1,015,000","1,035,000","971,000","1,086,000","1,186,000","1,195,000",
NetIncomeFromContinuingOperationNetMinorityInterest,"187,504,000","15,773,000","10,345,000","72,438,000","88,948,000","94,123,000","53,903,000","28,218,000","76,844,000","65,437,000","45,949,000","39,809,000","37,740,000","33,790,000","263,760,000","47,089,000","54,626,000","29,581,000","58,385,000","23,767,000","35,146,000","16,845,000","25,471,000","15,033,000","14,597,000","4,435,000","4,301,000","-4,584,000","-7,810,000","-10,667,000","-15,926,000","-21,271,000","-20,151,000","-67,703,000","-49,929,000","-46,985,000","-36,429,000","-37,360,000","-31,324,000","-34,692,000","-37,120,000","84,594,000","-37,007,000","-30,626,000","-25,045,000","-22,667,000","-19,299,000","-21,222,000","-20,806,000","-22,536,000","-22,210,000","-22,183,000","-21,692,000","-19,217,000","-15,925,000","-20,928,000","-27,026,000","-29,764,000","-33,058,000","-32,364,000","-45,125,000","-49,450,000","-37,837,000","-37,780,000","-41,475,000","-48,952,000","-42,211,000","-37,786,000","-31,716,000","-31,451,000","-29,171,000","-22,287,000","-25,598,000"
TotalUnusualItemsExcludingGoodwill,"5,912,000","-30,073,000","-42,943,000","33,613,000","45,315,000","55,045,000","11,032,000","-29,368,000","46,698,000","21,915,000",,,"0",,"0",,,"-3,174,000","2,921,000","-2,488,000","-4,307,000","-4,237,000",,,,,,,,,,,,,,,,,,,,,,,,,"0","0","0","0","162,000","6,000","-30,000","-1,283,000","-306,000","-50,000","-5,063,000",,,,,,,,,,,,,,,,
TotalUnusualItems,"5,912,000","-30,073,000","-42,943,000","33,613,000","45,315,000","55,045,000","11,032,000","-29,368,000","46,698,000","21,915,000",,,"0",,"0",,,"-3,174,000","2,921,000","-2,488,000","-4,307,000","-4,237,000",,,,,,,,,,,,,,,,,,,,,,,,,"0","0","0","0","162,000","6,000","-30,000","-1,283,000","-306,000","-50,000","-5,063,000",,,,,,,,,,,,,,,,
NormalizedEBITDA,"385,910,000","81,302,000","107,729,000","97,812,000","99,067,000","82,540,000","87,835,000","87,919,000","79,437,000","80,948,000","78,428,000","65,622,000","64,696,000","56,683,000","81,191,000","58,873,000","66,562,000","41,455,000","70,363,000","37,525,000","50,845,000","33,122,000","41,967,000","31,627,000","31,237,000","21,075,000","20,832,000","11,962,000","8,660,000","5,522,000","95,000","-6,664,000","-6,756,000","-62,659,000","-45,724,000","-43,289,000","-31,413,000","-31,489,000","-27,960,000","-31,302,000","-33,957,000","88,006,000","-33,380,000","-27,069,000","-21,782,000","-19,507,000","-16,294,000","-18,285,000","-17,810,000","-19,598,000","-19,388,000","-19,596,000","-19,969,000","-14,577,000","-13,644,000","-18,932,000","-14,366,000","-28,462,000","-32,313,000","-33,923,000","-46,884,000","-51,387,000","-40,114,000","-40,400,000","-43,752,000","-50,706,000","-42,897,000","-38,342,000","-32,220,000","-31,990,000","-26,596,000","-22,126,000","-26,146,000"
TaxRateForCalcs,"0.176","0.153","0.192","0.169","0.186","0.152","0.173","0.17","0.17","0.168","0.177","0.183","0.185","0.175","0.27","0.27","0.27","0.27","0.4","0.001","0.001","0.001","0.4","0.001","0.002","0.002","0.4","0","0","0","0","0.013","0.35","0","0","0","0","0","0","0","0","0.35","0","0","0","0","0.35","0.35","0.35","0.35","0.35","0.35","0.35","0.35","0.35","0.35","0.35","0.35","0.35","0.35","0.35","0.35","0.4","0.4","0.4","0.4","0.4","0.4","0.4","0.4","0.4","0.4","0.4"
TaxEffectOfUnusualItems,"1,042,215.801","-4,601,169","-8,239,819.735","5,680,597","8,428,590","8,366,840","1,913,503.427","-4,992,560","7,938,660","3,681,720","0","0","0","0","0","0","0","0","0","0","0","0","0","0","0","0","0","0","0","0","0","0","0","0","0","0","0","0","0","0","0","0","0","0","0","0","0","0","0","0","56,700","2,100","-10,500","-449,050","-107,100","-17,500","-1,772,050","0","0","0","0","0","0","0","0","0","0","0","0","0","0","0","0"