name,ttm,03/31/2022,12/31/2021,09/30/2021,06/30/2021,03/31/2021,12/31/2020,09/30/2020,06/30/2020,03/31/2020,12/31/2019,09/30/2019,06/30/2019,03/31/2019,12/31/2018,09/30/2018,06/30/2018,03/31/2018,12/31/2017,09/30/2017,06/30/2017,03/31/2017,12/31/2016,09/30/2016,06/30/2016,03/31/2016,12/31/2015,09/30/2015,06/30/2015,03/31/2015,12/31/2014,09/30/2014,06/30/2014,03/31/2014,12/31/2013,09/30/2013,06/30/2013,03/31/2013,12/31/2012,09/30/2012,06/30/2012,03/31/2012,12/31/2011,09/30/2011,06/30/2011,03/31/2011,12/31/2010,09/30/2010,06/30/2010,03/31/2010,12/31/2009,09/30/2009,06/30/2009,03/31/2009,12/31/2008,09/30/2008,06/30/2008,03/31/2008,12/31/2007,09/30/2007,06/30/2007,03/31/2007,12/31/2006,09/30/2006,06/30/2006,03/31/2006,12/31/2005,09/30/2005,06/30/2005,03/31/2005,12/31/2004,09/30/2004,06/30/2004,03/31/2004,12/31/2003,09/30/2003,06/30/2003,03/31/2003,12/31/2002,09/30/2002,06/30/2002,03/31/2002,12/31/2001,09/30/2001,06/30/2001,03/31/2001,12/31/2000,09/30/2000,06/30/2000,03/31/2000,12/31/1999,09/30/1999,06/30/1999,03/31/1999,12/31/1998,09/30/1998,06/30/1998,03/31/1998,12/31/1997,09/30/1997,06/30/1997,03/31/1997,12/31/1996,09/30/1996,06/30/1996,03/31/1996,12/31/1995,09/30/1995,06/30/1995,03/31/1995,12/31/1994,09/30/1994,06/30/1994,03/31/1994,12/31/1993,09/30/1993,06/30/1993,03/31/1993,12/31/1992,09/30/1992,06/30/1992,03/31/1992,12/31/1991,09/30/1991,06/30/1991,03/31/1991,12/31/1990,09/30/1990,06/30/1990,03/31/1990
TotalRevenue,"840,768,000","141,919,000","440,006,000","133,093,000","125,750,000","111,607,000","290,281,000","160,079,000","145,537,000","133,367,000","493,681,000","167,892,000","163,813,000","297,214,000","192,115,000","145,395,000","117,747,000","144,419,000","172,299,000","120,911,000","104,152,000","110,304,000","160,348,000","110,927,000","38,470,000","36,874,000","51,570,000","49,121,000","120,428,000","62,583,000","84,861,000","44,063,000","57,076,000","28,161,000","42,249,000","23,585,000","38,092,000","43,360,000","19,873,000","11,601,000","47,340,000","23,235,000","32,403,000","20,713,000","24,823,000","21,147,000","26,420,000","28,624,000","23,503,000","29,926,000","32,262,000","26,771,000","30,992,000","31,576,000","20,661,000","32,215,000","32,961,000","21,354,000","24,728,000","38,631,000","3,813,000","2,450,000","11,945,000","3,253,000","4,375,000","4,958,000","14,641,000","7,458,000","10,592,000","7,442,000","11,385,000","9,093,000","9,843,000","12,303,000","9,699,000","11,294,000","15,016,000","13,980,000","21,859,000","20,300,000","20,061,000","17,959,000","21,744,000","19,304,000","7,592,000","4,633,000","7,936,000","18,280,000","6,985,000","4,054,000","9,500,000","10,600,000","7,200,000","6,600,000","7,600,000","19,800,000","5,800,000","5,800,000","9,400,000","12,600,000","5,800,000","4,600,000","6,400,000","5,100,000","4,700,000","6,400,000","3,400,000","3,700,000","3,300,000","2,600,000","-2,000,000","3,200,000","3,100,000","2,600,000","2,900,000","3,300,000","3,200,000","2,700,000","600,000","3,300,000","2,300,000","2,500,000","800,000","2,000,000","1,500,000","1,500,000","500,000","500,000","500,000","500,000"
	OperatingRevenue,"840,768,000","141,919,000","440,006,000","133,093,000","125,750,000","111,607,000","290,281,000","160,079,000","145,537,000","133,367,000","493,681,000","167,892,000","163,813,000","297,214,000","192,115,000","145,395,000","117,747,000","144,419,000","172,299,000","120,911,000","104,152,000","110,304,000","160,348,000","110,927,000","38,470,000","36,874,000","51,570,000","49,121,000","120,428,000","62,583,000","84,861,000","44,063,000","57,076,000","28,161,000","42,249,000","23,585,000","38,092,000","43,360,000","19,873,000","11,601,000","47,340,000","23,235,000","32,403,000","20,713,000","24,823,000","21,147,000","26,420,000","28,624,000","23,503,000","29,926,000","32,262,000","26,771,000","30,992,000","31,576,000","20,661,000","32,215,000","32,961,000","21,354,000","24,728,000","38,631,000","3,813,000","2,450,000","11,945,000","3,253,000","4,375,000","4,958,000","14,641,000","7,458,000","10,592,000","7,442,000","11,385,000","9,093,000","9,843,000","12,303,000","9,699,000","11,294,000","15,016,000","13,980,000","21,859,000","20,300,000","20,061,000","17,959,000","21,744,000","19,304,000","7,592,000","4,633,000","7,936,000","18,280,000","6,985,000","4,054,000","9,500,000","10,600,000","7,200,000","6,600,000","7,600,000","19,800,000","5,800,000","5,800,000","9,400,000","12,600,000","5,800,000","4,600,000","6,400,000","5,100,000","4,700,000","6,400,000","3,400,000","3,700,000","3,300,000","2,600,000","-2,000,000","3,200,000","3,100,000","2,600,000","2,900,000","3,300,000","3,200,000","2,700,000","600,000","3,300,000","2,300,000","2,500,000","800,000","2,000,000","1,500,000","1,500,000","500,000","500,000","500,000","500,000"
CostOfRevenue,"12,434,000","4,170,000","2,226,000","3,079,000","2,958,000","2,578,000","3,301,000","3,086,000","3,012,000","2,548,000","1,011,000","967,000","1,364,000","1,041,000","115,271,000","95,255,000","101,830,000","104,067,000","128,286,000","80,214,000","83,506,000","82,638,000","101,151,000","84,631,000","77,573,000","80,964,000","101,330,000","88,508,000","68,007,000","64,447,000","67,953,000","61,086,000","59,264,000","53,448,000","57,430,000","45,660,000","42,631,000","38,312,000","158,458,000","0","0","0","0","0","0","0","0","0","0","0","0","0","0","0",,,,,,,,,,,,,,,,,,,,,,,,,,,,,,,,,,,,,,,,,,,,,,,,,,,,,,,,,,,,,,,,,"-18,200,000","6,300,000","4,600,000","5,500,000","4,100,000","3,200,000","-200,000","1,900,000",,,,
GrossProfit,"828,334,000","137,749,000","437,780,000","130,014,000","122,792,000","109,029,000","286,980,000","156,993,000","142,525,000","130,819,000","492,670,000","166,925,000","162,449,000","296,173,000","76,844,000","50,140,000","15,917,000","40,352,000","44,013,000","40,697,000","20,646,000","27,666,000","59,197,000","26,296,000","-39,103,000","-44,090,000","-49,760,000","-39,387,000","52,421,000","-1,864,000","16,908,000","-17,023,000","-2,188,000","-25,287,000","-15,181,000","-22,075,000","-4,539,000","5,048,000","-138,585,000","11,601,000","47,340,000","23,235,000","32,403,000","20,713,000","24,823,000","21,147,000","26,420,000","28,624,000","23,503,000","29,926,000","32,262,000","26,771,000","30,992,000","31,576,000",,,,,,,,,,,,,,,,,,,,,,,,,,,,,,,,,,,,,,,,,,,,,,,,,,,,,,,,,,,,,,,,,"18,800,000","-3,000,000","-2,300,000","-3,000,000","-3,300,000","-1,200,000","1,700,000","-400,000",,,,
OperatingExpense,"812,678,000","195,226,000","218,175,000","214,870,000","184,406,000","196,901,000","309,624,000","193,530,000","194,279,000","191,946,000","232,016,000","164,402,000","181,276,000","174,638,000","179,510,000","163,967,000","168,028,000","147,720,000","173,992,000","107,002,000","105,823,000","96,315,000","119,193,000","94,819,000","87,397,000","91,526,000","114,511,000","97,259,000","75,782,000","71,913,000","74,780,000","65,556,000","63,726,000","57,828,000","62,107,000","49,090,000","46,020,000","41,735,000","45,992,000","39,647,000","43,644,000","41,690,000","51,019,000","43,029,000","38,883,000","37,255,000","42,278,000","37,571,000","42,175,000","34,806,000","43,933,000","37,167,000","35,819,000","32,218,000","17,433,000","36,539,000","36,094,000","30,185,000","33,171,000","28,574,000","23,473,000","23,351,000","28,760,000","21,796,000","21,692,000","20,938,000","23,674,000","19,951,000","22,865,000","23,865,000","30,756,000","31,473,000","31,183,000","34,638,000","31,179,000","30,361,000","32,733,000","32,892,000","31,732,000","37,809,000","32,400,000","27,677,000","29,441,000","24,011,000","24,056,000","21,867,000","23,483,000","18,074,000","15,160,000","15,063,000","27,200,000","18,700,000","19,200,000","17,100,000","21,700,000","18,800,000","18,800,000","16,800,000","23,100,000","15,200,000","15,500,000","13,500,000","18,700,000","11,800,000","12,800,000","11,200,000","12,400,000","11,100,000","9,300,000","8,700,000","13,000,000","8,200,000","7,900,000","7,100,000","-15,100,000","7,700,000","7,800,000","7,800,000","26,200,000","1,900,000","1,900,000","2,000,000","1,700,000","1,200,000","4,000,000","900,000",,,,
	SellingGeneralAndAdministration,"147,900,000","34,100,000","38,600,000","30,100,000","45,100,000","57,100,000","138,845,000","68,447,000","72,015,000","74,994,000","83,276,000","60,036,000","75,111,000","68,221,000","66,059,000","68,712,000","66,198,000","43,653,000","45,706,000","26,788,000","22,317,000","13,677,000","18,042,000","10,188,000","9,824,000","10,562,000","13,181,000","8,751,000","7,775,000","7,466,000","6,827,000","4,470,000","4,462,000","4,380,000","4,677,000","3,430,000","3,389,000","3,423,000","3,234,000","3,096,000","3,209,000","2,976,000","3,800,000","3,105,000","2,874,000","3,010,000","2,945,000","2,855,000","3,051,000","2,819,000","3,830,000","3,335,000","3,673,000","3,677,000","605,000","4,571,000","4,899,000","3,736,000","5,159,000","4,278,000","3,089,000","3,402,000","4,520,000","2,823,000","2,710,000","2,566,000","2,730,000","1,739,000","1,915,000","1,504,000","2,831,000","1,907,000","-853,000","5,691,000","2,065,000","2,951,000","2,554,000","2,631,000","1,641,000","2,339,000","870,000","694,000","4,654,000","4,116,000","4,132,000","2,733,000","2,920,000","2,073,000","2,414,000","1,824,000","2,600,000","2,400,000","2,800,000","2,800,000","3,100,000","2,300,000","2,300,000","1,900,000","2,500,000","1,800,000","2,100,000","1,700,000","1,600,000","1,600,000","1,600,000","1,400,000","1,400,000","1,300,000","1,400,000","1,200,000","1,600,000","1,500,000","1,500,000","1,300,000","-18,300,000","7,700,000","7,800,000","7,800,000","25,600,000","1,400,000","1,500,000","1,700,000","1,500,000","1,000,000","3,800,000","800,000",,,,
		GeneralAndAdministrativeExpense,"147,900,000","34,100,000","38,600,000","30,100,000","45,100,000","57,100,000","138,845,000","68,447,000","72,015,000","74,994,000","83,276,000","60,036,000","75,111,000","68,221,000","66,059,000","68,712,000","66,198,000","43,653,000","45,706,000","26,788,000","22,317,000","13,677,000","18,042,000","10,188,000","9,824,000","10,562,000","13,181,000","8,751,000","7,775,000","7,466,000","6,827,000","4,470,000","4,462,000","4,380,000","4,677,000","3,430,000","3,389,000","3,423,000","3,234,000",,,,,,,,,,,,,,,,,,,,,,,,,,,,,,,,,,,,,,,,,,,,,,,,,,,,,,,,,,,,,,,,,,,,,,,,,,,,,,,,,,,,,,,,,,,
			SalariesAndWages,"28,000,000","7,000,000","6,600,000","7,100,000","7,300,000","11,800,000","55,256,000","20,171,000",,,,,,,,,,,,,,,,,,,,,,,,,,,,,,,,,,,,,,,,,,,,,,,,,,,,,,,,,,,,,,,,,,,,,,,,,,,,,,,,,,,,,,,,,,,,,,,,,,,,,,,,,,,,,,,,,,,,,,,,,,
			OtherGandA,"119,900,000","27,100,000","32,000,000","23,000,000","37,800,000","45,300,000","83,589,000","48,276,000","72,015,000","74,994,000","83,276,000","60,036,000","75,111,000","68,221,000","66,059,000","68,712,000","66,198,000","43,653,000","45,706,000","26,788,000","22,317,000","13,677,000","18,042,000","10,188,000","9,824,000","10,562,000","13,181,000","8,751,000","7,775,000","7,466,000","6,827,000","4,470,000","4,462,000","4,380,000","4,677,000","3,430,000","3,389,000","3,423,000","3,234,000",,,,,,,,,,,,,,,,,,,,,,,,,,,,,,,,,,,,,,,,,,,,,,,,,,,,,,,,,,,,,,,,,,,,,,,,,,,,,,,,,,,,,,,,,,,
	ResearchAndDevelopment,"664,778,000","161,126,000","179,575,000","184,770,000","139,306,000","139,801,000","170,779,000","125,083,000","122,264,000","116,952,000","148,740,000","104,366,000","106,165,000","106,417,000","113,451,000","95,255,000","101,830,000","104,067,000","128,286,000","80,214,000","83,506,000","82,638,000","101,151,000","84,631,000","77,573,000","80,964,000","101,330,000","88,508,000","68,007,000","64,447,000","67,953,000","61,086,000","59,264,000","53,448,000","57,430,000","45,660,000","42,631,000","38,312,000","42,758,000","36,551,000","40,435,000","38,714,000","47,219,000","39,924,000","36,009,000","34,245,000","39,333,000","34,716,000","39,124,000","31,987,000","40,103,000","33,832,000","32,146,000","28,541,000","16,828,000","31,968,000","31,195,000","26,449,000","28,012,000","24,296,000","20,384,000","19,949,000","24,240,000","18,973,000","18,982,000","18,372,000","20,944,000","18,212,000","20,950,000","22,361,000","27,925,000","29,566,000","32,036,000","28,947,000","29,114,000","27,410,000","30,179,000","30,261,000","30,091,000","35,470,000","31,530,000","26,983,000","24,787,000","19,895,000","19,924,000","19,134,000","15,028,000","16,001,000","12,746,000","13,239,000","19,400,000","16,300,000","16,400,000","14,300,000","14,300,000","16,500,000","16,500,000","14,900,000","17,400,000","13,400,000","13,400,000","11,800,000","14,500,000","10,200,000","11,200,000","9,800,000","8,200,000","9,800,000","7,900,000","7,500,000","7,500,000","6,700,000","6,400,000","5,800,000",,,,,,,,,,,,,,,,
	DepreciationAmortizationDepletionIncomeStatement,,,,,,,,,,,,,,,,,,,,,,,,,,,,,,,,,,,,,,,,,,,,,,,,,,,,,,,,,,,,,,,,,,,,,,,,,,,,,,,,,,,,,,,,,,,,,,,,,,,,,,,,,,,,,,,,,,,,,,,"600,000","500,000","400,000","300,000","200,000","200,000","200,000","100,000",,,,
		DepreciationAndAmortizationInIncomeStatement,,,,,,,,,,,,,,,,,,,,,,,,,,,,,,,,,,,,,,,,,,,,,,,,,,,,,,,,,,,,,,,,,,,,,,,,,,,,,,,,,,,,,,,,,,,,,,,,,,,,,,,,,,,,,,,,,,,,,,,"600,000","500,000","400,000","300,000","200,000","200,000","200,000","100,000",,,,
OperatingIncome,"15,656,000","-57,477,000","219,605,000","-84,856,000","-61,614,000","-87,872,000","-22,644,000","-36,537,000","-51,754,000","-61,127,000","260,654,000","2,523,000","-18,827,000","121,535,000","10,785,000","-18,572,000","-50,281,000","-3,301,000","-1,693,000","13,909,000","-1,671,000","13,989,000","41,155,000","16,108,000","-48,927,000","-54,652,000","-62,941,000","-48,138,000","44,646,000","-9,330,000","10,081,000","-21,493,000","-6,650,000","-29,667,000","-19,858,000","-25,505,000","-7,928,000","1,625,000","-26,119,000","-28,046,000","3,696,000","-18,455,000","-18,616,000","-22,316,000","-14,060,000","-16,108,000","-15,858,000","-8,947,000","-18,672,000","-4,880,000","-11,671,000","-10,396,000","-4,827,000","-642,000","3,228,000","-4,324,000","-3,133,000","-8,831,000","-8,443,000","10,057,000","-19,660,000","-20,901,000","-16,815,000","-18,543,000","-17,317,000","-15,980,000","-9,033,000","-12,493,000","-12,273,000","-16,423,000","-19,371,000","-22,380,000","-21,340,000","-22,335,000","-21,480,000","-19,067,000","-17,717,000","-18,912,000","-9,873,000","-17,509,000","-12,339,000","-9,718,000","-7,697,000","-4,707,000","-16,464,000","-17,234,000","-10,012,000","206,000","-8,175,000","-11,009,000","-12,500,000","-8,100,000","-12,000,000","-10,500,000","-9,800,000","1,000,000","-13,000,000","-11,000,000","-10,500,000","-2,600,000","-9,700,000","-8,900,000","-9,700,000","-6,700,000","-8,100,000","-4,800,000","-6,200,000","-7,400,000","-6,000,000","-6,100,000","-11,200,000","-5,000,000","-4,800,000","-4,500,000","-4,400,000","-4,400,000","-4,600,000","-5,100,000","-7,400,000","-4,900,000","-4,200,000","-5,000,000","-5,000,000","-2,400,000","-2,300,000","-1,300,000","-6,000,000","500,000","500,000","500,000"
NetNonOperatingInterestIncomeExpense,"-8,900,000","-2,100,000","-2,089,000","-2,340,000","-2,357,000","-2,400,000","-11,506,000","-11,321,000","-11,173,000","-10,990,000","-13,364,000","-12,002,000","-11,802,000","-11,599,000","-11,457,000","-11,282,000","-11,113,000","-10,938,000","-10,786,000","-10,825,000","-11,778,000","-11,363,000","-9,934,000","-9,746,000","-9,625,000","-9,490,000","-9,351,000","-9,233,000","-9,127,000","-9,021,000","-7,307,000","-4,998,000","-4,961,000","-4,943,000","-4,885,000","-4,867,000","-4,808,000","-4,795,000","-6,302,000","-5,529,000","-4,742,000","-4,579,000","-4,590,000","-4,198,000","-2,821,000","-2,710,000","-27,000","-3,338,000","-3,263,000","-3,237,000","-3,250,000","-3,185,000","-3,155,000","-3,081,000",,,,,,,,,,,,,,,,,,,,,,,,,,,,,,,,,,,,,,,,,,,,,,,,,,,,,,,,,,,,,,,,,,,,,,,,,,,,
	InterestIncomeNonOperating,,,,,,,,,,,,,,,,,,,,,,,,,,,,,,,,,,,,,,,,"408,000","477,000","600,000","518,000","575,000","616,000","705,000",,,,,,,,,,,,,,,,,,,,,,,,,,,,,,,,,,,,,,,,,,,,,,,,,,,,,,,,,,,,,,,,,,,,,,,,,,,,,,,,,,,,
	InterestExpenseNonOperating,"3,600,000","800,000","-2,811,000","2,340,000","2,357,000","1,500,000","11,506,000","11,321,000","11,173,000","10,990,000","13,364,000","12,002,000","11,802,000","11,599,000","11,457,000","11,282,000","11,113,000","10,938,000","10,786,000","10,825,000","11,778,000","11,363,000","9,934,000","9,746,000","9,625,000","9,490,000","9,351,000","9,233,000","9,127,000","9,021,000","7,307,000","4,998,000","4,961,000","4,943,000","4,885,000","4,867,000","4,808,000","4,795,000","4,817,000","5,937,000","5,219,000","5,179,000","5,108,000","4,773,000","3,437,000","3,415,000","3,397,000","3,338,000","3,263,000","3,237,000","3,250,000","3,185,000","3,155,000","3,081,000",,,,,,,,,,,,,,,,,,,,,,,,,,,,,,,,,,,,,,,,,,,,,,,,,,,,,,,,,,,,,,,,,,,,,,,,,,,,
	TotalOtherFinanceCost,"5,300,000","1,300,000",,,,"900,000",,,,,,,,,,,,,,,,,,,,,,,,,,,,,,,,,,,,,,,,,,,,,,,,,,,,,,,,,,,,,,,,,,,,,,,,,,,,,,,,,,,,,,,,,,,,,,,,,,,,,,,,,,,,,,,,,,,,,,,,,,,,
OtherIncomeExpense,"-10,104,000","-4,445,000","7,449,000","3,416,000","-16,622,000","546,000","10,527,000","7,415,000","18,719,000","10,380,000","-9,029,000","12,996,000","13,690,000","11,995,000","11,439,000","9,941,000","5,179,000","3,442,000","655,000","-7,019,000","2,465,000","842,000","-2,423,000","989,000","1,466,000","1,457,000","1,231,000","21,595,000","918,000","845,000","12,870,000","1,213,000","411,000","1,054,000","990,000","609,000","1,429,000","1,434,000","21,379,000","-4,770,000","-161,000","-959,000","3,170,000","-368,000","-999,000","-1,174,000","1,989,000","-169,000","-3,219,000","-1,541,000","408,000","1,553,000","4,290,000","2,192,000",,,"1,756,000","4,956,000","0",,"-4,000","302,000","-3,758,000","1,961,000","2,478,000","-36,000","-1,670,000","1,590,000","-650,000","-7,084,000","-31,964,000","-4,496,000",,,"1,120,000","1,177,000","-1,803,000","-2,438,000","4,258,000","1,522,000","-6,254,000","-5,767,000","818,000","-5,142,000","-4,194,000","-3,964,000","-3,916,000","-4,246,000","-4,594,000","-5,103,000","-2,900,000","-2,000,000","-1,700,000","700,000","-4,300,000","1,000,000","1,200,000","1,100,000","1,300,000","1,100,000","800,000","900,000","2,000,000","900,000","1,000,000",,"1,200,000","800,000","500,000","500,000",,,,"3,200,000",,,,,,,,,,,"300,000","200,000",,,,
	GainOnSaleOfSecurity,"10,872,000","-4,632,000","7,026,000","4,885,000","3,594,000","4,643,000","10,467,000","7,289,000","18,868,000","10,479,000","13,190,000","13,136,000","13,735,000","12,142,000","11,476,000","9,963,000","5,134,000","3,610,000","301,000","2,811,000","2,465,000","2,280,000","1,560,000","989,000","1,466,000","1,457,000","1,231,000","1,384,000","918,000","845,000","1,260,000","1,213,000","411,000","1,054,000","990,000","609,000","1,429,000","1,434,000","1,805,000",,,,,"593,000","650,000",,,"-15,000","-136,000","-1,010,000",,,,,,,,,,,,,,,,,,,,,,,,,,,,,,,,,,,,,,,,,,,,,,,,,,,,,,,,,,,,,,,,,,,,,,,,,,,,,,,,
	EarningsFromEquityInterest,,,,,,,,,,,,,,,,,,,,,,,"0",,,,"0","20,211,000",,,"19,366,000",,,,"0","0","0","0","18,089,000","0","-163,000","-976,000","-1,279,000","-386,000","-1,033,000","-856,000","4,130,000","-930,000","-3,942,000","-1,486,000",,,,,,,,,,,,,,,,,,,,,,,,,,,,,"-2,831,000","-3,454,000","-3,960,000","-5,767,000","-5,540,000","-5,142,000","-4,194,000","-3,964,000",,,,,,,,,,,,,,,,,,,,,,,,,,,,,,,,,,,,,,,,,,,,
	SpecialIncomeCharges,"-19,927,000","0","1,000,000","-1,000,000","-20,027,000","-4,100,000",,,,,"-22,000,000",,,,"0","0",,,"0","-7,689,000",,,"-3,983,000",,,,"0",,,,"-8,292,000",,,,"0","0",,,"-19,000","-4,770,000","2,000","17,000","4,449,000","18,000","34,000","-318,000","-3,303,000","776,000","859,000","955,000","-1,676,000","1,553,000","4,290,000","2,192,000",,,"1,756,000","4,956,000","0",,"-4,000","302,000","-3,758,000","1,961,000","2,478,000","-36,000","-1,670,000","1,590,000","-650,000","-7,084,000","-31,964,000","-4,496,000",,,"1,120,000","1,177,000","-1,803,000","-2,438,000","7,089,000","4,976,000","-2,294,000",,,,,,"-3,916,000","-4,246,000","-4,594,000","-5,103,000","-2,900,000","-2,000,000","-1,700,000","700,000","-4,300,000","1,000,000","1,200,000","1,100,000","1,300,000","1,100,000","800,000","900,000","2,000,000","900,000","1,000,000",,"1,200,000","800,000","500,000","500,000",,,,"3,200,000",,,,,,,,,,,"300,000","200,000",,,,
		RestructuringAndMergernAcquisition,"11,300,000","0","-1,000,000","1,000,000","11,400,000","4,100,000",,,,,,,,,,,,,,,,,,,,,,,,,,,,,,,,,,,,,,,,,,,,,,,,,,,,,,,,,"-79,000","-279,000","-215,000","36,000","-425,000","-349,000","650,000","7,084,000",,,,,"0",,"1,803,000",,,,,,,,,,,,,,,,,,,,,,,,,,,,,,,,,,,,,,,,,,,,,,,,,,,,,
		OtherSpecialCharges,,,"0",,"8,627,000",,,,,,"22,000,000",,,,,,,,"0","7,689,000",,,"3,983,000",,,,,,,,"8,292,000",,,,,,,,,,,,,,,,,,,,,,,,,,,,,,,,"3,837,000","-1,682,000","-2,263,000",,,"-1,241,000",,,,,,,"-1,120,000",,,,,,,,,,,,,,,,,,,,,,,,,,,,,,,,,,,,,,,,,,,,,,,,,,,,,,,
	OtherNonOperatingIncomeExpenses,"-1,049,000","187,000","-577,000","-469,000","-189,000","3,000","60,000","126,000","-149,000","-99,000","-354,000","-140,000","-45,000","-147,000","-37,000","-22,000","45,000","-168,000","-20,000","-2,141,000",,"-1,438,000",,,,,,,,,,,,,,,,,,,,,,,,,,,,,,,,,,,,,,,,,,,,,,,,,,,,,,,,,,,,,,,,,,,,,,,,,,,,,,,,,,,,,,,,,,,,,,,,,,,,,,,,,,,,
PretaxIncome,"-3,480,000","-64,071,000","224,916,000","-83,773,000","-80,548,000","-89,739,000","-23,645,000","-40,443,000","-44,208,000","-61,737,000","238,261,000","3,517,000","-16,939,000","121,931,000","10,767,000","-19,913,000","-56,215,000","-10,797,000","-11,824,000","-3,935,000","-10,984,000","3,468,000","28,798,000","7,351,000","-57,086,000","-62,685,000","-71,061,000","-35,776,000","36,437,000","-17,506,000","15,644,000","-25,278,000","-11,200,000","-33,556,000","-23,753,000","-29,763,000","-11,307,000","-1,736,000","-11,042,000","-38,345,000","-1,207,000","-23,993,000","-20,036,000","-26,882,000","-17,880,000","-19,992,000","-13,896,000","-12,454,000","-25,154,000","-9,658,000","-14,513,000","-12,028,000","-3,692,000","-1,531,000",,,,,,,,,,,,,,,,,,,,,,,,,,,,,,,,,,,,,,,,,,,,,,,,,,,,,,,,,,,,,,,,,,,,,,,,,,,,
TaxProvision,"413,000","1,094,000","303,000","-1,307,000","327,000","130,000","317,781,000","2,648,000","-439,000","-3,257,000","34,303,000","-14,915,000","-6,927,000","31,047,000","-291,965,000","452,000","358,000","15,000","-7,164,000","961,000","222,000","0","2,933,000",,"-231,000","232,000","372,000","0","789,000","-789,000","-15,409,000","1,398,000","881,000","-2,276,000","523,000","-5,193,000","-1,181,000","-64,000","-8,405,000","-706,000","0","2,000","0","0","9,000","2,000","90,000","0","0","0","7,816,000","-3,968,000","61,000","-717,000",,,,,,,,,,,,,,,,,,,,,,,,,,,,,,,,,,,,,,,,,,,,,,,,,,,,,,,,,,,,,,,,,,,,,,,,,,,,
NetIncomeCommonStockholders,"-3,893,000","-65,165,000","224,613,000","-82,466,000","-80,875,000","-89,869,000","-340,472,000","-30,944,000","-31,845,000","-48,226,000","186,833,000","26,163,000","-876,000","87,543,000","320,030,000","-4,616,000","-40,358,000","-1,420,000","6,772,000","-976,000","-11,206,000","3,468,000","25,865,000","7,351,000","-56,855,000","-62,917,000","-71,433,000","-35,776,000","35,648,000","-16,717,000","31,053,000","-26,676,000","-12,081,000","-31,280,000","-24,276,000","-24,570,000","-10,126,000","-1,672,000","-2,637,000","-37,639,000","-1,207,000","-23,995,000","-20,036,000","-26,882,000","-17,889,000","-19,994,000","-13,986,000","-12,454,000","-25,154,000","-9,658,000","-6,958,000","-6,924,000","-2,896,000","171,843,000","-8,658,000","3,188,000","-2,208,000","-4,285,000","-6,957,000","20,007,000","-11,024,000","-13,020,000","-14,146,000","-12,105,000","-2,172,000","-17,480,000","-7,913,000","-15,172,000","-19,659,000","-29,658,000","-57,540,000","-32,708,000","-26,129,000","-26,487,000","-25,551,000","-22,378,000","-23,270,000","-24,493,000","-15,997,000","-17,798,000","-21,200,000","-18,307,000","-15,956,000","-12,643,000","-23,366,000","-23,166,000","-15,763,000","-5,720,000","-14,608,000","-18,327,000","-17,700,000","-12,600,000","-16,600,000","-12,600,000","-16,700,000","-1,000,000","-13,800,000","-11,500,000","-10,900,000","-2,200,000","-9,400,000","-8,600,000","-8,100,000","-6,000,000","-7,300,000","-5,100,000","-5,100,000","-6,900,000","-5,900,000","-5,900,000","-6,000,000","-5,400,000","-5,100,000","-1,700,000","-4,600,000","-4,600,000","-4,800,000","-5,100,000","-5,300,000","-4,900,000","-4,300,000","-5,000,000","-3,200,000","-2,400,000","-2,000,000","-1,100,000",,,,
	NetIncome,"-3,893,000","-65,165,000","224,613,000","-82,466,000","-80,875,000","-89,869,000","-340,271,000","-30,944,000","-31,845,000","-48,226,000","184,416,000","26,163,000","-876,000","84,443,000","320,076,000","-4,559,000","-40,358,000","-1,420,000","2,746,000","-976,000","-11,206,000","3,468,000","25,865,000","7,351,000","-56,855,000","-62,917,000","-71,433,000","-35,776,000","35,648,000","-16,717,000","31,053,000","-26,676,000","-12,081,000","-31,280,000","-24,276,000","-24,570,000","-10,126,000","-1,672,000","-2,637,000","-37,639,000","-1,207,000","-23,995,000","-20,036,000","-26,882,000","-17,889,000","-19,994,000","-13,986,000","-12,454,000","-25,154,000","-9,658,000","-6,958,000","-6,924,000","-2,896,000","171,843,000","-8,658,000","3,188,000","-2,208,000","-4,285,000","-6,957,000","20,007,000","-11,024,000","-13,020,000","-14,146,000","-12,105,000","-2,172,000","-17,480,000","-7,913,000","-15,172,000","-19,659,000","-29,658,000","-57,540,000","-32,708,000","-25,949,000","-26,306,000","-25,375,000","-22,203,000","-23,098,000","-24,322,000","-15,829,000","-17,576,000","-20,865,000","-17,972,000","-15,625,000","-12,317,000","-23,043,000","-22,847,000","-15,447,000","-5,409,000","-14,302,000","-18,327,000","-17,600,000","-12,400,000","-16,500,000","-12,600,000","-16,700,000","-1,000,000","-13,800,000","-11,500,000","-10,900,000","-2,200,000","-9,400,000","-8,600,000","-8,100,000","-6,000,000","-7,300,000","-5,100,000","-5,100,000","-6,900,000","-5,900,000","-5,900,000","-6,000,000","-5,400,000","-5,100,000","-1,700,000","-4,600,000","-4,600,000","-4,800,000","-5,100,000","-5,300,000","-4,900,000","-4,300,000","-5,000,000","-3,200,000","-2,400,000","-2,000,000","-1,100,000",,,,
		NetIncomeIncludingNoncontrollingInterests,"-3,893,000","-65,165,000","224,613,000","-82,466,000","-80,875,000","-89,869,000","-341,426,000","-43,091,000","-43,769,000","-58,480,000","203,958,000","18,432,000","-10,012,000","90,884,000","302,732,000","-20,365,000","-56,573,000","-10,812,000","-4,660,000","-4,896,000","-11,206,000","3,468,000","25,865,000","7,351,000","-56,855,000","-62,917,000","-71,433,000","-35,776,000","35,648,000","-16,717,000","31,053,000","-26,676,000","-12,081,000","-31,280,000","-24,276,000","-24,570,000","-10,126,000","-1,672,000","-2,637,000","-37,639,000","-1,207,000","-23,995,000","-20,036,000","-26,882,000","-17,889,000","-19,994,000","-13,986,000","-12,454,000","-25,154,000","-9,658,000","-8,445,000","-8,060,000","-3,753,000","170,930,000","-9,173,000","1,713,000","-2,208,000","-5,273,000","-7,499,000","11,172,000","-18,627,000","-19,826,000","-16,826,000","-18,838,000","-15,780,000","-17,480,000","-7,913,000","-15,172,000","-19,659,000","-29,658,000","-57,540,000","-32,708,000","-25,949,000","-26,306,000","-25,375,000","-22,203,000","-23,098,000","-24,322,000","-15,829,000","-17,576,000","-20,865,000","-17,972,000","-15,625,000","-12,317,000","-23,043,000","-22,847,000","-15,447,000","-5,409,000","-14,302,000","-18,327,000","-17,600,000","-12,400,000","-16,500,000","-12,600,000","-16,700,000","-1,000,000","-13,800,000","-11,500,000","-10,900,000","-2,200,000","-9,400,000","-8,600,000","-8,100,000","-6,000,000","-7,300,000","-5,100,000","-5,100,000","-6,900,000","-5,900,000","-5,900,000","-6,000,000","-5,400,000","-5,100,000","-1,700,000","-4,600,000","-4,600,000","-4,800,000","-5,100,000","-5,300,000","-4,900,000","-4,300,000","-5,000,000","-3,200,000","-2,400,000","-2,000,000","-1,100,000","-1,100,000","-1,100,000","-1,100,000","-1,100,000"
			NetIncomeContinuousOperations,"-3,893,000","-65,165,000","224,613,000","-82,466,000","-80,875,000","-89,869,000","-341,426,000","-43,091,000","-43,769,000","-58,480,000","203,958,000","18,432,000","-10,012,000","90,884,000","302,732,000","-20,365,000","-56,573,000","-10,812,000","-4,660,000","-4,896,000","-11,206,000","3,468,000","25,865,000","7,351,000","-56,855,000","-62,917,000","-71,433,000","-35,776,000","35,648,000","-16,717,000","31,053,000","-26,676,000","-12,081,000","-31,280,000","-24,276,000","-24,570,000","-10,126,000","-1,672,000","-2,637,000","-37,639,000","-1,207,000","-23,995,000","-20,036,000","-26,882,000","-17,889,000","-19,994,000","-13,986,000","-12,454,000","-25,154,000","-9,658,000","-22,329,000","-8,060,000","-3,753,000","-814,000","-271,000","3,188,000","-2,208,000","-4,285,000","-6,957,000","20,007,000","-11,024,000","-13,020,000","-14,146,000","-12,105,000","-2,172,000","-17,480,000","-7,913,000","-15,172,000","-19,659,000","-29,658,000","-57,540,000","-32,708,000","-25,949,000","-26,306,000","-25,375,000","-22,203,000","-23,098,000","-24,322,000","-15,829,000","-17,576,000","-20,865,000","-17,972,000","-15,625,000","-12,317,000","-23,043,000","-22,847,000","-15,447,000","-5,409,000","-14,302,000","-18,327,000","-17,600,000","-12,400,000","-16,500,000","-12,600,000","-16,700,000","-1,000,000","-13,800,000","-11,500,000","-10,900,000","-2,200,000","-9,400,000","-8,600,000","-8,100,000","-6,000,000","-7,300,000","-5,100,000","-5,100,000","-6,900,000","-5,900,000","-5,900,000","-6,000,000","-5,400,000","-5,100,000","-1,700,000","-4,600,000","-4,600,000","-4,800,000","-5,100,000","-5,300,000","-4,900,000","-4,300,000","-5,000,000","-3,200,000","-2,400,000","-2,000,000","-1,100,000","-1,100,000","-1,100,000","-1,100,000","-1,100,000"
			NetIncomeDiscontinuousOperations,,,,,,,,,,,,,,,,,,,,,,,,,,,,,,,,,,,,,,,,,,,,,,,"0","0","0","0","13,884,000","0","0","171,744,000",,,,,,,,,,,,,,,,,,,,,,,,,,,,,,,,,,,,,,,,,,,,,,,,,,,,,,,,,,,,,,,,,,,,,,,,,,,,
		MinorityInterests,,,"0","0","0","0","1,155,000","12,147,000","11,924,000","10,254,000","-19,542,000","7,732,000","9,136,000","-6,441,000","17,344,000","15,806,000","16,215,000","9,392,000","7,406,000","3,920,000",,,,,,,,,,,,,,,,,,,,,,,,,,,"0","0","0","0","1,487,000","1,136,000","857,000","913,000","515,000","1,475,000",,"988,000","542,000","8,835,000","7,603,000","6,806,000","2,680,000","6,733,000","13,608,000",,,,,,,,,,,,,,,,,,,,,,,,,,,,,,,,,,,,,,,,,,,,,,,,,,,,,,,,,,,,,,,,,
	PreferredStockDividends,,,,,,,,,,,,,,,,,,,,,,,,,,,,,,,,,,,,,,,,,,,,,,,,,,,,,,,,,,,,,,,,,,,,,,,"0",,"180,000","181,000","176,000","175,000","172,000","171,000","168,000","222,000","335,000","335,000","331,000","326,000","323,000","319,000","316,000","311,000","306,000",,"100,000","200,000","100,000",,,,,,,,,,,,,,,,,,,,,,,,,,,,,,,,,,,,,
	OtherunderPreferredStockDividend,,,,,,,,,,,,,,"-3,100,000","46,000","57,000",,,"-4,026,000","0",,,,,,,,,,,,,,,,,,,,,,,,,,,,,,,,,,,,,,,,,,,,,,,,,,,,,,,,,,,,,,,,,,,,,,,,,,,,,,,,,,,,,,,,,,,,,,,,,,,,,,,,,,,,,,
DilutedNIAvailtoComStockholders,"-3,893,000","-65,165,000","224,613,000","-82,466,000","-80,875,000","-89,869,000","-340,472,000","-30,944,000","-31,845,000","-48,226,000","186,833,000","26,163,000","-876,000","87,543,000","320,030,000","-4,616,000","-40,358,000","-1,420,000","6,772,000","-976,000","-11,206,000","3,468,000","25,865,000","7,351,000","-56,855,000","-62,917,000","-71,433,000","-35,776,000","35,648,000","-16,717,000","31,053,000","-26,676,000","-12,081,000","-31,280,000","-24,276,000","-24,570,000","-10,126,000","-1,672,000","-2,637,000","-37,639,000","-1,207,000","-23,995,000","-20,036,000","-26,882,000","-17,889,000","-19,994,000","-13,986,000","-12,454,000","-25,154,000","-9,658,000","-6,958,000","-6,924,000","-2,896,000","171,843,000","-8,658,000","3,188,000","-2,208,000","-4,285,000","-6,957,000","20,007,000","-11,024,000","-13,020,000","-14,146,000","-12,105,000","-2,172,000","-17,480,000","-7,913,000","-15,172,000","-19,659,000","-29,658,000","-57,540,000","-32,708,000","-26,129,000","-26,487,000","-25,551,000","-22,378,000","-23,270,000","-24,493,000","-15,997,000","-17,798,000","-21,200,000","-18,307,000","-15,956,000","-12,643,000","-23,366,000","-23,166,000","-15,763,000","-5,720,000","-14,608,000","-18,327,000","-17,700,000","-12,600,000","-16,600,000","-12,600,000","-16,700,000","-1,000,000","-13,800,000","-11,500,000","-10,900,000","-2,200,000","-9,400,000","-8,600,000","-8,100,000","-6,000,000","-7,300,000","-5,100,000","-5,100,000","-6,900,000","-5,900,000","-5,900,000","-6,000,000","-5,400,000","-5,100,000","-1,700,000","-4,600,000","-4,600,000","-4,800,000","-5,100,000","-5,300,000","-4,900,000","-4,300,000","-5,000,000","-3,200,000","-2,400,000","-2,000,000","-1,100,000",,,,
BasicEPS,,"-0.46","1.59","-0.58","-0.57","-0.64","-2.44","-0.22","-0.23","-0.35","1.31","0.19","-0.01","0.63","2.32","-0.03","-0.29","-0.01","0.02","-0.008","-0.09","0.03","0.21","0.06","-0.47","-0.52","-0.59","-0.3","0.3","-0.14","0.26","-0.23","-0.1","-0.27","-0.21","-0.21","-0.09","-0.02","-0.03","-0.37","-0.01","-0.24",,"-0.27","-0.18","-0.2",,"-0.13","-0.25","-0.1",,"-0.07","-0.03","1.76",,"0.03","-0.02","-0.05",,"-1.25","-0.13","-0.16",,"-0.16","-0.03","-0.24",,"-0.24","-0.34","-0.52",,"-0.57","-0.47","-0.47",,"-0.4","-0.42","-0.44",,"-0.33","-0.39","-0.34",,"-0.29","-0.58","-0.58",,"-0.15","-0.4","-0.56",,"-0.44","-0.59","-0.46",,"-0.04","-0.52","-0.43",,"-0.08","-0.36","-0.33",,"-0.23","-0.29","-0.2",,"-0.32","-0.3","-0.3",,"-0.27","-0.26","-0.09",,"-0.3","-0.31","-0.34",,"-0.38","-0.33","-0.39",,"-0.23","-0.22","-0.13",,"-0.18","-0.18","-0.18"
DilutedEPS,,"-0.46","1.41","-0.58","-0.57","-0.64","-2.44","-0.22","-0.23","-0.35","1.28","0.18","-0.01","0.62","2.21","-0.03","-0.29","-0.01","0.02","-0.008","-0.09","0.03","0.21","0.06","-0.47","-0.52","-0.59","-0.3","0.29","-0.14","0.25","-0.23","-0.1","-0.27","-0.21","-0.21","-0.09","-0.02","-0.03","-0.37","-0.01","-0.24",,"-0.27","-0.18","-0.2",,"-0.13","-0.25","-0.1",,"-0.07","-0.03","1.57",,"0.03","-0.02","-0.05",,"-1.25","-0.13","-0.16",,"-0.16","-0.03","-0.24",,"-0.24","-0.34","-0.52",,"-0.57","-0.47","-0.47",,"-0.4","-0.42","-0.44",,"-0.33","-0.39","-0.34",,"-0.29","-0.58","-0.58",,"-0.15","-0.4","-0.56",,"-0.44","-0.59","-0.46",,"-0.04","-0.52","-0.43",,"-0.08","-0.36","-0.33",,"-0.23","-0.29","-0.2",,"-0.32","-0.3","-0.3",,"-0.27","-0.26","-0.09",,"-0.3","-0.31","-0.34",,"-0.38","-0.33","-0.39",,"-0.23","-0.22","-0.13",,"-0.18","-0.18","-0.18"
BasicAverageShares,,"141,599,000","141,000,000","141,139,000","140,962,000","140,770,000","140,000,000","139,708,000","139,352,000","139,429,000","141,000,000","140,551,000","140,000,000","138,582,000","137,699,000","143,314,000","128,712,000","125,330,000","124,818,000","124,370,000","123,988,000","122,861,000","121,340,000","120,989,000","120,798,000","120,598,000","120,189,000","119,979,000","119,742,000","118,948,000","118,223,000","117,811,000","117,588,000","117,128,000","116,122,000","115,263,000","108,539,000","101,875,000","101,246,000","100,680,000","100,213,000","100,157,000",,"99,687,000","99,602,000","99,569,000",,"99,196,000","99,091,000","99,013,000",,"98,320,000","98,116,000","97,521,000",,"95,863,000","94,675,000","90,799,000",,"83,942,000","82,548,000","82,456,000",,"73,588,000","72,822,000","72,377,000",,"64,086,000","57,524,000","57,521,000",,"57,267,000","56,111,000","55,858,000",,"55,540,000","55,380,000","55,375,000",,"54,708,000","54,117,000","53,923,000",,"43,869,000","40,492,000","40,150,000",,"38,448,000","36,979,000","33,063,000",,"28,636,364","28,135,593","27,391,304",,"25,000,000","26,538,462","26,744,186",,"27,500,000","26,111,111","26,060,606",,"26,086,957","25,172,414","25,500,000",,"21,562,500","19,666,667","19,666,667",,"20,000,000","19,615,385","18,888,889",,"15,333,333","15,483,871","15,000,000",,"12,894,737","13,030,303","12,820,513",,"10,434,783","9,090,909","8,461,538",,"8,175,000","8,175,000","8,175,000"
DilutedAverageShares,,"141,599,000","160,000,000","141,139,000","140,962,000","140,770,000","140,000,000","139,708,000","139,352,000","139,429,000","153,000,000","143,408,000","140,000,000","141,537,000","149,856,000","143,314,000","128,712,000","125,330,000","126,862,000","124,370,000","123,988,000","124,972,000","123,953,000","123,378,000","120,798,000","120,598,000","120,189,000","119,979,000","127,779,000","118,948,000","122,839,000","117,811,000","117,588,000","117,128,000","116,122,000","115,263,000","108,539,000","101,875,000","101,246,000","100,680,000","100,213,000","100,157,000",,"99,687,000","99,602,000","99,569,000",,"99,196,000","99,091,000","99,013,000",,"98,320,000","98,116,000","111,274,000",,"100,181,000","94,675,000","90,799,000",,"83,942,000","82,548,000","82,456,000",,"73,588,000","72,822,000","72,377,000",,"64,086,000","57,524,000","57,521,000",,"57,267,000","56,111,000","55,858,000",,"55,540,000","55,380,000","55,375,000",,"54,708,000","54,117,000","53,923,000",,"43,869,000","40,492,000","40,150,000",,"38,448,000","36,979,000","33,063,000",,"28,636,364","28,135,593","27,391,304",,"25,000,000","26,538,462","26,744,186",,"27,500,000","26,111,111","26,060,606",,"26,086,957","25,172,414","25,500,000",,"21,562,500","19,666,667","19,666,667",,"20,000,000","19,615,385","18,888,889",,"15,333,333","15,483,871","15,000,000",,"12,894,737","13,030,303","12,820,513",,"10,434,783","9,090,909","8,461,538",,"8,175,000","8,175,000","8,175,000"
TotalOperatingIncomeAsReported,"4,281,000","-57,504,000","220,605,000","-85,849,000","-72,969,000","-91,971,000","-22,666,000","-36,537,000","-51,754,000","-61,127,000","260,654,000","2,523,000","-18,827,000","121,535,000","10,785,000","-18,572,000","-50,281,000","-3,301,000","-1,693,000","13,909,000","-1,671,000","13,989,000","41,155,000","16,108,000","-48,927,000","-54,652,000","-62,941,000","-48,138,000","44,646,000","-9,330,000","10,081,000","-21,493,000","-6,650,000","-29,667,000","-19,858,000","-25,505,000","-7,928,000","1,625,000","-26,119,000","-28,046,000","3,696,000","-18,455,000","-18,616,000","-22,316,000","-14,060,000","-16,108,000","-15,858,000","-8,947,000","-18,672,000","-4,880,000","-11,671,000","-10,396,000","-4,827,000","-642,000","3,228,000","-4,324,000","-3,133,000","-8,831,000","-8,443,000","10,057,000","-19,660,000","-20,901,000","-16,736,000","-18,264,000","-17,102,000","-16,016,000","-8,608,000","-12,144,000","-12,923,000","-23,507,000","-51,798,000","-22,380,000","-21,340,000","-22,335,000","-21,480,000","-19,067,000","-19,520,000","-18,912,000","-11,246,000","-17,509,000","-12,339,000","-9,718,000","-7,697,000","-4,707,000","-16,464,000","-17,234,000","-10,012,000","206,000","-8,175,000","-11,009,000","-12,500,000","-8,100,000","-12,000,000","-10,500,000","-9,800,000","1,000,000","-13,000,000","-11,000,000","-10,500,000","-2,600,000","-9,700,000","-8,900,000","-9,700,000","-6,700,000","-8,100,000","-4,800,000","-6,200,000","-7,400,000","-6,000,000","-6,100,000","-11,200,000","-5,000,000","-4,800,000","-4,500,000","-4,400,000","-4,400,000","-4,600,000","-5,100,000","-7,400,000","-4,900,000","-4,200,000","-5,000,000","-5,000,000","-2,400,000","-2,300,000","-1,300,000",,,,
TotalExpenses,"825,112,000","199,396,000","220,401,000","217,949,000","187,364,000","199,479,000","312,925,000","196,616,000","197,291,000","194,494,000","233,027,000","165,369,000","182,640,000","175,679,000","181,330,000","163,967,000","168,028,000","147,720,000","173,992,000","107,002,000","105,823,000","96,315,000","119,193,000","94,819,000","87,397,000","91,526,000","114,511,000","97,259,000","75,782,000","71,913,000","74,780,000","65,556,000","63,726,000","57,828,000","62,107,000","49,090,000","46,020,000","41,735,000","45,992,000","39,647,000","43,644,000","41,690,000","51,019,000","43,029,000","38,883,000","37,255,000","42,278,000","37,571,000","42,175,000","34,806,000","43,933,000","37,167,000","35,819,000","32,218,000","17,433,000","36,539,000","36,094,000","30,185,000","33,171,000","28,574,000","23,473,000","23,351,000","28,760,000","21,796,000","21,692,000","20,938,000","23,674,000","19,951,000","22,865,000","23,865,000","30,756,000","31,473,000","31,183,000","34,638,000","31,179,000","30,361,000","32,733,000","32,892,000","31,732,000","37,809,000","32,400,000","27,677,000","29,441,000","24,011,000","24,056,000","21,867,000","17,948,000","18,074,000","15,160,000","15,063,000","22,000,000","18,700,000","19,200,000","17,100,000","17,400,000","18,800,000","18,800,000","16,800,000","19,900,000","15,200,000","15,500,000","13,500,000","16,100,000","11,800,000","12,800,000","11,200,000","9,600,000","11,100,000","9,300,000","8,700,000","9,200,000","8,200,000","7,900,000","7,100,000","7,300,000","7,700,000","7,800,000","7,800,000","8,000,000","8,200,000","6,500,000","7,500,000","5,800,000","4,400,000","3,800,000","2,800,000",,,,
NetIncomeFromContinuingAndDiscontinuedOperation,"-3,893,000","-65,165,000","224,613,000","-82,466,000","-80,875,000","-89,869,000","-340,271,000","-30,944,000","-31,845,000","-48,226,000","184,416,000","26,163,000","-876,000","84,443,000","320,076,000","-4,559,000","-40,358,000","-1,420,000","2,746,000","-976,000","-11,206,000","3,468,000","25,865,000","7,351,000","-56,855,000","-62,917,000","-71,433,000","-35,776,000","35,648,000","-16,717,000","31,053,000","-26,676,000","-12,081,000","-31,280,000","-24,276,000","-24,570,000","-10,126,000","-1,672,000","-2,637,000","-37,639,000","-1,207,000","-23,995,000","-20,036,000","-26,882,000","-17,889,000","-19,994,000","-13,986,000","-12,454,000","-25,154,000","-9,658,000","-6,958,000","-6,924,000","-2,896,000","171,843,000","-8,658,000","3,188,000","-2,208,000","-4,285,000","-6,957,000","20,007,000","-11,024,000","-13,020,000","-14,146,000","-12,105,000","-2,172,000","-17,480,000","-7,913,000","-15,172,000","-19,659,000","-29,658,000","-57,540,000","-32,708,000","-25,949,000","-26,306,000","-25,375,000","-22,203,000","-23,098,000","-24,322,000","-15,829,000","-17,576,000","-20,865,000","-17,972,000","-15,625,000","-12,317,000","-23,043,000","-22,847,000","-15,447,000","-5,409,000","-14,302,000","-18,327,000","-17,600,000","-12,400,000","-16,500,000","-12,600,000","-16,700,000","-1,000,000","-13,800,000","-11,500,000","-10,900,000","-2,200,000","-9,400,000","-8,600,000","-8,100,000","-6,000,000","-7,300,000","-5,100,000","-5,100,000","-6,900,000","-5,900,000","-5,900,000","-6,000,000","-5,400,000","-5,100,000","-1,700,000","-4,600,000","-4,600,000","-4,800,000","-5,100,000","-5,300,000","-4,900,000","-4,300,000","-5,000,000","-3,200,000","-2,400,000","-2,000,000","-1,100,000",,,,
NormalizedIncome,"1,540,000","-62,385,800","216,597,812.383","-86,290,387.452","-68,878,910","-90,265,390","-347,911,910","-36,264,970","-50,525,634.546","-58,151,708.8","191,842,039.721","16,573,720","-10,902,550","75,397,210","311,698,520","-11,831,990","-44,105,820","-4,055,300","2,565,400","1,950,800","-12,685,000","1,188,000","28,041,223.87","6,757,600","-58,315,067.792","-63,791,200","-72,171,600","-37,160,000","34,749,878.201","-17,523,915.629","35,623,800","-27,464,450","-12,348,150","-32,262,510.43","-24,919,500","-25,072,742.667","-11,405,742.991","-3,053,133.641","-4,775,500","-32,956,824.227","-1,209,000","-24,006,050","-24,485,000","-26,900,000","-17,911,100","-19,787,300","-12,594,350","-13,215,000","-25,877,000","-9,603,000","-21,107,200","-7,964,670.103","-5,684,500","-1,325,800","-271,000","3,188,000","-3,349,400","-7,506,400","-6,957,000","20,007,000","-11,021,400","-13,216,300","-11,891,200","-13,281,600","-3,658,800","-17,458,400","-6,911,000","-16,126,000","-19,269,000","-25,407,600","-38,361,600","-30,010,400","-25,949,000","-26,306,000","-26,047,000","-22,909,200","-22,016,200","-22,859,200","-20,082,400","-20,561,600","-19,488,600","-17,972,000","-15,625,000","-12,317,000","-23,043,000","-22,847,000","-13,097,400","-2,861,400","-11,545,600","-15,265,200","-15,860,000","-11,200,000","-15,480,000","-13,020,000","-14,120,000","-1,600,000","-14,520,000","-12,160,000","-11,680,000","-2,860,000","-9,880,000","-9,140,000","-9,300,000","-6,540,000","-7,900,000","-5,100,000","-5,820,000","-7,380,000","-6,200,000","-6,200,000","-6,000,000","-5,400,000","-5,100,000","-3,620,000","-4,600,000","-4,600,000","-4,800,000","-5,100,000","-5,300,000","-4,900,000","-4,300,000","-5,000,000","-3,200,000","-2,400,000","-2,180,000","-1,220,000",,,,
InterestIncome,,,,,,,,,,,,,,,,,,,,,,,,,,,,,,,,,,,,,,,,"408,000","477,000","600,000","518,000","575,000","616,000","705,000",,,,,,,,,,,,,,,,,,,,,,,,,,,,,,,,,,,,,,,,,,,,,,,,,,,,,,,,,,,,,,,,,,,,,,,,,,,,,,,,,,,,
InterestExpense,"3,600,000","800,000","-2,811,000","2,340,000","2,357,000","1,500,000","11,506,000","11,321,000","11,173,000","10,990,000","13,364,000","12,002,000","11,802,000","11,599,000","11,457,000","11,282,000","11,113,000","10,938,000","10,786,000","10,825,000","11,778,000","11,363,000","9,934,000","9,746,000","9,625,000","9,490,000","9,351,000","9,233,000","9,127,000","9,021,000","7,307,000","4,998,000","4,961,000","4,943,000","4,885,000","4,867,000","4,808,000","4,795,000","4,817,000","5,937,000","5,219,000","5,179,000","5,108,000","4,773,000","3,437,000","3,415,000","3,397,000","3,338,000","3,263,000","3,237,000","3,250,000","3,185,000","3,155,000","3,081,000",,,,,,,,,,,,,,,,,,,,,,,,,,,,,,,,,,,,,,,,,,,,,,,,,,,,,,,,,,,,,,,,,,,,,,,,,,,,
NetInterestIncome,"-8,900,000","-2,100,000","-2,089,000","-2,340,000","-2,357,000","-2,400,000","-11,506,000","-11,321,000","-11,173,000","-10,990,000","-13,364,000","-12,002,000","-11,802,000","-11,599,000","-11,457,000","-11,282,000","-11,113,000","-10,938,000","-10,786,000","-10,825,000","-11,778,000","-11,363,000","-9,934,000","-9,746,000","-9,625,000","-9,490,000","-9,351,000","-9,233,000","-9,127,000","-9,021,000","-7,307,000","-4,998,000","-4,961,000","-4,943,000","-4,885,000","-4,867,000","-4,808,000","-4,795,000","-6,302,000","-5,529,000","-4,742,000","-4,579,000","-4,590,000","-4,198,000","-2,821,000","-2,710,000","-27,000","-3,338,000","-3,263,000","-3,237,000","-3,250,000","-3,185,000","-3,155,000","-3,081,000",,,,,,,,,,,,,,,,,,,,,,,,,,,,,,,,,,,,,,,,,,,,,,,,,,,,,,,,,,,,,,,,,,,,,,,,,,,,
EBIT,"120,000","-63,271,000","222,105,000","-81,433,000","-78,191,000","-88,239,000","-12,139,000","-29,122,000","-33,035,000","-50,747,000","251,625,000","15,519,000","-5,137,000","133,530,000","22,224,000","-8,631,000","-45,102,000","141,000","-1,038,000","6,890,000","794,000","14,831,000","38,732,000","17,097,000","-47,461,000","-53,195,000","-61,710,000","-26,543,000","45,564,000","-8,485,000","22,951,000","-20,280,000","-6,239,000","-28,613,000","-18,868,000","-24,896,000","-6,499,000","3,059,000","-6,225,000","-32,408,000","4,012,000","-18,814,000","-14,928,000","-22,109,000","-14,443,000","-16,577,000","-10,499,000","-9,116,000","-21,891,000","-6,421,000","-11,263,000","-8,843,000","-537,000","1,550,000","3,228,000","-4,324,000","-3,133,000","-8,831,000","-8,443,000","10,057,000","-19,660,000","-20,901,000","-16,815,000","-18,543,000","-17,317,000","-15,980,000","-9,033,000","-12,493,000","-12,273,000","-16,423,000","-19,371,000","-22,380,000","-21,340,000","-22,335,000","-21,480,000","-19,067,000","-17,717,000","-18,912,000","-9,873,000","-17,509,000","-12,339,000","-9,718,000","-7,697,000","-4,707,000","-16,464,000","-17,234,000","-10,012,000","206,000","-8,175,000","-11,009,000","-12,500,000","-8,100,000","-12,000,000","-10,500,000","-9,800,000","1,000,000","-13,000,000","-11,000,000","-10,500,000","-2,600,000","-9,700,000","-8,900,000","-9,700,000","-6,700,000","-8,100,000","-4,800,000","-6,200,000","-7,400,000","-6,000,000","-6,100,000","-11,200,000","-5,000,000","-4,800,000","-4,500,000","-4,400,000","-4,400,000","-4,600,000","-5,100,000","-7,400,000","-4,900,000","-4,200,000","-5,000,000","-5,000,000","-2,400,000","-2,300,000","-1,300,000","-6,000,000","500,000","500,000","500,000"
EBITDA,"19,720,000"
ReconciledCostOfRevenue,"12,434,000","4,170,000","2,226,000","3,079,000","2,958,000","2,578,000","3,301,000","3,086,000","3,012,000","2,548,000","1,011,000","967,000","1,364,000","1,041,000","115,271,000","95,255,000","101,830,000","104,067,000","128,286,000","80,214,000","83,506,000","82,638,000","101,151,000","84,631,000","77,573,000","80,964,000","101,330,000","88,508,000","68,007,000","64,447,000","67,953,000","61,086,000","59,264,000","53,448,000","57,430,000","45,660,000","42,631,000","38,312,000","158,458,000","0","0","0","0","0","0","0","0","0","0","0","0","0","0","0",,,,,,,,,,,,,,,,,,,,,,,,,,,,,,,,,,,,,,,,,,,,,,,,,,,,,,,,,,,,,,,,,"-18,200,000","6,200,000","4,500,000","5,500,000","4,100,000","3,000,000","-200,000","1,900,000",,,,
ReconciledDepreciation,"19,600,000","4,895,000","4,984,000","4,707,000","5,014,000","4,855,000","4,565,000","4,452,000","4,031,000","4,112,000","4,077,000","3,681,000","4,693,000","3,543,000","3,522,000","3,253,000","2,947,000","2,806,000","995,000","2,562,000","2,419,000","2,373,000","2,269,000","2,274,000","2,272,000","2,218,000","2,631,000","2,616,000","2,639,000","2,352,000","2,360,000","2,419,000","2,330,000","2,295,000",,,,,,,,,,,,,,,,,,,,,,,,,,,,,,,,,,,,,,,,,,,,,,,,,,,,,,,,,,,,,,,,,,,,,,,,,,,,,,,,,,,,,"600,000","600,000","500,000","300,000","200,000","400,000","200,000","100,000",,,,
NetIncomeFromContinuingOperationNetMinorityInterest,"-3,893,000","-65,165,000","224,613,000","-82,466,000","-80,875,000","-89,869,000","-340,271,000","-30,944,000","-31,845,000","-48,226,000","184,416,000","26,163,000","-876,000","84,443,000","320,076,000","-4,559,000","-40,358,000","-1,420,000","2,746,000","-976,000","-11,206,000","3,468,000","25,865,000","7,351,000","-56,855,000","-62,917,000","-71,433,000","-35,776,000","35,648,000","-16,717,000","31,053,000","-26,676,000","-12,081,000","-31,280,000","-24,276,000","-24,570,000","-10,126,000","-1,672,000","-2,637,000","-37,639,000","-1,207,000","-23,995,000","-20,036,000","-26,882,000","-17,889,000","-19,994,000","-13,986,000","-12,454,000","-25,154,000","-9,658,000","-20,842,000","-6,924,000","-2,896,000","99,000","-271,000","3,188,000","-2,208,000","-4,285,000","-6,957,000","20,007,000","-11,024,000","-13,020,000","-14,146,000","-12,105,000","-2,172,000","-17,480,000","-7,913,000","-15,172,000","-19,659,000","-29,658,000","-57,540,000","-32,708,000","-25,949,000","-26,306,000","-25,375,000","-22,203,000","-23,098,000","-24,322,000","-15,829,000","-17,576,000","-20,865,000","-17,972,000","-15,625,000","-12,317,000","-23,043,000","-22,847,000","-15,447,000","-5,409,000","-14,302,000","-18,327,000","-17,600,000","-12,400,000","-16,500,000","-12,600,000","-16,700,000","-1,000,000","-13,800,000","-11,500,000","-10,900,000","-2,200,000","-9,400,000","-8,600,000","-8,100,000","-6,000,000","-7,300,000","-5,100,000","-5,100,000","-6,900,000","-5,900,000","-5,900,000","-6,000,000","-5,400,000","-5,100,000","-1,700,000","-4,600,000","-4,600,000","-4,800,000","-5,100,000","-5,300,000","-4,900,000","-4,300,000","-5,000,000","-3,200,000","-2,400,000","-2,000,000","-1,100,000",,,,
TotalUnusualItemsExcludingGoodwill,"-9,055,000","-4,632,000","8,026,000","3,885,000","-16,433,000","543,000","10,467,000","7,289,000","18,868,000","10,479,000","-8,675,000","13,136,000","13,735,000","12,142,000","11,476,000","9,963,000","5,134,000","3,610,000","301,000","-4,878,000","2,465,000","2,280,000","-2,423,000","989,000","1,466,000","1,457,000","1,231,000","1,384,000","918,000","845,000","-7,032,000","1,213,000","411,000","1,054,000","990,000","609,000","1,429,000","1,434,000","3,290,000","-4,770,000","2,000","17,000","4,449,000","18,000","34,000","-318,000","-2,141,000","761,000","723,000","-55,000","408,000","1,553,000","4,290,000","2,192,000",,,"1,756,000","4,956,000","0",,"-4,000","302,000","-3,758,000","1,961,000","2,478,000","-36,000","-1,670,000","1,590,000","-650,000","-7,084,000","-31,964,000","-4,496,000",,,"1,120,000","1,177,000","-1,803,000","-2,438,000","7,089,000","4,976,000","-2,294,000",,,,,,"-3,916,000","-4,246,000","-4,594,000","-5,103,000","-2,900,000","-2,000,000","-1,700,000","700,000","-4,300,000","1,000,000","1,200,000","1,100,000","1,300,000","1,100,000","800,000","900,000","2,000,000","900,000","1,000,000",,"1,200,000","800,000","500,000","500,000",,,,"3,200,000",,,,,,,,,,,"300,000","200,000",,,,
TotalUnusualItems,"-9,055,000","-4,632,000","8,026,000","3,885,000","-16,433,000","543,000","10,467,000","7,289,000","18,868,000","10,479,000","-8,675,000","13,136,000","13,735,000","12,142,000","11,476,000","9,963,000","5,134,000","3,610,000","301,000","-4,878,000","2,465,000","2,280,000","-2,423,000","989,000","1,466,000","1,457,000","1,231,000","1,384,000","918,000","845,000","-7,032,000","1,213,000","411,000","1,054,000","990,000","609,000","1,429,000","1,434,000","3,290,000","-4,770,000","2,000","17,000","4,449,000","18,000","34,000","-318,000","-2,141,000","761,000","723,000","-55,000","408,000","1,553,000","4,290,000","2,192,000",,,"1,756,000","4,956,000","0",,"-4,000","302,000","-3,758,000","1,961,000","2,478,000","-36,000","-1,670,000","1,590,000","-650,000","-7,084,000","-31,964,000","-4,496,000",,,"1,120,000","1,177,000","-1,803,000","-2,438,000","7,089,000","4,976,000","-2,294,000",,,,,,"-3,916,000","-4,246,000","-4,594,000","-5,103,000","-2,900,000","-2,000,000","-1,700,000","700,000","-4,300,000","1,000,000","1,200,000","1,100,000","1,300,000","1,100,000","800,000","900,000","2,000,000","900,000","1,000,000",,"1,200,000","800,000","500,000","500,000",,,,"3,200,000",,,,,,,,,,,"300,000","200,000",,,,
NormalizedEBITDA,"28,775,000","-53,744,000","219,063,000","-80,611,000","-56,744,000","-83,927,000","-18,041,000","-31,959,000","-47,872,000","-57,114,000","264,377,000","6,064,000","-14,179,000","124,931,000","14,270,000","-15,341,000","-47,289,000","-663,000","-344,000","14,330,000","748,000","14,924,000","43,424,000","18,382,000","-46,655,000","-52,434,000","-60,310,000","-25,311,000","47,285,000","-6,978,000","32,343,000","-19,074,000","-4,320,000","-27,372,000","-19,858,000","-25,505,000","-7,928,000","1,625,000","-9,515,000","-27,638,000","4,010,000","-18,831,000","-19,377,000","-22,127,000","-14,477,000","-16,259,000","-8,358,000","-9,877,000","-22,614,000","-6,366,000","-11,671,000","-10,396,000","-4,827,000","-642,000","3,228,000","-4,324,000","-4,889,000","-13,787,000","-8,443,000","10,057,000","-19,656,000","-21,203,000","-13,057,000","-20,504,000","-19,795,000","-15,944,000","-7,363,000","-14,083,000","-11,623,000","-9,339,000","12,593,000","-17,884,000","-21,340,000","-22,335,000","-22,600,000","-20,244,000","-15,914,000","-16,474,000","-16,962,000","-22,485,000","-10,045,000","-9,718,000","-7,697,000","-4,707,000","-16,464,000","-17,234,000","-6,096,000","4,452,000","-3,581,000","-5,906,000","-9,600,000","-6,100,000","-10,300,000","-11,200,000","-5,500,000","0","-14,200,000","-12,100,000","-11,800,000","-3,700,000","-10,500,000","-9,800,000","-11,700,000","-7,600,000","-9,100,000","-4,800,000","-7,400,000","-8,200,000","-6,500,000","-6,600,000","-11,200,000","-5,000,000","-4,800,000","-7,700,000","-4,400,000","-4,400,000","-4,600,000","-5,100,000","-6,800,000","-4,300,000","-3,700,000","-4,700,000","-4,800,000","-2,000,000","-2,400,000","-1,400,000","-6,000,000","500,000","500,000","500,000"
TaxRateForCalcs,"0.4","0.4","0.001","0.016","0.27","0.27","0.27","0.27","0.01","0.053","0.144","0.27","0.27","0.255","0.27","0.27","0.27","0.27","0.4","0.4","0.4","0","0.102","0.4","0.004","0.4","0.4","0","0.022","0.045","0.35","0.35","0.35","0.068","0.35","0.174","0.104","0.037","0.35","0.018","0","0.35","0","0","0.35","0.35","0.35","0","0","0","0.35","0.33","0.35","0.35","0.35","0.35","0.35","0.35","0.35","0.35","0.35","0.35","0.4","0.4","0.4","0.4","0.4","0.4","0.4","0.4","0.4","0.4","0.4","0.4","0.4","0.4","0.4","0.4","0.4","0.4","0.4","0.4","0.4","0.4","0.4","0.4","0.4","0.4","0.4","0.4","0.4","0.4","0.4","0.4","0.4","0.4","0.4","0.4","0.4","0.4","0.4","0.4","0.4","0.4","0.4","0.4","0.4","0.4","0.4","0.4","0.4","0.4","0.4","0.4","0.4","0.4","0.4","0.4","0.4","0.4","0.4","0.4","0.4","0.4","0.4","0.4",,,,
TaxEffectOfUnusualItems,"-3,622,000","-1,852,800","10,812.383","60,612.548","-4,436,910","146,610","2,826,090","1,968,030","187,365.454","553,291.2","-1,248,960.279","3,546,720","3,708,450","3,096,210","3,098,520","2,690,010","1,386,180","974,700","120,400","-1,951,200","986,000","0","-246,776.13","395,600","5,932.208","582,800","492,400","0","19,878.201","38,084.371","-2,461,200","424,550","143,850","71,489.57","346,500","106,257.333","149,257.009","52,866.359","1,151,500","-87,824.227","0","5,950","0","0","11,900","-111,300","-749,350","0","0","0","142,800","512,329.897","1,501,500","767,200","0","0","614,600","1,734,600","0","0","-1,400","105,700","-1,503,200","784,400","991,200","-14,400","-668,000","636,000","-260,000","-2,833,600","-12,785,600","-1,798,400","0","0","448,000","470,800","-721,200","-975,200","2,835,600","1,990,400","-917,600","0","0","0","0","0","-1,566,400","-1,698,400","-1,837,600","-2,041,200","-1,160,000","-800,000","-680,000","280,000","-1,720,000","400,000","480,000","440,000","520,000","440,000","320,000","360,000","800,000","360,000","400,000","0","480,000","320,000","200,000","200,000","0","0","0","1,280,000","0","0","0","0","0","0","0","0","0","0","120,000","80,000",,,,