name,ttm,03/31/2022,12/31/2021,09/30/2021,06/30/2021,03/31/2021,12/31/2020,09/30/2020,06/30/2020,03/31/2020,12/31/2019,09/30/2019,06/30/2019,03/31/2019,12/31/2018,09/30/2018,06/30/2018,03/31/2018,12/31/2017,09/30/2017,06/30/2017,03/31/2017,12/31/2016,09/30/2016,06/30/2016,03/31/2016,12/31/2015,09/30/2015,06/30/2015,03/31/2015,12/31/2014,09/30/2014,06/30/2014,03/31/2014,12/31/2013,09/30/2013,06/30/2013,03/31/2013,12/31/2012,09/30/2012,06/30/2012,03/31/2012,12/31/2011,09/30/2011,06/30/2011,03/31/2011,12/31/2010,09/30/2010,06/30/2010,03/31/2010,12/31/2009,09/30/2009,06/30/2009,03/31/2009,12/31/2008,09/30/2008,06/30/2008,03/31/2008,12/31/2007,09/30/2007,06/30/2007,03/31/2007,12/31/2006,09/30/2006,06/30/2006,03/31/2006,12/31/2005,09/30/2005
TotalRevenue,"1,553,695,000","291,969,000","455,448,000","440,682,000","365,596,000","303,261,000","544,827,000","413,145,000","279,883,000","192,535,000","426,778,000","289,399,000","260,172,000","237,661,000","384,665,000","264,534,000","226,317,000","217,068,000","326,897,000","205,399,000","183,148,000","168,467,000","212,494,000","168,610,000","148,696,000","130,804,000","206,420,000","143,609,000","148,788,000","117,961,000","159,342,000","143,497,000","139,803,000","114,204,000","126,343,000","124,501,000","130,362,000","106,195,000","100,694,000","126,298,000","111,445,000","97,807,000","130,768,000","120,373,000","108,082,000","106,277,000","113,995,000","94,223,000","97,804,000","94,930,000","101,722,000","78,619,000","61,340,000","56,936,000","90,702,000","92,415,000","67,202,000","57,302,000","98,740,000","63,840,000","47,014,000","39,487,000","61,138,000","55,047,000","34,561,000","38,209,000","46,491,806","31,825,398"
	OperatingRevenue,"1,553,695,000","291,969,000","455,448,000","440,682,000","365,596,000","303,261,000","544,827,000","413,145,000","279,883,000","192,535,000","426,778,000","289,399,000","260,172,000","237,661,000","384,665,000","264,534,000","226,317,000","217,068,000","326,897,000","205,399,000","183,148,000","168,467,000","212,494,000","168,610,000","148,696,000","130,804,000","206,420,000","143,609,000","148,788,000","117,961,000","159,342,000","143,497,000","139,803,000","114,204,000","126,343,000","124,501,000","130,362,000","106,195,000","100,694,000","126,298,000","111,445,000","97,807,000","130,768,000","120,373,000","108,082,000","106,277,000","113,995,000","94,223,000","97,804,000","94,930,000","101,722,000","78,619,000","61,340,000","56,936,000","90,702,000","92,415,000","67,202,000","57,302,000","98,740,000","63,840,000","47,014,000","39,487,000","61,138,000","55,047,000","34,561,000","38,209,000","46,491,806","31,825,398"
CostOfRevenue,"1,018,825,000","184,454,000","329,823,000","277,928,000","226,620,000","180,317,000","329,406,000","214,304,000","101,871,000","114,580,000","257,408,000","152,558,000","142,002,000","118,115,000","198,154,000","129,328,000","108,391,000","101,283,000","173,355,000","103,016,000","93,257,000","81,124,000","105,852,000","87,550,000","79,044,000","68,843,000","111,093,000","73,751,000","78,755,000","64,253,000","83,007,000","75,608,000","77,682,000","62,494,000","67,382,000","70,440,000","68,757,000","59,668,000","59,340,000","71,396,000","61,998,000","63,794,000","74,683,000","70,330,000","65,546,000","62,823,000","68,507,000","60,966,000","63,834,000","62,213,000","67,336,000","54,424,000","44,931,000","40,730,000","57,989,000","63,485,000","50,734,000","41,942,000","62,606,000","43,728,000","31,790,000","28,370,000","38,356,000","32,064,000","22,784,000","26,016,000","30,053,565","21,414,812"
GrossProfit,"534,870,000","107,515,000","125,625,000","162,754,000","138,976,000","122,944,000","215,421,000","198,841,000","178,012,000","77,955,000","169,370,000","136,841,000","118,170,000","119,546,000","186,511,000","135,206,000","117,926,000","115,785,000","153,542,000","102,383,000","89,891,000","87,343,000","106,642,000","81,060,000","69,652,000","61,961,000","95,327,000","69,858,000","70,033,000","53,708,000","76,335,000","67,889,000","62,121,000","51,710,000","58,961,000","54,061,000","61,605,000","46,527,000","41,354,000","54,902,000","49,447,000","34,013,000","56,085,000","50,043,000","42,536,000","43,454,000","45,488,000","33,257,000","33,970,000","32,717,000","34,386,000","24,195,000","16,409,000","16,206,000","32,713,000","28,930,000","16,468,000","15,360,000","36,134,000","20,112,000","15,224,000","11,117,000","22,782,000","22,983,000","11,777,000","12,193,000","16,438,241","10,410,586"
OperatingExpense,"565,646,000","130,802,000","170,570,000","122,256,000","142,018,000","116,555,000","200,151,000","117,847,000","107,729,000","98,180,000","152,820,000","94,286,000","112,920,000","97,283,000","156,724,000","97,931,000","104,571,000","90,380,000","130,470,000","78,491,000","85,803,000","65,705,000","87,923,000","53,609,000","63,794,000","56,432,000","72,331,000","51,202,000","58,966,000","45,809,000","63,567,000","45,195,000","52,446,000","43,730,000","54,248,000","43,024,000","53,701,000","37,563,000","50,229,000","32,168,000","38,811,000","33,336,000","41,012,000","34,463,000","31,010,000","32,310,000","37,935,000","25,823,000","25,585,000","22,619,000","25,791,000","20,093,000","20,201,000","19,674,000","22,494,000","23,040,000","25,529,000","22,209,000","24,516,000","22,313,000","20,875,000","17,532,000","25,480,000","13,720,000","14,481,000","16,016,000","16,744,354","9,605,215"
	SellingGeneralAndAdministration,"402,371,000","87,763,000","129,729,000","81,743,000","103,136,000","74,430,000","155,182,000","78,978,000","70,918,000","61,167,000","115,278,000","60,629,000","77,001,000","61,743,000","119,013,000","62,359,000","69,378,000","57,162,000","97,400,000","49,648,000","59,636,000","40,197,000","66,062,000","33,937,000","45,250,000","36,704,000","52,146,000","33,080,000","40,234,000","26,777,000","45,681,000","27,852,000","35,201,000","26,796,000","36,216,000","27,812,000","37,704,000","23,155,000","39,811,000","23,762,000","29,144,000","24,612,000","30,337,000","25,515,000","22,864,000","23,581,000","29,501,000","19,638,000","19,894,000","18,120,000","21,677,000","16,934,000","16,305,000","16,096,000","18,559,000","18,100,000","20,811,000","18,236,000","18,167,000","17,574,000","16,696,000","13,376,000","19,401,000","9,375,000","10,663,000","13,233,000","13,115,662","6,846,779"
		GeneralAndAdministrativeExpense,"102,448,000","26,698,000","26,603,000","22,688,000","26,459,000","23,440,000","25,851,000","28,490,000","21,856,000","24,573,000","21,232,000","18,372,000","20,592,000","22,907,000","24,871,000","23,329,000","23,468,000","25,833,000","26,634,000","21,002,000","19,513,000","17,622,000","17,909,000","16,012,000","16,143,000","16,764,000","15,270,000","13,701,000","12,905,000","12,589,000","13,501,000","12,008,000","11,666,000","12,264,000","14,010,000","11,495,000","15,395,000","12,458,000","13,308,000","11,326,000","10,022,000","11,042,000","12,094,000","10,962,000","10,097,000","10,600,000","9,925,000","8,904,000","9,313,000","8,476,000","8,195,000","7,420,000","7,365,000","7,130,000",,,,,,,,,,,,,,
			OtherGandA,"102,448,000","26,698,000","26,603,000","22,688,000","26,459,000","23,440,000","25,851,000","28,490,000","21,856,000","24,573,000","21,232,000","18,372,000","20,592,000","22,907,000","24,871,000","23,329,000","23,468,000","25,833,000","26,634,000","21,002,000","19,513,000","17,622,000","17,909,000","16,012,000","16,143,000","16,764,000","15,270,000","13,701,000","12,905,000","12,589,000","13,501,000","12,008,000","11,666,000","12,264,000","14,010,000","11,495,000","15,395,000","12,458,000","13,308,000","11,326,000","10,022,000","11,042,000","12,094,000","10,962,000","10,097,000","10,600,000","9,925,000","8,904,000","9,313,000","8,476,000","8,195,000","7,420,000","7,365,000","7,130,000",,,,,,,,,,,,,,
		SellingAndMarketingExpense,"299,923,000","61,065,000","103,126,000","59,055,000","76,677,000","50,990,000","129,331,000","50,488,000","49,062,000","36,594,000","94,046,000","42,257,000","56,409,000","38,836,000","94,142,000","39,030,000","45,910,000","31,329,000","70,766,000","28,646,000","40,123,000","22,575,000","48,153,000","17,925,000","29,107,000","19,940,000","36,876,000","19,379,000","27,329,000","14,188,000","32,180,000","15,844,000","23,535,000","14,532,000","22,206,000","16,317,000","22,309,000","10,697,000","26,503,000","12,436,000","19,122,000","13,570,000","18,243,000","14,553,000","12,767,000","12,981,000","19,576,000","10,734,000","10,581,000","9,644,000","13,482,000","9,514,000","8,940,000","8,966,000",,,,,,,,,,,,,,
	ResearchAndDevelopment,"161,940,000","42,529,000","40,472,000","40,262,000","38,677,000","41,920,000","44,741,000","38,613,000","36,557,000","36,759,000","37,287,000","33,401,000","35,650,000","35,269,000","37,451,000","35,309,000","34,924,000","32,945,000","32,631,000","28,843,000","26,167,000","25,508,000","21,861,000","19,672,000","18,544,000","19,728,000","20,185,000","18,122,000","18,732,000","19,032,000","17,886,000","17,343,000","17,245,000","16,934,000","18,032,000","15,212,000","15,997,000","14,408,000","10,418,000","8,406,000","9,667,000","8,724,000","10,675,000","8,948,000","8,146,000","8,729,000","8,434,000","6,185,000","5,691,000","4,499,000","4,114,000","3,159,000","3,896,000","3,578,000","3,935,000","4,940,000","4,718,000","3,973,000","4,008,000","4,739,000","4,179,000","4,156,000","6,079,000","4,345,000","3,818,000","2,783,000","3,230,692","2,758,436"
	DepreciationAmortizationDepletionIncomeStatement,"1,335,000","510,000","369,000","251,000","205,000","205,000","228,000","256,000","254,000","254,000","255,000","256,000","269,000","271,000","260,000","263,000","269,000","273,000","267,000",,,,,,,,,,,,,,,,,,,,,,,,,,,,,,,,,,,,,,,,,,,,,,,,,
		DepreciationAndAmortizationInIncomeStatement,"1,335,000","510,000","369,000","251,000","205,000","205,000","228,000","256,000","254,000","254,000","255,000","256,000","269,000","271,000","260,000","263,000","269,000","273,000","267,000",,,,,,,,,,,,,,,,,,,,,,,,,,,,,,,,,,,,,,,,,,,,,,,,,
			Amortization,"1,335,000","510,000","369,000","251,000","205,000","205,000","228,000","256,000","254,000","254,000","255,000","256,000","269,000","271,000","260,000","263,000","269,000","273,000","267,000",,,,,,,,,,,,,,,,,,,,,,,,,,,,,,,,,,,,,,,,,,,,,,,,,
				AmortizationOfIntangiblesIncomeStatement,"1,335,000","510,000","369,000","251,000","205,000","205,000","228,000","256,000","254,000","254,000","255,000","256,000","269,000","271,000","260,000","263,000","269,000","273,000","267,000",,,,,,,,,,,,,,,,,,,,,,,,,,,,,,,,,,,,,,,,,,,,,,,,,
OperatingIncome,"-30,776,000","-23,287,000","-44,945,000","40,498,000","-3,042,000","6,389,000","15,270,000","80,994,000","70,283,000","-20,225,000","16,550,000","42,555,000","5,250,000","22,263,000","29,787,000","37,275,000","13,355,000","25,405,000","23,072,000","23,892,000","4,088,000","21,638,000","18,719,000","27,451,000","5,858,000","5,529,000","22,996,000","18,656,000","11,067,000","7,899,000","12,768,000","22,694,000","9,675,000","7,980,000","4,713,000","11,037,000","7,904,000","8,964,000","-8,875,000","22,734,000","10,636,000","677,000","15,073,000","15,580,000","11,526,000","11,144,000","7,553,000","7,434,000","8,385,000","10,098,000","8,595,000","4,102,000","-3,792,000","-3,468,000","10,219,000","5,890,000","-9,061,000","-6,849,000","11,618,000","-2,201,000","-5,651,000","-6,415,000","-2,698,000","9,263,000","-2,704,000","-3,823,000","-306,113","805,371"
OtherIncomeExpense,"12,798,000","-16,746,000","3,245,000","26,585,000","-286,000","-160,000","-244,000","42,240,000","-384,000","-19,000","8,502,000","900,000","1,533,000","1,280,000","437,000","337,000","1,507,000","519,000","-614,000","2,601,000","1,686,000","3,000","1,662,000","523,000","1,419,000","200,000","3,301,000","-93,000","-61,000","-794,000","-239,000","-374,000","92,000","-187,000","-154,000","152,000","-105,000","-96,000","-42,000","197,000","60,000","220,000","-40,000","-92,000","112,000","238,000","136,000","299,000","40,000","29,000","15,000","112,000","91,000","-299,000","9,000","180,000","242,000","495,000","-1,853,000","845,000","887,000","931,000","984,000","978,000","949,000","920,000","6,919","90,360"
	SpecialIncomeCharges,,,,,,,,,,,,,,,,,,,,,,,,,,,,,,,,,,,,,,,,"197,000","60,000","220,000","-40,000","-92,000","112,000","238,000","136,000","299,000","40,000","29,000","15,000","112,000","91,000","-299,000","9,000","180,000","242,000","495,000","-1,853,000","845,000","887,000","931,000","984,000","978,000","949,000","920,000","6,919","90,360"
	OtherNonOperatingIncomeExpenses,"12,798,000","-16,746,000","3,245,000","26,585,000","-286,000","-160,000","-244,000","42,240,000","-384,000","-19,000","8,502,000","900,000","1,533,000","1,280,000","437,000","337,000","1,507,000","519,000","-614,000","2,601,000","1,686,000","3,000","1,662,000","523,000","1,419,000","200,000","3,301,000","-93,000","-61,000","-794,000","-239,000","-374,000","92,000","-187,000","-154,000","152,000","-105,000","-96,000","-42,000",,,,,,,,,,,,,,,,,,,,,,,,,,,,,
PretaxIncome,"-17,978,000","-40,033,000","-41,700,000","67,083,000","-3,328,000","6,229,000","15,026,000","123,234,000","69,899,000","-20,244,000","25,052,000","43,455,000","6,783,000","23,543,000","30,224,000","37,612,000","14,862,000","25,924,000","22,458,000","26,493,000","5,774,000","21,641,000","20,381,000","27,974,000","7,277,000","5,729,000","26,297,000","18,563,000","11,006,000","7,105,000","12,529,000","22,320,000","9,767,000","7,793,000","4,559,000","11,189,000","7,799,000","8,868,000","-8,917,000","22,931,000","10,696,000","897,000","15,033,000","15,488,000","11,638,000","11,382,000","7,689,000","7,733,000","8,425,000","10,127,000","8,610,000","4,214,000","-3,701,000","-3,767,000","10,228,000","6,070,000","-8,819,000","-6,354,000","12,106,000","-1,356,000","-4,764,000","-5,484,000","-1,714,000","10,241,000","-1,755,000","2,903,000","98,806","895,731"
TaxProvision,"-10,519,000","-9,627,000","-10,189,000","9,867,000","-570,000","-1,214,000","1,691,000","29,982,000","11,283,000","-2,109,000","5,011,000","7,923,000","-424,000","1,023,000","5,033,000","5,683,000","4,391,000","5,523,000","17,837,000","4,411,000","-2,129,000","5,282,000","6,700,000","8,462,000","2,463,000","1,797,000","6,966,000","5,770,000","3,754,000","2,351,000","3,143,000","7,713,000","1,237,000","2,513,000","1,371,000","3,385,000","-495,000","513,000","-2,979,000","7,724,000","3,321,000","244,000","4,395,000","1,436,000","3,614,000","3,905,000","689,000","701,000","3,111,000","3,959,000","3,478,000","1,620,000","-1,092,000","-1,980,000","4,806,000","2,218,000","-4,306,000","-2,349,000","-8,609,000","22,000","12,000","17,000","69,000","199,000","22,000","14,000","83,976","30,675"
NetIncomeCommonStockholders,"-7,459,000","-30,406,000","-31,511,000","57,216,000","-2,758,000","7,443,000","13,335,000","93,252,000","58,616,000","-18,135,000","20,041,000","35,532,000","7,207,000","22,520,000","25,191,000","31,929,000","10,471,000","20,401,000","4,621,000","22,082,000","7,903,000","16,359,000","13,681,000","19,512,000","4,814,000","3,932,000","19,331,000","12,793,000","7,252,000","4,754,000","9,386,000","14,607,000","8,530,000","5,280,000","3,188,000","7,804,000","8,294,000","8,355,000","-5,938,000","15,207,000","7,375,000","653,000","10,638,000","14,052,000","8,024,000","7,477,000","7,000,000","7,032,000","5,314,000","6,168,000","5,132,000","2,594,000","-2,609,000","-1,787,000","5,422,000","3,852,000","-4,513,000","-4,005,000","20,715,000","-1,378,000","-4,776,000","-5,501,000","-1,783,000","10,042,000","-1,777,000","-2,917,000","14,830","865,057"
	NetIncome,"-7,459,000","-30,406,000","-31,511,000","57,216,000","-2,758,000","7,443,000","13,335,000","93,252,000","58,616,000","-18,135,000","20,041,000","35,532,000","7,207,000","22,520,000","25,191,000","31,929,000","10,471,000","20,401,000","4,621,000","22,082,000","7,903,000","16,359,000","13,681,000","19,512,000","4,814,000","3,932,000","19,331,000","12,793,000","7,252,000","4,754,000","9,386,000","14,607,000","8,530,000","5,280,000","3,188,000","7,804,000","8,294,000","8,355,000","-5,938,000","15,207,000","7,375,000","653,000","10,638,000","14,052,000","8,024,000","7,477,000","7,000,000","7,032,000","5,314,000","6,168,000","5,132,000","2,594,000","-2,609,000","-1,787,000","5,422,000","3,852,000","-4,513,000","-4,005,000","20,715,000","-1,378,000","-4,776,000","-5,501,000","-1,783,000","10,042,000","-1,777,000","-2,917,000","14,830","865,057"
		NetIncomeIncludingNoncontrollingInterests,"-7,459,000","-30,406,000","-31,511,000","57,216,000","-2,758,000","7,443,000","13,335,000","93,252,000","58,616,000","-18,135,000","20,041,000","35,532,000","7,207,000","22,520,000","25,191,000","31,929,000","10,471,000","20,401,000","4,621,000","22,082,000","7,903,000","16,359,000","13,681,000","19,512,000","4,814,000","3,932,000","19,331,000","12,793,000","7,252,000","4,754,000","9,386,000","14,607,000","8,530,000","5,280,000","3,188,000","7,804,000","8,294,000","8,355,000","-5,938,000","15,207,000","7,375,000","653,000","10,638,000","14,052,000","8,024,000","7,477,000","7,000,000","7,032,000","5,314,000","6,168,000","5,132,000","2,594,000","-2,609,000","-1,787,000","5,422,000","3,852,000","-4,513,000","-4,005,000","20,715,000","-1,378,000","-4,776,000","-5,501,000","-1,783,000","10,042,000","-1,777,000","-2,917,000","14,830","865,057"
			NetIncomeContinuousOperations,"-7,459,000","-30,406,000","-31,511,000","57,216,000","-2,758,000","7,443,000","13,335,000","93,252,000","58,616,000","-18,135,000","20,041,000","35,532,000","7,207,000","22,520,000","25,191,000","31,929,000","10,471,000","20,401,000","4,621,000","22,082,000","7,903,000","16,359,000","13,681,000","19,512,000","4,814,000","3,932,000","19,331,000","12,793,000","7,252,000","4,754,000","9,386,000","14,607,000","8,530,000","5,280,000","3,188,000","7,804,000","8,294,000","8,355,000","-5,938,000","15,207,000","7,375,000","653,000","10,638,000","14,052,000","8,024,000","7,477,000","7,000,000","7,032,000","5,314,000","6,168,000","5,132,000","2,594,000","-2,609,000","-1,787,000","5,422,000","3,852,000","-4,513,000","-4,005,000","20,715,000","-1,378,000","-4,776,000","-5,501,000","-1,783,000","10,042,000","-1,777,000","-2,917,000","14,830","865,057"
DilutedNIAvailtoComStockholders,"-7,459,000","-30,406,000","-31,511,000","57,216,000","-2,758,000","7,443,000","13,335,000","93,252,000","58,616,000","-18,135,000","20,041,000","35,532,000","7,207,000","22,520,000","25,191,000","31,929,000","10,471,000","20,401,000","4,621,000","22,082,000","7,903,000","16,359,000","13,681,000","19,512,000","4,814,000","3,932,000","19,331,000","12,793,000","7,252,000","4,754,000","9,386,000","14,607,000","8,530,000","5,280,000","3,188,000","7,804,000","8,294,000","8,355,000","-5,938,000","15,207,000","7,375,000","653,000","10,638,000","14,052,000","8,024,000","7,477,000","7,000,000","7,032,000","5,314,000","6,168,000","5,132,000","2,594,000","-2,609,000","-1,787,000","5,422,000","3,852,000","-4,513,000","-4,005,000","20,715,000","-1,378,000","-4,776,000","-5,501,000","-1,783,000","10,042,000","-1,777,000","-2,917,000","14,830","865,057"
BasicEPS,,"-1.12","-1.17","2.09","-0.1","0.26","0.47","3.33","2.1","-0.64","0.71","1.26","0.26","0.81","0.91","1.16","0.38","0.73","0.17","0.8","0.29","0.6","0.5","0.72","0.18","0.14","0.66","0.43","0.24","0.16","0.32","0.49","0.29","0.18","0.11","0.27","0.29","0.3","-0.21","0.55","0.27","0.02",,"0.52","0.3","0.29",,"0.28","0.21","0.25",,"0.1","-0.1","-0.07",,"0.16","-0.18","-0.16",,"-0.06","-0.2","-0.23",,"0.43","-0.08","-0.12",,"0.043"
DilutedEPS,,"-1.12","-1.17","2.06","-0.1","0.26","0.46","3.27","2.07","-0.64","0.7","1.24","0.25","0.78","0.88","1.12","0.37","0.71","0.16","0.76","0.27","0.58","0.49","0.7","0.17","0.13","0.65","0.42","0.24","0.16","0.31","0.48","0.28","0.18","0.11","0.26","0.28","0.29","-0.21","0.54","0.26","0.02",,"0.5","0.29","0.27",,"0.27","0.2","0.24",,"0.1","-0.1","-0.07",,"0.15","-0.18","-0.16",,"-0.06","-0.2","-0.23",,"0.39","-0.08","-0.12",,"0.037"
BasicAverageShares,,"27,051,000","26,978,000","27,413,000","28,100,000","28,257,000","28,148,000","28,031,000","27,923,000","28,297,000","28,300,000","28,154,000","28,079,000","27,863,000","27,714,000","27,493,000","27,615,000","27,988,000","27,885,000","27,739,000","27,516,000","27,304,000","27,159,000","27,237,000","27,360,000","29,004,000","29,140,000","29,654,000","29,785,000","29,653,000","29,626,000","29,595,000","29,533,000","29,189,000","28,902,000","28,733,000","28,416,000","27,930,000","27,802,000","27,650,000","27,522,000","27,352,000",,"26,902,000","26,667,000","26,089,000",,"25,428,000","25,294,000","25,125,000",,"25,025,000","24,967,000","24,902,000",,"24,712,000","24,610,000","24,506,000",,"24,337,000","24,226,000","23,902,000",,"23,560,000","23,431,000","23,375,000",,"10,079,770"
DilutedAverageShares,,"27,051,000","26,978,000","27,803,000","28,100,000","29,086,000","28,763,000","28,539,000","28,280,000","28,297,000","28,563,000","28,650,000","28,763,000","28,763,000","28,579,000","28,506,000","28,337,000","28,923,000","28,792,000","28,916,000","28,778,000","28,295,000","27,823,000","27,778,000","27,836,000","29,474,000","29,602,000","30,117,000","30,268,000","30,230,000","30,240,000","30,183,000","30,129,000","30,033,000","29,712,000","29,582,000","29,226,000","28,558,000","27,802,000","28,321,000","28,182,000","28,283,000",,"27,940,000","27,911,000","27,485,000",,"26,480,000","26,375,000","26,067,000",,"25,670,000","24,967,000","24,902,000",,"25,536,000","24,610,000","24,506,000",,"24,337,000","24,226,000","23,902,000",,"25,502,000","23,431,000","23,375,000",,"12,267,972"
TotalOperatingIncomeAsReported,"-30,776,000","-23,287,000","-44,945,000","40,498,000","-3,042,000","6,389,000","15,270,000","80,994,000","70,283,000","-20,225,000","16,550,000","42,555,000","5,250,000","22,263,000","29,787,000","37,275,000","13,355,000","25,405,000","23,072,000","23,892,000","4,088,000","21,638,000","18,719,000","27,451,000","5,858,000","5,529,000","22,996,000","18,656,000","11,067,000","7,899,000","12,768,000","22,694,000","9,675,000","7,980,000","4,713,000","11,037,000","7,904,000","8,964,000","-8,875,000","22,734,000","10,636,000","677,000","15,073,000","15,580,000","11,526,000","11,144,000","7,553,000","7,434,000","8,385,000","10,098,000","8,595,000","4,102,000","-3,792,000","-3,468,000","10,219,000","5,890,000","-9,061,000","-6,849,000","11,618,000","-2,201,000","-5,651,000","-6,415,000","-2,698,000","9,263,000","-2,704,000","-3,823,000","-306,113","805,371"
TotalExpenses,"1,584,471,000","315,256,000","500,393,000","400,184,000","368,638,000","296,872,000","529,557,000","332,151,000","209,600,000","212,760,000","410,228,000","246,844,000","254,922,000","215,398,000","354,878,000","227,259,000","212,962,000","191,663,000","303,825,000","181,507,000","179,060,000","146,829,000","193,775,000","141,159,000","142,838,000","125,275,000","183,424,000","124,953,000","137,721,000","110,062,000","146,574,000","120,803,000","130,128,000","106,224,000","121,630,000","113,464,000","122,458,000","97,231,000","109,569,000","103,564,000","100,809,000","97,130,000","115,695,000","104,793,000","96,556,000","95,133,000","106,442,000","86,789,000","89,419,000","84,832,000","93,127,000","74,517,000","65,132,000","60,404,000","80,483,000","86,525,000","76,263,000","64,151,000","87,122,000","66,041,000","52,665,000","45,902,000","63,836,000","45,784,000","37,265,000","42,032,000","46,797,919","31,020,027"
NetIncomeFromContinuingAndDiscontinuedOperation,"-7,459,000","-30,406,000","-31,511,000","57,216,000","-2,758,000","7,443,000","13,335,000","93,252,000","58,616,000","-18,135,000","20,041,000","35,532,000","7,207,000","22,520,000","25,191,000","31,929,000","10,471,000","20,401,000","4,621,000","22,082,000","7,903,000","16,359,000","13,681,000","19,512,000","4,814,000","3,932,000","19,331,000","12,793,000","7,252,000","4,754,000","9,386,000","14,607,000","8,530,000","5,280,000","3,188,000","7,804,000","8,294,000","8,355,000","-5,938,000","15,207,000","7,375,000","653,000","10,638,000","14,052,000","8,024,000","7,477,000","7,000,000","7,032,000","5,314,000","6,168,000","5,132,000","2,594,000","-2,609,000","-1,787,000","5,422,000","3,852,000","-4,513,000","-4,005,000","20,715,000","-1,378,000","-4,776,000","-5,501,000","-1,783,000","10,042,000","-1,777,000","-2,917,000","14,830","865,057"
NormalizedIncome,"-7,459,000","-30,406,000","-31,511,000","57,216,000","-2,758,000","7,443,000","13,335,000","93,252,000","58,616,000","-18,135,000","20,041,000","35,532,000","7,207,000","22,520,000","25,191,000","31,929,000","10,471,000","20,401,000","4,621,000","22,082,000","7,903,000","16,359,000","13,681,000","19,512,000","4,814,000","3,932,000","19,331,000","12,793,000","7,252,000","4,754,000","9,386,000","14,607,000","8,530,000","5,280,000","3,188,000","7,804,000","8,294,000","8,355,000","-5,938,000","15,076,356.81","7,333,629.394","492,843.924","10,666,305.727","14,135,470.041","7,946,779.859","7,320,654.367","6,876,186.76","6,760,104.487","5,288,770.326","6,150,337.119","5,123,000","2,525,056.478","-2,673,149.959","-1,592,650","5,416,150","3,737,772.652","-4,670,300","-4,317,004.249","21,919,450","-1,927,250","-5,352,550","-6,106,150","-2,373,400","9,083,004.199","-2,346,400","-3,832,563.21","10,678.6","777,791.448"
EBIT,"-30,776,000","-23,287,000","-44,945,000","40,498,000","-3,042,000","6,389,000","15,270,000","80,994,000","70,283,000","-20,225,000","16,550,000","42,555,000","5,250,000","22,263,000","29,787,000","37,275,000","13,355,000","25,405,000","23,072,000","23,892,000","4,088,000","21,638,000","18,719,000","27,451,000","5,858,000","5,529,000","22,996,000","18,656,000","11,067,000","7,899,000","12,768,000","22,694,000","9,675,000","7,980,000","4,713,000","11,037,000","7,904,000","8,964,000","-8,875,000","22,734,000","10,636,000","677,000","15,073,000","15,580,000","11,526,000","11,144,000","7,553,000","7,434,000","8,385,000","10,098,000","8,595,000","4,102,000","-3,792,000","-3,468,000","10,219,000","5,890,000","-9,061,000","-6,849,000","11,618,000","-2,201,000","-5,651,000","-6,415,000","-2,698,000","9,263,000","-2,704,000","-3,823,000","-306,113","805,371"
EBITDA,"6,273,000"
ReconciledCostOfRevenue,"983,111,000","173,723,000","320,861,000","269,836,000","218,691,000","173,021,000","320,577,000","206,639,000","91,800,000","107,375,000","248,248,000","142,975,000","133,090,000","109,662,000","188,917,000","120,176,000","99,745,000","92,809,000","173,355,000","103,016,000","93,257,000","81,124,000","105,852,000","87,550,000","79,044,000","68,843,000","111,093,000","73,751,000","78,755,000","64,253,000","83,007,000","75,608,000","77,682,000","62,494,000","67,382,000","70,440,000","68,757,000","59,668,000","59,340,000","71,396,000","61,998,000","63,794,000","74,683,000","70,330,000","65,546,000","62,823,000","68,507,000","60,966,000","63,834,000","62,213,000","67,336,000","54,424,000","44,931,000","40,730,000","57,989,000","63,485,000","50,734,000","41,942,000","62,606,000","43,728,000","31,790,000","28,370,000","38,356,000","32,064,000","22,784,000","26,016,000","30,053,565","21,414,812"
ReconciledDepreciation,"37,049,000","11,241,000","9,331,000","8,343,000","8,134,000","7,501,000","9,057,000","7,921,000","10,325,000","7,459,000","9,415,000","9,839,000","9,181,000","8,724,000","9,497,000","9,415,000","8,915,000","8,747,000","10,976,000","5,708,000","5,329,000","3,486,000","3,435,000","3,442,000","3,354,000","3,375,000","4,521,000","3,558,000","3,450,000","3,561,000","3,471,000","3,258,000","3,178,000","3,142,000","3,140,000","2,480,000","3,265,000","3,284,000","3,491,000","2,868,000","2,711,000","2,602,000","3,075,000","2,597,000","2,457,000","2,183,000","1,868,000","1,918,000","1,917,000","1,838,000","1,921,000","2,289,000","1,950,000","1,914,000","1,894,000","1,844,000","1,725,000","1,566,000","1,322,000","1,530,000","1,253,000","1,206,000","3,575,000","893,000","922,000","922,000","890,324",
NetIncomeFromContinuingOperationNetMinorityInterest,"-7,459,000","-30,406,000","-31,511,000","57,216,000","-2,758,000","7,443,000","13,335,000","93,252,000","58,616,000","-18,135,000","20,041,000","35,532,000","7,207,000","22,520,000","25,191,000","31,929,000","10,471,000","20,401,000","4,621,000","22,082,000","7,903,000","16,359,000","13,681,000","19,512,000","4,814,000","3,932,000","19,331,000","12,793,000","7,252,000","4,754,000","9,386,000","14,607,000","8,530,000","5,280,000","3,188,000","7,804,000","8,294,000","8,355,000","-5,938,000","15,207,000","7,375,000","653,000","10,638,000","14,052,000","8,024,000","7,477,000","7,000,000","7,032,000","5,314,000","6,168,000","5,132,000","2,594,000","-2,609,000","-1,787,000","5,422,000","3,852,000","-4,513,000","-4,005,000","20,715,000","-1,378,000","-4,776,000","-5,501,000","-1,783,000","10,042,000","-1,777,000","-2,917,000","14,830","865,057"
TotalUnusualItemsExcludingGoodwill,,,,,,,,,,,,,,,,,,,,,,,,,,,,,,,,,,,,,,,,"197,000","60,000","220,000","-40,000","-92,000","112,000","238,000","136,000","299,000","40,000","29,000","15,000","112,000","91,000","-299,000","9,000","180,000","242,000","495,000","-1,853,000","845,000","887,000","931,000","984,000","978,000","949,000","920,000","6,919","90,360"
TotalUnusualItems,,,,,,,,,,,,,,,,,,,,,,,,,,,,,,,,,,,,,,,,"197,000","60,000","220,000","-40,000","-92,000","112,000","238,000","136,000","299,000","40,000","29,000","15,000","112,000","91,000","-299,000","9,000","180,000","242,000","495,000","-1,853,000","845,000","887,000","931,000","984,000","978,000","949,000","920,000","6,919","90,360"
NormalizedEBITDA,"6,273,000","-12,046,000","-35,614,000","48,841,000","5,092,000","13,890,000","24,327,000","88,915,000","80,608,000","-12,766,000","25,965,000","52,394,000","14,431,000","30,987,000","39,284,000","46,690,000","22,270,000","34,152,000","34,048,000","29,600,000","9,417,000","25,124,000","22,154,000","30,893,000","9,212,000","8,904,000","27,517,000","22,214,000","14,517,000","11,460,000","16,239,000","25,952,000","12,853,000","11,122,000","7,853,000","13,517,000","11,169,000","12,248,000","-5,384,000","25,405,000","13,287,000","3,059,000","18,188,000","18,269,000","13,871,000","13,089,000","9,285,000","9,053,000","10,262,000","11,907,000","10,501,000","6,279,000","-1,933,000","-1,255,000","12,104,000","7,554,000","-7,578,000","-5,778,000","14,793,000","-1,516,000","-5,285,000","-6,140,000","-107,000","9,178,000","-2,731,000","-3,821,000","577,292","715,011"
TaxRateForCalcs,"0.4","0.24","0.244","0.147","0.171","0.27","0.113","0.243","0.161","0.104","0.2","0.182","0.27","0.043","0.167","0.151","0.296","0.213","0.4","0.166","0.4","0.244","0.329","0.302","0.339","0.314","0.265","0.311","0.341","0.331","0.251","0.346","0.127","0.322","0.301","0.303","0.35","0.058","0.334","0.337","0.31","0.272","0.292","0.093","0.311","0.343","0.09","0.091","0.369","0.391","0.4","0.384","0.295","0.35","0.35","0.365","0.35","0.37","0.35","0.35","0.35","0.35","0.4","0.019","0.4","0.005","0.4","0.034"
TaxEffectOfUnusualItems,"0","0","0","0","0","0","0","0","0","0","0","0","0","0","0","0","0","0","0","0","0","0","0","0","0","0","0","0","0","0","0","0","0","0","0","0","0","0","0","66,356.81","18,629.394","59,843.924","-11,694.273","-8,529.959","34,779.859","81,654.367","12,186.76","27,104.487","14,770.326","11,337.119","6,000","43,056.478","26,850.041","-104,650","3,150","65,772.652","84,700","182,995.751","-648,550","295,750","310,450","325,850","393,600","19,004.199","379,600","4,436.79","2,767.6","3,094.448"