name,ttm,03/31/2022,12/31/2021,09/30/2021,06/30/2021,03/31/2021,12/31/2020,09/30/2020,06/30/2020,03/31/2020,12/31/2019,09/30/2019,06/30/2019,03/31/2019,12/31/2018,09/30/2018,06/30/2018,03/31/2018,12/31/2017,09/30/2017,06/30/2017,03/31/2017,12/31/2016,09/30/2016,06/30/2016,03/31/2016,12/31/2015,09/30/2015,06/30/2015,03/31/2015,12/31/2014,09/30/2014,06/30/2014,03/31/2014,12/31/2013,09/30/2013,06/30/2013,03/31/2013,12/31/2012,09/30/2012,06/30/2012,03/31/2012,12/31/2011,09/30/2011,06/30/2011,03/31/2011,12/31/2010,09/30/2010,06/30/2010,03/31/2010,12/31/2009,09/30/2009,06/30/2009,03/31/2009,12/31/2008,09/30/2008,06/30/2008,03/31/2008,12/31/2007,09/30/2007,06/30/2007,03/31/2007,12/31/2006,09/30/2006,06/30/2006,03/31/2006,12/31/2005,09/30/2005,06/30/2005,03/31/2005,12/31/2004,09/30/2004,06/30/2004,03/31/2004,12/31/2003,09/30/2003,06/30/2003,03/31/2003,12/31/2002,09/30/2002,06/30/2002,03/31/2002,12/31/2001,09/30/2001,06/30/2001,03/31/2001,12/31/2000,09/30/2000,06/30/2000,03/31/2000,12/31/1999,09/30/1999,06/30/1999,03/31/1999,12/31/1998,09/30/1998,06/30/1998,03/31/1998,12/31/1997,09/30/1997,06/30/1997,03/31/1997,12/31/1996,09/30/1996,06/30/1996,03/31/1996,12/31/1995,09/30/1995,06/30/1995,03/31/1995,12/31/1994,09/30/1994,06/30/1994,03/31/1994,12/31/1993,09/30/1993,06/30/1993,03/31/1993
TotalRevenue,"1,937,329,000","475,331,000","485,637,000","486,949,000","489,412,000","519,574,000","525,157,000","540,184,000","509,594,000","598,415,000","628,383,000","624,474,000","635,037,000","614,576,000","587,044,000","595,962,000","585,890,000","607,221,000","550,776,000","486,747,000","503,082,000","477,592,000","495,713,000","506,859,000","513,024,000","497,590,000","496,091,000","469,092,000","470,103,000","448,247,000","510,095,000","496,454,000","489,353,000","474,795,000","523,526,000","495,491,000","482,175,000","447,536,000","523,335,000","504,063,000","579,140,000","571,640,000","642,477,000","615,555,000","612,401,000","563,691,000","614,563,000","575,968,000","569,460,000","499,280,000","476,823,000","408,358,000","413,748,000","388,518,000","432,388,000","484,818,000","513,931,000","478,476,000","480,544,000","434,034,000","401,559,000","147,911,000","159,973,000","164,706,000","163,810,000","155,553,000","159,952,000","141,145,000","135,123,000","116,470,000","131,446,000","122,504,000","79,642,000","65,602,000","79,977,000","82,079,000","80,264,000","74,645,000","77,271,000","73,057,000","72,439,000","62,075,000","64,498,000","60,705,000","52,874,000","47,478,000","48,979,000","42,521,000","44,814,000","47,658,000","41,700,000","48,500,000","51,200,000","51,900,000","62,100,000","54,800,000","60,800,000","63,700,000","64,400,000","58,400,000","52,700,000","40,600,000","42,600,000","38,700,000","48,200,000","48,100,000","42,300,000","39,300,000","37,700,000","36,100,000","34,900,000","32,000,000","28,600,000","25,200,000","24,400,000","21,400,000","21,400,000","21,400,000"
	OperatingRevenue,"1,937,329,000","475,331,000","485,637,000","486,949,000","489,412,000","519,574,000","525,157,000","540,184,000","509,594,000","598,415,000","628,383,000","624,474,000","635,037,000","614,576,000","587,044,000","595,962,000","585,890,000","607,221,000","550,776,000","486,747,000","503,082,000","477,592,000","495,713,000","506,859,000","513,024,000","497,590,000","496,091,000","469,092,000","470,103,000","448,247,000","510,095,000","496,454,000","489,353,000","474,795,000","523,526,000","495,491,000","482,175,000","447,536,000","523,335,000","504,063,000","579,140,000","571,640,000","642,477,000","615,555,000","612,401,000","563,691,000","614,563,000","575,968,000","569,460,000","499,280,000","476,823,000","408,358,000","413,748,000","388,518,000","432,388,000","484,818,000","513,931,000","478,476,000","480,544,000","434,034,000","401,559,000","147,911,000","159,973,000","164,706,000","163,810,000","155,553,000","159,952,000","141,145,000","135,123,000","116,470,000","131,446,000","122,504,000","79,642,000","65,602,000","79,977,000","82,079,000","80,264,000","74,645,000","77,271,000","73,057,000","72,439,000","62,075,000","64,498,000","60,705,000","52,874,000","47,478,000","48,979,000","42,521,000","44,814,000","47,658,000","41,700,000","48,500,000","51,200,000","51,900,000","62,100,000","54,800,000","60,800,000","63,700,000","64,400,000","58,400,000","52,700,000","40,600,000","42,600,000","38,700,000","48,200,000","48,100,000","42,300,000","39,300,000","37,700,000","36,100,000","34,900,000","32,000,000","28,600,000","25,200,000","24,400,000","21,400,000","21,400,000","21,400,000"
CostOfRevenue,"1,395,980,000","340,107,000","364,350,000","351,986,000","339,537,000","352,530,000","376,324,000","396,933,000","371,077,000","426,849,000","450,945,000","428,070,000","443,823,000","427,313,000","410,254,000","398,865,000","409,313,000","427,366,000","376,025,000","321,429,000","325,222,000","320,367,000","339,050,000","336,110,000","343,319,000","334,387,000","343,142,000","322,126,000","351,532,000","310,048,000","355,308,000","345,692,000","326,312,000","320,260,000","358,788,000","345,407,000","322,587,000","307,413,000","359,835,000","332,266,000","382,395,000","388,535,000","450,870,000","439,377,000","421,318,000","379,581,000","435,750,000","391,761,000","393,136,000","340,385,000","331,539,000","278,879,000","280,639,000","258,934,000","287,260,000","321,858,000","337,721,000","315,917,000","324,106,000","289,224,000","276,845,000","86,586,000","95,762,000","97,281,000","94,778,000","88,779,000","95,098,000","80,115,000","78,384,000","65,472,000","76,392,000","73,019,000","43,384,000","35,730,000","52,167,000","42,551,000","40,910,000","37,783,000","40,489,000","38,708,000","38,588,000","34,788,000","35,498,000","33,706,000","29,777,000","28,715,000","26,358,000","22,827,000","25,033,000","25,988,000","99,200,000","26,100,000","29,900,000","28,400,000","36,900,000","34,500,000","36,800,000","38,800,000","35,400,000","32,000,000","29,600,000","23,700,000","24,200,000","21,400,000","25,100,000","24,700,000","28,300,000","19,900,000","19,600,000","18,900,000","18,300,000","16,900,000","14,600,000","12,200,000",,,,
GrossProfit,"541,349,000","135,224,000","121,287,000","134,963,000","149,875,000","167,044,000","148,833,000","143,251,000","138,517,000","171,566,000","177,438,000","196,404,000","191,214,000","187,263,000","176,790,000","197,097,000","176,577,000","179,855,000","174,751,000","165,318,000","177,860,000","157,225,000","156,663,000","170,749,000","169,705,000","163,203,000","152,949,000","146,966,000","118,571,000","138,199,000","154,787,000","150,762,000","163,041,000","154,535,000","164,738,000","150,084,000","159,588,000","140,123,000","163,500,000","171,797,000","196,745,000","183,105,000","191,607,000","176,178,000","191,083,000","184,110,000","178,813,000","184,207,000","176,324,000","158,895,000","145,284,000","129,479,000","133,109,000","129,584,000","145,128,000","162,960,000","176,210,000","162,559,000","156,438,000","144,810,000","124,714,000","61,325,000","64,211,000","67,425,000","69,032,000","66,774,000","64,854,000","61,030,000","56,739,000","50,998,000","55,054,000","49,485,000","36,258,000","29,872,000","27,810,000","39,528,000","39,354,000","36,862,000","36,782,000","34,349,000","33,851,000","27,287,000","29,000,000","26,999,000","23,097,000","18,763,000","22,621,000","19,694,000","19,781,000","21,670,000","-57,500,000","22,400,000","21,300,000","23,500,000","25,200,000","20,300,000","24,000,000","24,900,000","29,000,000","26,400,000","23,100,000","16,900,000","18,400,000","17,300,000","23,100,000","23,400,000","14,000,000","19,400,000","18,100,000","17,200,000","16,600,000","15,100,000","14,000,000","13,000,000",,,,
OperatingExpense,"529,414,000","132,550,000","137,289,000","127,671,000","131,904,000","136,692,000","118,227,000","122,389,000","129,672,000","145,444,000","149,982,000","150,373,000","153,825,000","159,178,000","153,998,000","154,755,000","161,637,000","232,438,000","128,552,000","128,632,000","135,995,000","124,131,000","118,113,000","123,660,000","135,854,000","137,392,000","134,476,000","119,763,000","126,756,000","130,107,000","150,811,000","134,246,000","138,907,000","143,495,000","137,785,000","128,193,000","138,227,000","136,763,000","145,815,000","130,884,000","142,962,000","142,695,000","142,186,000","131,934,000","141,091,000","134,021,000","141,723,000","122,827,000","124,047,000","125,445,000","129,931,000","120,473,000","121,390,000","120,635,000","124,104,000","137,627,000","140,032,000","135,272,000","124,751,000","115,519,000","112,524,000","52,025,000","54,992,000","51,549,000","51,372,000","47,786,000","48,878,000","46,852,000","46,428,000","44,835,000","52,659,000","40,356,000","31,505,000","28,529,000","27,730,000","31,270,000","31,496,000","28,256,000","34,674,000","24,950,000","9,445,000","19,362,000","20,401,000","19,755,000","18,097,000","14,965,000","17,874,000","17,237,000","17,650,000","19,871,000","23,300,000","20,700,000","22,000,000","20,700,000","21,700,000","24,000,000","23,800,000","23,200,000","24,300,000","22,600,000","22,800,000","21,100,000","21,800,000","23,400,000","19,200,000","19,100,000","10,400,000","15,900,000","14,700,000","14,100,000","13,200,000","12,000,000","11,500,000","11,100,000",,,,
	SellingGeneralAndAdministration,"300,929,000","76,401,000","78,546,000","71,838,000","74,144,000","75,992,000","61,902,000","64,982,000","69,538,000","80,498,000","82,232,000","83,666,000","88,259,000","92,715,000","90,377,000","89,556,000","88,863,000","154,414,000","79,473,000","80,447,000","87,914,000","78,714,000","71,880,000","79,278,000","84,704,000","85,836,000","90,598,000","70,335,000","75,550,000","80,612,000","95,499,000","81,026,000","83,799,000","88,016,000","80,310,000","76,310,000","84,499,000","81,811,000","89,514,000","75,656,000","84,297,000","86,426,000","84,118,000","77,249,000","83,963,000","77,979,000","84,002,000","71,907,000","74,259,000","74,594,000","74,876,000","64,275,000","66,392,000","65,999,000","68,438,000","75,451,000","77,094,000","74,989,000","71,789,000","63,180,000","61,780,000","29,164,000","31,718,000","27,639,000","28,840,000","27,603,000","27,233,000","25,333,000","25,299,000","23,205,000","24,319,000","21,246,000","18,924,000","15,987,000","15,034,000","17,101,000","17,272,000","16,210,000","17,548,000","14,345,000","13,845,000","11,518,000","11,615,000","11,168,000","10,089,000","8,860,000","9,927,000","9,458,000","9,271,000","9,635,000","11,400,000","10,100,000","10,400,000","9,400,000","9,900,000","9,700,000","10,300,000","9,600,000","11,700,000","9,700,000","10,400,000","10,000,000","10,900,000","10,300,000","9,000,000","10,300,000","500,000","6,500,000","6,700,000","6,200,000","11,400,000","10,400,000","9,900,000","9,500,000",,,,
		GeneralAndAdministrativeExpense,,,,,,,,,,,"82,232,000","83,666,000","88,259,000","92,715,000","234,950,000","42,352,000","43,415,000","102,493,000","36,466,000","39,667,000","43,161,000","37,246,000","32,034,000","40,384,000","45,328,000","45,069,000","52,520,000","31,118,000","32,492,000","39,585,000","48,472,000","36,542,000","37,680,000","40,407,000","38,387,000","32,260,000","38,317,000","33,595,000","37,527,000","30,743,000","33,450,000","36,570,000","36,851,000","32,212,000","35,118,000","33,331,000","36,034,000","30,710,000","33,285,000","33,057,000","35,040,000","26,606,000","28,467,000","29,024,000",,,,,,,,,,,,,,,,,,,,,,,,,,,,,,,,,,,,,,,,,,,,,,,,,,,,,,,,,,,,,,,,
			OtherGandA,,,,,,,,,,,"82,232,000","83,666,000","88,259,000","92,715,000","234,950,000","42,352,000","43,415,000","102,493,000","36,466,000","39,667,000","43,161,000","37,246,000","32,034,000","40,384,000","45,328,000","45,069,000","52,520,000","31,118,000","32,492,000","39,585,000","48,472,000","36,542,000","37,680,000","40,407,000","38,387,000","32,260,000","38,317,000","33,595,000","37,527,000","30,743,000","33,450,000","36,570,000","36,851,000","32,212,000","35,118,000","33,331,000","36,034,000","30,710,000","33,285,000","33,057,000","35,040,000","26,606,000","28,467,000","29,024,000",,,,,,,,,,,,,,,,,,,,,,,,,,,,,,,,,,,,,,,,,,,,,,,,,,,,,,,,,,,,,,,,
		SellingAndMarketingExpense,,,,,,,,,,,,,,,,"47,204,000","45,448,000","51,921,000","43,007,000","40,780,000","44,753,000","41,468,000","39,846,000","38,894,000","39,376,000","40,767,000","38,078,000","39,217,000","43,058,000","41,027,000","47,027,000","44,484,000","46,119,000","47,609,000","41,923,000","44,050,000","46,182,000","48,216,000","51,987,000","44,913,000","50,847,000","49,856,000","47,267,000","45,037,000","48,845,000","44,648,000","47,968,000","41,197,000","40,974,000","41,537,000","39,836,000","37,669,000","37,925,000","36,975,000",,,,,,,,,,,,,,,,,,,,,,,,,,,,,,,,,,,,,,,,,,,,,,,,,,,,,,,,,,,,,,,,
	ResearchAndDevelopment,"195,104,000","49,596,000","49,856,000","46,889,000","48,763,000","51,727,000","45,102,000","46,224,000","48,994,000","53,781,000","51,649,000","50,612,000","49,449,000","50,490,000","45,607,000","47,239,000","54,775,000","60,284,000","43,438,000","42,560,000","43,111,000","40,868,000","40,123,000","39,386,000","43,354,000","45,346,000","35,935,000","41,559,000","43,318,000","41,522,000","44,789,000","42,303,000","43,999,000","44,409,000","46,835,000","41,495,000","43,481,000","44,208,000","44,358,000","43,299,000","46,640,000","44,356,000","42,481,000","38,672,000","40,931,000","40,445,000","40,129,000","34,038,000","33,022,000","33,040,000","29,270,000","31,077,000","30,809,000","31,158,000","28,416,000","31,781,000","31,471,000","29,031,000","27,089,000","26,495,000","25,521,000","15,821,000","15,358,000","15,626,000","14,920,000","12,870,000","11,942,000","11,807,000","11,414,000","11,914,000","11,710,000","11,893,000","10,554,000","10,515,000","10,122,000","11,278,000","11,459,000","10,158,000","8,922,000","9,963,000","10,388,000","7,507,000","8,409,000","8,210,000","7,642,000","5,739,000","5,217,000","4,632,000","5,306,000","6,176,000","7,300,000","6,000,000","7,000,000","6,600,000","7,100,000","8,400,000","8,900,000","8,900,000","8,700,000","8,100,000","8,100,000","7,300,000","7,900,000","10,300,000","7,700,000","6,600,000","7,600,000","7,300,000","6,100,000","6,100,000",,,,,,,,
	DepreciationAmortizationDepletionIncomeStatement,"33,381,000","6,553,000","8,887,000","8,944,000","8,997,000","8,973,000","11,223,000","11,183,000","11,140,000","11,165,000","16,101,000","16,095,000","16,117,000","15,973,000","18,014,000","17,960,000","17,999,000","17,740,000","5,641,000","5,625,000","4,970,000","4,549,000","6,110,000","4,996,000","7,796,000","6,210,000","7,943,000","7,869,000","7,888,000","7,973,000","10,523,000","10,917,000","11,109,000","11,070,000","10,640,000","10,388,000","10,247,000","10,744,000","11,943,000","11,929,000","12,025,000","11,913,000","15,587,000","16,013,000","16,197,000","15,597,000","17,592,000","16,882,000","16,766,000","17,811,000","25,785,000","25,121,000","24,189,000","23,478,000","27,250,000","30,395,000","31,467,000","31,252,000","25,873,000","25,864,000","25,223,000","7,040,000","7,916,000","8,284,000","7,612,000","7,313,000","9,703,000","9,712,000","9,715,000","9,716,000","16,630,000","7,217,000","2,027,000","2,027,000","2,574,000","2,391,000","2,765,000","1,888,000","804,000","642,000","573,000","337,000","377,000","377,000","366,000","366,000","2,730,000","3,147,000","3,073,000","4,060,000","4,600,000","4,600,000","4,600,000","4,700,000","4,700,000","5,900,000","4,600,000","4,700,000","3,900,000","4,800,000","4,300,000","3,800,000","3,000,000","2,800,000","2,500,000","2,200,000","2,300,000","2,100,000","1,900,000","1,800,000","1,800,000","1,600,000","1,600,000","1,600,000",,,,
		DepreciationAndAmortizationInIncomeStatement,"33,381,000","6,553,000","8,887,000","8,944,000","8,997,000","8,973,000","11,223,000","11,183,000","11,140,000","11,165,000","16,101,000","16,095,000","16,117,000","15,973,000","18,014,000","17,960,000","17,999,000","17,740,000","5,641,000","5,625,000","4,970,000","4,549,000","6,110,000","4,996,000","7,796,000","6,210,000","7,943,000","7,869,000","7,888,000","7,973,000","10,523,000","10,917,000","11,109,000","11,070,000","10,640,000","10,388,000","10,247,000","10,744,000","11,943,000","11,929,000","12,025,000","11,913,000","15,587,000","16,013,000","16,197,000","15,597,000","17,592,000","16,882,000","16,766,000","17,811,000","25,785,000","25,121,000","24,189,000","23,478,000","27,250,000","30,395,000","31,467,000","31,252,000","25,873,000","25,864,000","25,223,000","7,040,000","7,916,000","8,284,000","7,612,000","7,313,000","9,703,000","9,712,000","9,715,000","9,716,000","16,630,000","7,217,000","2,027,000","2,027,000","2,574,000","2,391,000","2,765,000","1,888,000","804,000","642,000","573,000","337,000","377,000","377,000","366,000","366,000","2,730,000","3,147,000","3,073,000","4,060,000","4,600,000","4,600,000","4,600,000","4,700,000","4,700,000","5,900,000","4,600,000","4,700,000","3,900,000","4,800,000","4,300,000","3,800,000","3,000,000","2,800,000","2,500,000","2,200,000","2,300,000","2,100,000","1,900,000","1,800,000","1,800,000","1,600,000","1,600,000","1,600,000",,,,
			Amortization,"33,381,000","6,553,000","8,887,000","8,944,000","8,997,000","8,973,000","11,223,000","11,183,000","11,140,000","11,165,000","16,101,000","16,095,000","16,117,000","15,973,000","18,014,000","17,960,000","17,999,000","17,740,000","5,641,000","5,625,000","4,970,000","4,549,000","6,110,000","4,996,000","7,796,000","6,210,000","7,943,000","7,869,000","7,888,000","7,973,000","10,523,000","10,917,000","11,109,000","11,070,000","10,640,000","10,388,000","10,247,000","10,744,000","11,943,000","11,929,000","12,025,000","11,913,000","15,587,000","16,013,000","16,197,000","15,597,000","17,592,000","16,882,000","16,766,000","17,811,000","25,785,000","25,121,000","24,189,000","23,478,000","27,250,000","30,395,000","31,467,000","31,252,000","25,873,000","25,864,000","25,223,000","7,040,000","7,916,000","8,284,000","7,612,000","7,313,000","9,703,000","9,712,000","9,715,000","9,716,000","16,630,000","7,217,000","2,027,000","2,027,000","2,574,000","2,391,000","2,765,000","1,888,000","804,000","642,000","573,000","337,000","377,000","377,000","366,000","366,000",,,,,,,,,,,,,,,,,,,,,,,,,,,,,,,,
				AmortizationOfIntangiblesIncomeStatement,"33,381,000","6,553,000","8,887,000","8,944,000","8,997,000","8,973,000","11,223,000","11,183,000","11,140,000","11,165,000","16,101,000","16,095,000","16,117,000","15,973,000","18,014,000","17,960,000","17,999,000","17,740,000","5,641,000","5,625,000","4,970,000","4,549,000","6,110,000","4,996,000","7,796,000","6,210,000","7,943,000","7,869,000","7,888,000","7,973,000","10,523,000","10,917,000","11,109,000","11,070,000","10,640,000","10,388,000","10,247,000","10,744,000","11,943,000","11,929,000","12,025,000","11,913,000","15,587,000","16,013,000","16,197,000","15,597,000","17,592,000","16,882,000","16,766,000","17,811,000","25,785,000","25,121,000","24,189,000","23,478,000","27,250,000","30,395,000","31,467,000","31,252,000","25,873,000","25,864,000","25,223,000","7,040,000","7,916,000","8,284,000","7,612,000","7,313,000","9,703,000","9,712,000","9,715,000","9,716,000","16,630,000","7,217,000","2,027,000","2,027,000","2,574,000","2,391,000","2,765,000","1,888,000","804,000","642,000","573,000","337,000","377,000","377,000","366,000","366,000",,,,,,,,,,,,,,,,,,,,,,,,,,,,,,,,
	OtherOperatingExpenses,,,,,,,,,,,,,,,,,,,,,,,,,,,,,,,,,,,,,,,,,,,,,,,,,,,,,,,,,,,,"-20,000",,,,,,,,,,,,,,,"0","500,000",,,,,"-15,361,000",,,,,,,,,,,,,,,,,,,,,,,,,,,,,,,,,,,,,
OperatingIncome,"11,935,000","2,674,000","-16,002,000","7,292,000","17,971,000","30,352,000","30,606,000","20,862,000","8,845,000","26,122,000","27,456,000","46,031,000","37,389,000","28,085,000","22,792,000","42,342,000","14,940,000","-52,583,000","46,199,000","36,686,000","41,865,000","33,094,000","38,550,000","47,089,000","33,851,000","25,811,000","18,473,000","27,203,000","-8,185,000","8,092,000","3,976,000","16,516,000","24,134,000","11,040,000","26,953,000","21,891,000","21,361,000","3,360,000","17,685,000","40,913,000","53,783,000","40,410,000","49,421,000","44,244,000","49,992,000","50,089,000","37,090,000","61,380,000","52,277,000","33,450,000","15,353,000","9,006,000","11,719,000","8,949,000","21,024,000","25,333,000","36,178,000","27,287,000","31,687,000","29,291,000","12,190,000","9,300,000","9,219,000","15,876,000","17,660,000","18,988,000","15,976,000","14,178,000","10,311,000","6,163,000","2,395,000","9,129,000","4,753,000","1,343,000","80,000","8,258,000","7,858,000","8,606,000","2,108,000","9,399,000","24,406,000","7,925,000","8,599,000","7,244,000","5,000,000","3,798,000","4,747,000","2,457,000","2,131,000","1,799,000","-80,800,000","1,700,000","-700,000","2,800,000","3,500,000","-3,700,000","200,000","1,700,000","4,700,000","3,800,000","300,000","-4,200,000","-3,400,000","-6,100,000","3,900,000","4,300,000","3,600,000","3,500,000","3,400,000","3,100,000","3,400,000","3,100,000","2,500,000","1,900,000","-54,100,000","21,400,000","21,400,000","21,400,000"
NetNonOperatingInterestIncomeExpense,"-18,523,000","-1,375,000","-1,300,000","-2,276,000","-13,572,000","-9,933,000","-9,397,000","-10,456,000","-10,426,000","-10,724,000","-12,084,000","-12,351,000","-12,962,000","-13,207,000","-13,455,000","-13,740,000","-14,012,000","-14,843,000","-2,475,000","-2,169,000","-2,406,000","-2,405,000","-2,333,000","-2,589,000","-2,514,000","-2,647,000","-2,632,000","-2,619,000","-3,642,000","-2,635,000","-2,584,000","-2,852,000","-2,860,000","-2,812,000","-2,946,000","-2,701,000","-2,142,000","-1,277,000","-2,236,000","-2,254,000","-2,429,000","-2,244,000","-2,233,000","-10,641,000","-11,252,000","-11,806,000","-12,540,000","-13,162,000","-13,854,000","-14,756,000","-16,777,000","-20,030,000","-15,918,000","-16,310,000",,,,,,,,,,,,,,,,,,,,,,,,,,,,,,,,,,,,,,,,,,,,,,,,,,,,,,,,,,,,,,,,
	InterestIncomeNonOperating,"1,232,000","217,000","231,000","352,000","432,000","542,000","833,000","354,000","1,258,000","553,000","470,000","517,000","534,000","328,000","428,000","431,000","633,000","661,000","658,000","729,000","470,000","269,000","271,000","102,000","221,000","271,000","321,000","180,000","213,000","47,000","181,000","163,000","53,000","97,000","219,000","146,000","194,000","1,061,000","285,000","297,000","177,000","193,000","231,000","155,000","168,000","308,000","148,000","166,000","111,000","167,000","215,000","45,000","481,000","535,000",,,,,,,,,,,,,,,,,,,,,,,,,,,,,,,,,,,,,,,,,,,,,,,,,,,,,,,,,,,,,,,,
	InterestExpenseNonOperating,"19,755,000","1,592,000","1,531,000","2,628,000","14,004,000","10,475,000","10,230,000","10,810,000","11,684,000","11,277,000","12,554,000","12,868,000","13,496,000","13,535,000","13,883,000","14,171,000","14,645,000","15,504,000","3,133,000","2,898,000","2,876,000","2,674,000","2,604,000","2,691,000","2,735,000","2,918,000","2,953,000","2,799,000","3,855,000","2,682,000","2,765,000","3,015,000","2,913,000","2,909,000","3,165,000","2,847,000","2,336,000","2,338,000","2,521,000","2,551,000","2,606,000","2,437,000","2,464,000","10,796,000","11,420,000","12,114,000","12,688,000","13,328,000","13,965,000","14,923,000","16,992,000","20,075,000","16,399,000","16,845,000",,,,,,,,,,,,,,,,,,,,,,,,,,,,,,,,,,,,,,,,,,,,,,,,,,,,,,,,,,,,,,,,
OtherIncomeExpense,"-130,708,000","3,456,000","-92,214,000","-4,890,000","-37,060,000","-2,178,000","169,000","-47,449,000","-56,105,000","1,314,000","-1,177,000","-9,351,000","4,109,000","-8,906,000","4,914,000","-3,100,000","6,626,000","-89,032,000","729,000","-1,023,000","-7,892,000","-5,628,000","-8,223,000","-39,972,000","1,358,000","-3,754,000","-3,636,000","-1,115,000","2,327,000","5,471,000","-55,259,000","-1,627,000","6,418,000","-8,999,000","-177,259,000","-28,537,000","-5,127,000","-1,830,000","270,000","3,785,000","-8,499,000","-2,965,000","-112,918,000","-544,643,000","-4,384,000","-1,596,000","-3,701,000","-4,423,000","-425,000","-592,000","269,000","-7,084,000","-2,877,000","-12,374,000","-1,046,000","-281,000","-1,845,000","188,000","-5,788,000","-1,142,000","-30,118,000","1,508,000","-344,000","-187,000","-241,000","-448,000","-88,000","-535,000","454,000","-289,000","-9,568,000","-1,310,000","-1,053,000","-2,116,000","-1,900,000","68,000","-74,000","-3,018,000","-9,041,000","51,000","250,000","-7,404,000","-89,000","-74,000","743,000","23,000","-163,000","135,000","249,000","1,033,000","-7,000,000","-8,900,000","-100,000","-1,300,000","-700,000","-4,100,000","-200,000",,,,,,,"-300,000",,"300,000","200,000","500,000","600,000","400,000","200,000","200,000","200,000","300,000",,,,
	EarningsFromEquityInterest,,,,,,,,,,,,,,,,,,,,,,,,,,,,,,,,,,,,,,,,,,,,,,,,,,,,,,,,,,,,,,,,,,,,,,,,"13,000","8,000","-8,000","-83,000","110,000","30,000","22,000","29,000","51,000","50,000","-4,000","-501,000","-74,000","-64,000","23,000",,,,,,,,,,,,,,,,,,,,,,,,,,,,,,,,
	SpecialIncomeCharges,"-115,355,000","4,145,000","-91,468,000","-3,129,000","-24,903,000","588,000","1,996,000","-44,842,000","-54,232,000","248,000","1,407,000","-6,592,000","6,169,000","-7,262,000","5,725,000","-666,000","5,623,000","-87,865,000","999,000","678,000","-5,043,000","-3,052,000","-7,796,000","-40,679,000","1,622,000","-2,237,000","-2,423,000","5,000","4,234,000","5,447,000","-53,068,000","-58,000","7,793,000","-6,501,000","-175,969,000","-28,379,000","-3,385,000","-1,013,000","6,014,000","3,785,000","-8,499,000","-2,965,000","-112,918,000","-544,643,000","-4,384,000","-1,596,000","-3,701,000","-4,423,000","-425,000","-592,000","269,000","-7,084,000","-2,877,000","-12,374,000","-1,046,000","-281,000","-1,845,000","188,000","-5,788,000","-1,142,000","-30,118,000","1,508,000","-344,000","-187,000","-241,000","-448,000","-88,000","-535,000","454,000","-289,000","-9,555,000","-1,323,000","-1,061,000","-2,108,000","-1,817,000","-42,000","-104,000","-3,040,000","-9,070,000",,"200,000","-7,400,000","412,000",,"807,000",,"-163,000","135,000","249,000","1,033,000","-7,000,000","-8,900,000","-100,000","-1,300,000","-700,000","-4,100,000","-200,000",,,,,,,"-300,000",,"300,000","200,000","500,000","600,000","400,000","200,000","200,000","200,000","300,000",,,,
		RestructuringAndMergernAcquisition,"50,237,000","-6,366,000","55,453,000","958,000","192,000","-1,980,000","-4,518,000","44,462,000","-2,683,000","-248,000","-1,407,000","6,592,000","-6,169,000","7,262,000","-5,725,000","666,000","-5,623,000","87,865,000","-999,000","-678,000","5,043,000","3,052,000","7,796,000","40,679,000","-1,622,000","2,237,000","2,423,000","-5,000","-4,234,000","-5,447,000","53,068,000","58,000","-7,793,000","5,524,000","2,720,000","28,379,000","3,385,000","1,013,000","-1,790,000","-5,054,000","7,720,000","789,000","65,079,000","1,096,000","1,907,000",,,,,,,,,,,,,,,,,,,,,,"0",,,"390,000","3,253,000","1,571,000","52,000","2,382,000","0",,"43,000","2,165,000",,,,,"-412,000",,"-807,000",,,,,,,,,,,,,,,,,,,,,,,,,,,,,,,,,
		ImpairmentOfCapitalAssets,,,,,,,,,,,,,,,,,,,,,,,,,,,"0","0","0","0","0","0","0","977,000","173,249,000",,,,"0","0",,,"44,447,000","540,400,000",,,,,,,,,,,,,,,,,,,,,,,,,,,,,,,,,,,,,,,,,,,,,,,,,,,,,,,,,,,,,,,,,,,,,,,,,,
		OtherSpecialCharges,,,,,,,,,,,,,,,,,,,,,,,,,,,,,,,,,,,,,,,,"1,269,000","779,000","2,176,000","3,392,000","3,147,000","2,477,000",,,,,,,,,,,,,,,,,,,,,,"88,000",,,"-101,000","6,302,000","-248,000","1,009,000","-274,000","1,817,000",,"61,000","875,000",,,,,,,,,,,,,,,,,,,,,,,,,,,,,,,,,,,,,,,,
		GainOnSaleOfBusiness,"-65,118,000","-2,221,000","-36,015,000","-2,171,000","-24,711,000","-1,392,000","-2,522,000","-380,000","-56,915,000",,,,,,,,,,,,,,,,,,,,,,,,,,,,,,,,,,,,,,,,,,,,,,,,,,,,,,,,,,,,,,,,,,,,,,,,,,,,,,,,,,,,,,,,,,,,,,,,,,,,,,,,,,,,,
	OtherNonOperatingIncomeExpenses,"-15,353,000","-689,000","-746,000","-1,761,000","-12,157,000","-2,766,000","-1,827,000","-2,607,000","-1,873,000","1,066,000","-2,584,000","-2,759,000","-2,060,000","-1,644,000","-811,000","-2,434,000","1,003,000","-1,167,000","-270,000","-1,701,000","-2,849,000","-2,576,000","-427,000","707,000","-264,000","-1,517,000","-1,213,000","-1,120,000","-1,907,000","24,000","-2,191,000","-1,569,000","-1,375,000","-2,498,000","-1,290,000","-158,000","-1,742,000","-817,000","-1,520,000",,,,,,,,,,,,,,,,,,,,,,,,,,,,,,,,,,,,,,,,,,,,,,,,,,,,,,,,,,,,,,,,,,,,,,,,,,,,,,,
PretaxIncome,"-137,296,000","4,755,000","-109,516,000","126,000","-32,661,000","18,241,000","21,378,000","-37,043,000","-57,686,000","16,712,000","14,195,000","24,329,000","28,536,000","5,972,000","14,251,000","25,502,000","7,554,000","-156,458,000","44,453,000","33,494,000","31,567,000","25,061,000","27,994,000","4,528,000","32,695,000","19,410,000","12,205,000","23,469,000","-9,500,000","10,928,000","-53,867,000","12,037,000","27,692,000","-771,000","-153,252,000","-9,347,000","14,092,000","253,000","15,719,000","42,444,000","42,855,000","35,201,000","-65,730,000","-511,040,000","34,356,000","36,687,000","20,849,000","43,795,000","37,998,000","18,102,000","-1,155,000","-18,108,000","-7,076,000","-19,735,000","5,734,000","9,370,000","13,336,000","3,633,000","797,000","-6,138,000","-38,639,000","11,400,000","8,757,000","15,128,000","15,194,000","13,156,000","12,359,000","9,384,000","4,474,000","1,311,000","-12,142,000","2,696,000","1,550,000","-1,510,000","-2,347,000","8,062,000","6,883,000","5,301,000","-378,000","9,549,000","10,000,000","-312,000","7,574,000","6,259,000","5,007,000","2,526,000","4,242,000","1,680,000","1,406,000","1,265,000","-89,200,000","-8,400,000","-2,300,000","-400,000","1,100,000","-9,500,000","-1,800,000","300,000","5,200,000","2,600,000","-1,000,000","-5,300,000","-3,900,000","-6,600,000","4,000,000","4,500,000","4,000,000","4,000,000","4,000,000","3,500,000","3,700,000","3,300,000","2,800,000","2,100,000",,,,
TaxProvision,"-46,314,000","3,859,000","-51,093,000","1,136,000","-216,000","4,661,000","-128,000","-11,985,000","4,801,000","7,550,000","-75,000","6,152,000","8,419,000","6,121,000","-10,878,000","5,715,000","3,781,000","-11,188,000","42,079,000","6,640,000","16,560,000","9,047,000","15,325,000","13,430,000","12,193,000","8,626,000","2,426,000","10,144,000","3,966,000","5,563,000","-5,038,000","4,484,000","7,848,000","-653,000","272,000","-2,589,000","1,896,000","-3,243,000","-745,000","6,547,000","10,564,000","9,629,000","-11,099,000","6,042,000","-80,000","9,567,000","-1,126,000","14,687,000","11,098,000","-8,685,000","-6,308,000","-15,146,000","-22,365,000","-6,000","1,428,000","1,695,000","211,000","680,000","-3,205,000","-2,692,000","-14,759,000","4,220,000","1,486,000","5,913,000","4,990,000","6,087,000","-4,570,000","3,382,000","-4,839,000","494,000","-5,135,000","1,026,000","732,000","-772,000","-708,000","3,034,000","2,710,000","2,385,000","262,000","3,581,000","3,675,000","2,658,000","2,664,000","2,389,000","1,877,000","986,000","1,684,000","640,000","530,000","480,000","-24,600,000","-2,500,000","-700,000","-200,000","400,000","-3,600,000","-700,000","100,000","1,900,000","1,000,000","-300,000","-2,000,000","-1,600,000","-2,100,000","1,600,000","1,500,000","1,300,000","1,400,000","1,400,000","1,200,000","900,000","1,000,000","1,100,000","900,000",,,,
NetIncomeCommonStockholders,"-92,952,000","906,000","-58,866,000","-1,869,000","-33,123,000","12,603,000","21,520,000","-25,357,000","-62,802,000","8,684,000","14,620,000","16,847,000","19,446,000","-1,907,000","23,877,000","19,882,000","2,657,000","-145,666,000","1,780,000","25,576,000","14,097,000","15,845,000","11,649,000","-9,885,000","19,917,000","10,089,000","9,271,000","12,695,000","-14,198,000","4,910,000","-49,233,000","7,308,000","19,259,000","-254,000","-154,430,000","-7,348,000","12,399,000","2,570,000","15,960,000","35,347,000","31,615,000","25,353,000","-54,631,000","-517,082,000","34,436,000","27,120,000","21,975,000","29,108,000","26,900,000","26,787,000","5,153,000","-2,962,000","15,289,000","-19,729,000","4,306,000","7,675,000","13,125,000","2,953,000","4,002,000","-3,446,000","-23,880,000","7,180,000","7,271,000","9,215,000","10,204,000","7,069,000","16,929,000","6,002,000","9,313,000","817,000","-7,007,000","1,670,000","818,000","-738,000","-1,639,000","5,028,000","4,173,000","2,916,000","-640,000","5,968,000","6,325,000","-2,970,000","4,910,000","3,870,000","3,130,000","1,540,000","909,000","1,040,000","876,000","1,832,000","-64,600,000","-5,900,000","-1,600,000","3,500,000","700,000","-5,900,000","-1,100,000","200,000","3,300,000","1,600,000","-700,000","-3,300,000","-2,300,000","-4,500,000","2,400,000","3,000,000","2,700,000","2,600,000","2,600,000","2,300,000","2,800,000","2,300,000","1,700,000","1,200,000","1,900,000","800,000","800,000","800,000"
	NetIncome,"-92,952,000","906,000","-58,866,000","-1,869,000","-33,123,000","12,603,000","21,520,000","-25,357,000","-62,802,000","8,684,000","14,620,000","16,847,000","19,446,000","-1,907,000","23,877,000","19,882,000","2,657,000","-145,666,000","1,780,000","25,576,000","14,097,000","15,845,000","11,649,000","-9,885,000","19,917,000","10,089,000","9,271,000","12,695,000","-14,198,000","4,910,000","-49,233,000","7,308,000","19,259,000","-254,000","-154,430,000","-7,348,000","12,399,000","2,570,000","15,960,000","35,347,000","31,615,000","25,353,000","-54,631,000","-517,082,000","34,436,000","27,120,000","21,975,000","29,108,000","26,900,000","26,787,000","5,153,000","-2,962,000","15,289,000","-19,729,000","4,306,000","7,675,000","13,125,000","2,953,000","4,002,000","-3,446,000","-23,880,000","7,180,000","7,271,000","9,215,000","10,204,000","7,069,000","16,929,000","6,002,000","9,313,000","817,000","-7,007,000","1,670,000","818,000","-738,000","-1,639,000","5,028,000","4,173,000","2,916,000","-640,000","5,968,000","6,325,000","-2,970,000","4,910,000","3,870,000","3,130,000","1,540,000","909,000","1,040,000","876,000","1,832,000","-64,600,000","-5,900,000","-1,600,000","3,500,000","700,000","-5,900,000","-1,100,000","200,000","3,300,000","1,600,000","-700,000","-3,300,000","-2,300,000","-4,500,000","2,400,000","3,000,000","2,700,000","2,600,000","2,600,000","2,300,000","2,800,000","2,300,000","1,700,000","1,200,000","1,900,000","800,000","800,000","800,000"
		NetIncomeIncludingNoncontrollingInterests,"-90,982,000","896,000","-58,423,000","-1,010,000","-32,445,000","13,580,000","21,506,000","-25,058,000","-62,487,000","9,162,000","14,270,000","18,177,000","20,117,000","-149,000","25,129,000","19,787,000","3,773,000","-145,270,000","2,374,000","26,854,000","15,007,000","16,014,000","12,669,000","-8,902,000","20,502,000","10,784,000","9,779,000","13,325,000","-13,466,000","5,365,000","-48,829,000","7,553,000","19,844,000","-118,000","-153,524,000","-6,758,000","12,196,000","3,496,000","16,464,000","35,897,000","32,291,000","25,572,000","-54,631,000","-517,082,000","34,436,000","27,120,000","21,975,000","29,108,000","26,900,000","26,787,000","5,153,000","-2,962,000","15,289,000","-19,729,000","4,306,000","7,675,000","13,125,000","2,953,000","4,002,000","-3,446,000","-23,880,000","7,180,000","7,271,000","9,215,000","10,204,000","7,069,000","16,929,000","6,002,000","9,313,000","817,000","-7,007,000","1,670,000","818,000","-738,000","-1,639,000","5,028,000","4,173,000","2,916,000","-640,000","5,968,000","6,325,000","-2,970,000","4,910,000","3,870,000","3,130,000","1,540,000","909,000","1,040,000","876,000","1,832,000","-64,600,000","-5,900,000","-1,600,000","3,500,000","700,000","-5,900,000","-1,100,000","200,000","3,300,000","1,600,000","-700,000","-3,300,000","-2,300,000","-4,500,000","2,400,000","3,000,000","2,700,000","2,600,000","2,600,000","2,300,000","2,800,000","2,300,000","1,700,000","1,200,000","1,900,000","800,000","800,000","800,000"
			NetIncomeContinuousOperations,"-90,982,000","896,000","-58,423,000","-1,010,000","-32,445,000","13,580,000","21,506,000","-25,058,000","-62,487,000","9,162,000","14,270,000","18,177,000","20,117,000","-149,000","25,129,000","19,787,000","3,773,000","-145,270,000","2,374,000","26,854,000","15,007,000","16,014,000","12,669,000","-8,902,000","20,502,000","10,784,000","9,779,000","13,325,000","-13,466,000","5,365,000","-48,829,000","7,553,000","19,844,000","-118,000","-153,524,000","-6,758,000","12,196,000","3,496,000","16,464,000","35,897,000","32,291,000","25,572,000","-54,631,000","-517,082,000","34,436,000","27,120,000","21,975,000","29,108,000","26,900,000","26,787,000","5,153,000","-2,962,000","15,289,000","-19,729,000","4,306,000","7,675,000","13,125,000","2,953,000","4,002,000","-3,446,000","-23,880,000","7,180,000","7,271,000","9,215,000","10,204,000","7,069,000","16,929,000","6,002,000","9,313,000","817,000","-7,007,000","1,670,000","818,000","-738,000","-1,639,000","5,028,000","4,173,000","2,916,000","-640,000","5,968,000","6,325,000","-2,970,000","4,910,000","3,870,000","3,130,000","1,540,000","2,558,000","1,040,000","876,000","785,000","-64,600,000","-5,900,000","-1,600,000","-200,000","700,000","-5,900,000","-1,100,000","200,000","3,300,000","1,600,000","-700,000","-3,300,000","-2,300,000","-4,500,000","2,400,000","3,000,000","2,700,000","2,600,000","2,600,000","2,300,000","2,800,000","2,300,000","1,700,000","1,200,000","1,900,000","800,000","800,000","800,000"
			NetIncomeExtraordinary,,,,,,,,,,,,,,,,,,,,,,,,,,,,,,,,,,,,,,,,,,,,,,,,,,,,,,,,,,,,,,,,,,,,,,,,,,,,,,,,,,,,,,,"-1,649,000",,,"1,047,000",,,,,,,,,,,,,,,,,,,,,,,,,,,,
			NetIncomeFromTaxLossCarryforward,,,,,,,,,,,,,,,,,,,,,,,,,,,,,,,,,,,,,,,,,,,,,,,,,,,,,,,,,,,,,,,,,,,,,,,,,,,,,,,,,,,,,,,,,,,"0",,,"3,700,000",,,,,,,,,,,,,,,,,,,,,,,,
		MinorityInterests,"-1,970,000","10,000","-443,000","-859,000","-678,000","-977,000","14,000","-299,000","-315,000","-478,000","350,000","-1,330,000","-671,000","-1,758,000","-1,252,000","95,000","-1,116,000","-396,000","-594,000","-1,278,000","-910,000","-169,000","-1,020,000","-983,000","-585,000","-695,000","-508,000","-630,000","-732,000","-455,000","-404,000","-245,000","-585,000","-136,000","-906,000","-590,000","203,000","-926,000","-504,000","-550,000","-676,000","-219,000",,,,,,,,,,,,,,,,,,,,,,,,,,,,,,,,,,,,,,,,,,,,,,,,,,,,,,,,,,,,,,,,,,,,,,,,,,,,
DilutedNIAvailtoComStockholders,"-92,952,000","906,000","-58,866,000","-1,869,000","-33,123,000","12,603,000","21,520,000","-25,357,000","-62,802,000","8,684,000","14,620,000","16,847,000","19,446,000","-1,907,000","23,877,000","19,882,000","2,657,000","-145,666,000","1,780,000","25,576,000","14,097,000","15,845,000","11,649,000","-9,885,000","19,917,000","10,089,000","9,271,000","12,695,000","-14,198,000","4,910,000","-49,233,000","7,308,000","19,259,000","-254,000","-154,430,000","-7,348,000","12,399,000","2,570,000","15,960,000","35,347,000","31,615,000","25,353,000","-54,631,000","-517,082,000","34,436,000","27,120,000","21,975,000","29,108,000","26,900,000","26,787,000","5,153,000","-2,962,000","15,289,000","-19,729,000","4,306,000","7,675,000","13,125,000","2,953,000","4,002,000","-3,446,000","-23,880,000","7,180,000","7,271,000","9,215,000","10,204,000","7,069,000","16,929,000","6,002,000","9,313,000","817,000","-7,007,000","1,670,000","818,000","-738,000","-1,639,000","5,028,000","4,173,000","2,916,000","-640,000","5,968,000","6,325,000","-2,970,000","4,910,000","3,870,000","3,130,000","1,540,000","909,000","1,040,000","876,000","1,832,000","-64,600,000","-5,900,000","-1,600,000","3,500,000","700,000","-5,900,000","-1,100,000","200,000","3,300,000","1,600,000","-700,000","-3,300,000","-2,300,000","-4,500,000","2,400,000","3,000,000","2,700,000","2,600,000","2,600,000","2,300,000","2,800,000","2,300,000","1,700,000","1,200,000","1,900,000","800,000","800,000","800,000"
BasicEPS,,"0.02","-1.3","-0.04","-0.73","0.3","0.53","-0.63","-1.56","0.22","0.37","0.43","0.49","-0.05","0.61","0.51","0.07","-3.74","0.05","0.66","0.36","0.41","0.3","-0.26","0.52","0.27","0.56","0.33","-0.37","0.13","-1.25","0.19","0.49","-0.01","-3.93","-0.19","0.31","0.07","0.41","0.9","0.79","0.64",,"-12.7","0.85","0.67",,"0.72","0.67","0.67",,"-0.07","0.4","-0.55",,"0.22","0.4","0.1",,"-0.11","-0.79","0.26",,"0.36","0.4","0.28",,"0.25","0.41","0.04",,"0.08","0.04","-0.04",,"0.25","0.2","0.14",,"0.29","0.32","-0.18",,"0.25","0.2","0.1",,"0.07","0.06","0.12",,"-0.39","-0.11","0.23",,"-0.4","-0.07","0.01",,"0.11","-0.05","-0.24",,"-0.34","0.17","0.21",,"0.2","0.2","0.18",,"0.19","0.14","0.11",,"0.09","0.09","0.09"
DilutedEPS,,"0.02","-1.3","-0.04","-0.73","0.3","0.53","-0.63","-1.56","0.21","0.36","0.42","0.49","-0.05","0.6","0.5","0.07","-3.74","0.05","0.65","0.36","0.4","0.3","-0.26","0.52","0.26","0.56","0.33","-0.37","0.13","-1.25","0.19","0.49","-0.01","-3.93","-0.19","0.31","0.06","0.4","0.89","0.79","0.63",,"-12.7","0.84","0.66",,"0.71","0.65","0.66",,"-0.07","0.4","-0.55",,"0.21","0.37","0.09",,"-0.11","-0.79","0.26",,"0.35","0.39","0.27",,"0.23","0.38","0.04",,"0.08","0.04","-0.04",,"0.23","0.19","0.14",,"0.27","0.28","-0.18",,"0.21","0.18","0.098",,"0.067","0.06","0.12",,"-0.39","-0.11","0.22",,"-0.4","-0.07","0.01",,"0.11","-0.05","-0.24",,"-0.34","0.17","0.21",,"0.2","0.2","0.18",,"0.19","0.14","0.11",,"0.09","0.09","0.09"
BasicAverageShares,,"45,018,000","45,246,000","45,240,000","45,142,000","41,526,000","40,412,000","40,337,000","40,216,000","40,043,000","39,699,000","39,478,000","39,389,000","39,658,000","39,444,000","39,340,000","39,243,000","38,945,000","38,745,000","38,713,000","38,683,000","38,474,000","38,283,000","38,248,000","38,236,000","38,059,000","37,912,000","38,114,000","38,434,000","38,442,000","38,937,000","39,213,000","39,356,000","39,235,000","39,148,000","39,127,000","39,431,000","39,420,000","39,233,000","39,472,000","39,887,000","39,913,000",,"40,725,000","40,670,000","40,546,000",,"40,400,000","40,329,000","40,191,000",,"40,039,000","37,776,000","36,151,000",,"34,385,000","32,796,000","30,696,000",,"30,415,000","30,068,000","27,198,000",,"25,552,000","25,415,000","25,057,000",,"24,441,000","22,811,000","21,451,000",,"20,978,000","20,845,000","20,656,000",,"20,478,000","20,372,000","20,239,000",,"20,479,000","19,775,000","16,510,000",,"15,667,000","15,513,000","15,383,000",,"15,237,000","14,600,000","15,266,667",,"15,128,205","14,545,455","15,217,391",,"14,750,000","15,714,286","14,631,000",,"14,545,455","14,000,000","13,750,000",,"13,235,294","14,117,647","14,285,714",,"13,000,000","13,000,000","12,777,778",,"12,105,263","12,142,857","10,909,091",,"8,888,889","8,888,889","8,888,889"
DilutedAverageShares,,"45,240,000","45,246,000","45,240,000","45,142,000","41,964,000","40,762,000","40,337,000","40,216,000","40,474,000","40,267,000","39,903,000","39,686,000","39,658,000","39,885,000","39,909,000","39,789,000","38,945,000","39,530,000","39,467,000","39,332,000","39,215,000","39,028,000","38,248,000","38,516,000","38,376,000","38,256,000","38,358,000","38,434,000","38,758,000","38,937,000","39,493,000","39,544,000","39,235,000","39,148,000","39,127,000","39,678,000","39,770,000","39,619,000","39,791,000","40,126,000","40,216,000",,"40,725,000","41,077,000","41,045,000",,"40,828,000","41,161,000","40,862,000",,"40,039,000","38,130,000","36,151,000",,"36,872,000","35,325,000","32,745,000",,"30,415,000","30,068,000","27,980,000",,"26,336,000","26,360,000","26,071,000",,"25,919,000","24,416,000","22,737,000",,"22,050,000","22,111,000","20,656,000",,"21,880,000","21,765,000","21,428,000",,"21,728,000","22,672,000","16,510,000",,"20,694,000","18,716,000","15,690,000",,"15,512,000","14,600,000","15,266,667",,"15,128,205","14,545,455","15,909,091",,"14,750,000","15,714,286","14,631,000",,"14,545,455","14,000,000","13,750,000",,"13,235,294","14,117,647","14,285,714",,"13,000,000","13,000,000","12,777,778",,"12,105,263","12,142,857","10,909,091",,"8,888,889","8,888,889","8,888,889"
TotalOperatingIncomeAsReported,"-103,420,000","6,819,000","-107,470,000","4,163,000","-6,932,000","30,940,000","32,602,000","-23,980,000","-45,387,000","26,370,000","28,863,000","39,439,000","43,558,000","20,823,000","28,517,000","41,676,000","20,563,000","-140,448,000","47,198,000","37,364,000","36,822,000","30,042,000","30,754,000","6,410,000","35,473,000","23,574,000","16,050,000","27,208,000","-3,951,000","13,539,000","-49,092,000","16,458,000","31,927,000","4,539,000","-149,016,000","-6,488,000","17,976,000","2,347,000","19,475,000","45,967,000","46,063,000","39,621,000","-60,105,000","-497,252,000","48,085,000","50,089,000","37,090,000","61,380,000","52,277,000","33,450,000","15,353,000","9,006,000","11,719,000","8,949,000","21,024,000","25,333,000","36,178,000","27,287,000","31,532,000","29,022,000","-23,361,000","9,300,000","9,219,000","15,876,000","17,660,000","18,988,000","15,976,000","14,178,000","10,311,000","5,773,000","-7,258,000","7,558,000","4,701,000","-1,039,000","80,000","8,258,000","7,815,000","5,541,000","-1,027,000","9,399,000","24,606,000","525,000","9,011,000","7,244,000","5,807,000","3,798,000","4,747,000","2,457,000","2,131,000","1,799,000","-80,800,000","1,700,000","-700,000","2,800,000","3,500,000","-3,700,000","200,000","1,700,000","4,700,000","3,800,000","300,000","-4,200,000","-3,400,000","-6,100,000","3,900,000","4,300,000","3,600,000","3,500,000","3,400,000","3,100,000","3,400,000","3,100,000","2,500,000","1,900,000",,,,
TotalExpenses,"1,925,394,000","472,657,000","501,639,000","479,657,000","471,441,000","489,222,000","494,551,000","519,322,000","500,749,000","572,293,000","600,927,000","578,443,000","597,648,000","586,491,000","564,252,000","553,620,000","570,950,000","659,804,000","504,577,000","450,061,000","461,217,000","444,498,000","457,163,000","459,770,000","479,173,000","471,779,000","477,618,000","441,889,000","478,288,000","440,155,000","506,119,000","479,938,000","465,219,000","463,755,000","496,573,000","473,600,000","460,814,000","444,176,000","505,650,000","463,150,000","525,357,000","531,230,000","593,056,000","571,311,000","562,409,000","513,602,000","577,473,000","514,588,000","517,183,000","465,830,000","461,470,000","399,352,000","402,029,000","379,569,000","411,364,000","459,485,000","477,753,000","451,189,000","448,857,000","404,743,000","389,369,000","138,611,000","150,754,000","148,830,000","146,150,000","136,565,000","143,976,000","126,967,000","124,812,000","110,307,000","129,051,000","113,375,000","74,889,000","64,259,000","79,897,000","73,821,000","72,406,000","66,039,000","75,163,000","63,658,000","48,033,000","54,150,000","55,899,000","53,461,000","47,874,000","43,680,000","44,232,000","40,064,000","42,683,000","45,859,000","122,500,000","46,800,000","51,900,000","49,100,000","58,600,000","58,500,000","60,600,000","62,000,000","59,700,000","54,600,000","52,400,000","44,800,000","46,000,000","44,800,000","44,300,000","43,800,000","38,700,000","35,800,000","34,300,000","33,000,000","31,500,000","28,900,000","26,100,000","23,300,000",,,,
NetIncomeFromContinuingAndDiscontinuedOperation,"-92,952,000","906,000","-58,866,000","-1,869,000","-33,123,000","12,603,000","21,520,000","-25,357,000","-62,802,000","8,684,000","14,620,000","16,847,000","19,446,000","-1,907,000","23,877,000","19,882,000","2,657,000","-145,666,000","1,780,000","25,576,000","14,097,000","15,845,000","11,649,000","-9,885,000","19,917,000","10,089,000","9,271,000","12,695,000","-14,198,000","4,910,000","-49,233,000","7,308,000","19,259,000","-254,000","-154,430,000","-7,348,000","12,399,000","2,570,000","15,960,000","35,347,000","31,615,000","25,353,000","-54,631,000","-517,082,000","34,436,000","27,120,000","21,975,000","29,108,000","26,900,000","26,787,000","5,153,000","-2,962,000","15,289,000","-19,729,000","4,306,000","7,675,000","13,125,000","2,953,000","4,002,000","-3,446,000","-23,880,000","7,180,000","7,271,000","9,215,000","10,204,000","7,069,000","16,929,000","6,002,000","9,313,000","817,000","-7,007,000","1,670,000","818,000","-738,000","-1,639,000","5,028,000","4,173,000","2,916,000","-640,000","5,968,000","6,325,000","-2,970,000","4,910,000","3,870,000","3,130,000","1,540,000","2,558,000","1,040,000","876,000","785,000","-64,600,000","-5,900,000","-1,600,000","-200,000","700,000","-5,900,000","-1,100,000","200,000","3,300,000","1,600,000","-700,000","-3,300,000","-2,300,000","-4,500,000","2,400,000","3,000,000","2,700,000","2,600,000","2,600,000","2,300,000","2,800,000","2,300,000","1,700,000","1,200,000","1,900,000","800,000","800,000","800,000"
NormalizedIncome,"-16,509,652.007","-1,581,000","7,905,640","415,170","-8,469,030","12,167,880","20,062,920","5,135,560","-23,212,640","8,502,960","13,592,890","21,791,000","15,127,700","3,394,260","19,697,750","20,401,480","-1,447,790","-63,951,550","1,180,600","25,033,600","17,122,800","17,798,280","16,326,600","14,522,400","18,895,140","11,431,200","11,212,377.878","12,692,000","-16,738,400","1,641,800","-1,128,272.207","7,344,393.952","13,674,560.74","3,971,650","-40,050,150","13,170,378.303","15,328,567.13","3,228,450","12,050,900","32,145,837.409","38,014,747","27,506,943.922","39,219,954.785","-163,064,050","37,285,600","28,299,805.381","24,380,650","32,047,711.931","27,200,871.098","27,171,800","4,978,150","1,642,600","17,159,050","-7,358,762.047","5,091,503.314","7,905,168.09","14,940,808.713","2,800,188.549","7,764,200","-2,703,700","-5,266,220.14","6,230,224.561","7,556,625.671","9,328,908.316","10,365,850.994","7,337,800","16,981,800","6,344,185.635","9,040,600","997,101.449","-1,274,000","2,489,514.095","1,454,600","526,800","-370,119.301","5,054,193.997","4,236,052.739","4,740,000","4,802,000","5,968,000","6,198,500","1,470,000","4,642,912.596","3,870,000","2,625,524.266","1,540,000","2,656,291.843","956,428.571","720,862.02","143,968.379","-59,530,493.274","351,190.476","-1,530,434.783","580,000","1,145,454.545","-3,353,684.211","-977,777.778","200,000","3,300,000","1,600,000","-700,000","-3,300,000","-2,300,000","-4,295,454.545","2,400,000","2,800,000","2,565,000","2,275,000","2,210,000","2,037,142.857","2,648,648.649","2,160,606.061","1,578,571.429","1,020,000","1,900,000","800,000","800,000","800,000"
InterestIncome,"1,232,000","217,000","231,000","352,000","432,000","542,000","833,000","354,000","1,258,000","553,000","470,000","517,000","534,000","328,000","428,000","431,000","633,000","661,000","658,000","729,000","470,000","269,000","271,000","102,000","221,000","271,000","321,000","180,000","213,000","47,000","181,000","163,000","53,000","97,000","219,000","146,000","194,000","1,061,000","285,000","297,000","177,000","193,000","231,000","155,000","168,000","308,000","148,000","166,000","111,000","167,000","215,000","45,000","481,000","535,000",,,,,,,,,,,,,,,,,,,,,,,,,,,,,,,,,,,,,,,,,,,,,,,,,,,,,,,,,,,,,,,,
InterestExpense,"19,755,000","1,592,000","1,531,000","2,628,000","14,004,000","10,475,000","10,230,000","10,810,000","11,684,000","11,277,000","12,554,000","12,868,000","13,496,000","13,535,000","13,883,000","14,171,000","14,645,000","15,504,000","3,133,000","2,898,000","2,876,000","2,674,000","2,604,000","2,691,000","2,735,000","2,918,000","2,953,000","2,799,000","3,855,000","2,682,000","2,765,000","3,015,000","2,913,000","2,909,000","3,165,000","2,847,000","2,336,000","2,338,000","2,521,000","2,551,000","2,606,000","2,437,000","2,464,000","10,796,000","11,420,000","12,114,000","12,688,000","13,328,000","13,965,000","14,923,000","16,992,000","20,075,000","16,399,000","16,845,000",,,,,,,,,,,,,,,,,,,,,,,,,,,,,,,,,,,,,,,,,,,,,,,,,,,,,,,,,,,,,,,,
NetInterestIncome,"-18,523,000","-1,375,000","-1,300,000","-2,276,000","-13,572,000","-9,933,000","-9,397,000","-10,456,000","-10,426,000","-10,724,000","-12,084,000","-12,351,000","-12,962,000","-13,207,000","-13,455,000","-13,740,000","-14,012,000","-14,843,000","-2,475,000","-2,169,000","-2,406,000","-2,405,000","-2,333,000","-2,589,000","-2,514,000","-2,647,000","-2,632,000","-2,619,000","-3,642,000","-2,635,000","-2,584,000","-2,852,000","-2,860,000","-2,812,000","-2,946,000","-2,701,000","-2,142,000","-1,277,000","-2,236,000","-2,254,000","-2,429,000","-2,244,000","-2,233,000","-10,641,000","-11,252,000","-11,806,000","-12,540,000","-13,162,000","-13,854,000","-14,756,000","-16,777,000","-20,030,000","-15,918,000","-16,310,000",,,,,,,,,,,,,,,,,,,,,,,,,,,,,,,,,,,,,,,,,,,,,,,,,,,,,,,,,,,,,,,,
EBIT,"-117,541,000","6,347,000","-107,985,000","2,754,000","-18,657,000","28,716,000","31,608,000","-26,233,000","-46,002,000","27,989,000","26,749,000","37,197,000","42,032,000","19,507,000","28,134,000","39,673,000","22,199,000","-140,954,000","47,586,000","36,392,000","34,443,000","27,735,000","30,598,000","7,219,000","35,430,000","22,328,000","15,158,000","26,268,000","-5,645,000","13,610,000","-51,102,000","15,052,000","30,605,000","2,138,000","-150,087,000","-6,500,000","16,428,000","2,591,000","18,240,000","44,995,000","45,461,000","37,638,000","-63,266,000","-500,244,000","45,776,000","48,801,000","33,537,000","57,123,000","51,963,000","33,025,000","15,837,000","1,967,000","9,323,000","-2,890,000","24,010,000","25,333,000","36,178,000","27,287,000","31,687,000","29,291,000","12,190,000","9,300,000","9,219,000","15,876,000","17,660,000","18,988,000","15,976,000","14,178,000","10,311,000","6,163,000","2,395,000","9,129,000","4,753,000","1,343,000","80,000","8,258,000","7,858,000","8,606,000","2,108,000","9,399,000","24,406,000","7,925,000","8,599,000","7,244,000","5,000,000","3,798,000","4,747,000","2,457,000","2,131,000","1,799,000","-80,800,000","1,700,000","-700,000","2,800,000","3,500,000","-3,700,000","200,000","1,700,000","4,700,000","3,800,000","300,000","-4,200,000","-3,400,000","-6,100,000","3,900,000","4,300,000","3,600,000","3,500,000","3,400,000","3,100,000","3,400,000","3,100,000","2,500,000","1,900,000","-54,100,000","21,400,000","21,400,000","21,400,000"
EBITDA,"-38,361,000"
ReconciledCostOfRevenue,"1,350,181,000","329,823,000","353,336,000","339,597,000","327,425,000","339,693,000","362,563,000","384,040,000","358,018,000","413,983,000","452,184,000","411,176,000","426,728,000","409,949,000","398,199,000","386,376,000","396,405,000","414,034,000","364,451,000","310,522,000","315,102,000","310,538,000","328,405,000","325,024,000","332,308,000","323,923,000","333,606,000","310,241,000","339,999,000","298,682,000","342,601,000","331,982,000","312,407,000","305,738,000","344,332,000","331,077,000","308,560,000","293,400,000","344,163,000","316,610,000","367,376,000","373,221,000","433,910,000","422,770,000","404,747,000","363,647,000","419,321,000","376,530,000","378,108,000","324,919,000","315,399,000","264,595,000","266,657,000","246,176,000","274,132,000","314,309,000","320,013,000","300,993,000","307,376,000","267,694,000","264,317,000","81,408,000","90,950,000","92,979,000","90,654,000","82,382,000","91,313,000","75,884,000","72,617,000","61,498,000","72,496,000","68,975,000","41,021,000","33,317,000","49,791,000","40,126,000","38,522,000","35,550,000","38,609,000","36,733,000","36,707,000","32,696,000","33,236,000","31,812,000","27,692,000","26,542,000","26,358,000","22,827,000","25,033,000","25,988,000","99,200,000","26,100,000","29,900,000","28,400,000","36,900,000","34,500,000","36,800,000","38,800,000","35,400,000","32,000,000","29,600,000","23,700,000","24,200,000","21,400,000","25,100,000","24,700,000","28,300,000","20,000,000","19,600,000","18,900,000","18,300,000","16,900,000","14,600,000","12,200,000",,,,
ReconciledDepreciation,"79,180,000","16,837,000","19,901,000","21,333,000","21,109,000","21,810,000","24,984,000","24,076,000","24,199,000","24,031,000","14,862,000","32,989,000","33,212,000","33,337,000","30,069,000","30,449,000","30,907,000","31,072,000","17,215,000","16,532,000","15,090,000","14,378,000","16,755,000","16,082,000","18,807,000","16,674,000","17,479,000","19,754,000","19,421,000","19,339,000","23,230,000","24,627,000","25,014,000","25,592,000","25,096,000","24,718,000","24,274,000","24,757,000","27,615,000","27,585,000","27,044,000","27,227,000","32,547,000","32,620,000","32,768,000","31,531,000","34,021,000","32,113,000","31,794,000","33,277,000","41,925,000","39,405,000","38,171,000","36,236,000","40,378,000","37,944,000","49,175,000","46,176,000","42,603,000","47,394,000","37,751,000","12,218,000","12,728,000","12,586,000","11,736,000","13,710,000","13,488,000","13,943,000","15,482,000","13,690,000","20,526,000","11,261,000","4,390,000","4,440,000","4,950,000","4,816,000","5,153,000","4,121,000","2,684,000","2,617,000","2,454,000","2,429,000","2,639,000","2,271,000","2,451,000","2,539,000","2,730,000","3,147,000","3,073,000","4,060,000","4,600,000","4,600,000","4,600,000","4,700,000","4,700,000","5,900,000","4,600,000","4,700,000","3,900,000","4,800,000","4,300,000","3,800,000","3,000,000","2,800,000","2,500,000","2,200,000","2,300,000","2,000,000","1,900,000","1,800,000","1,800,000","1,600,000","1,600,000","1,600,000",,,,
NetIncomeFromContinuingOperationNetMinorityInterest,"-92,952,000","906,000","-58,866,000","-1,869,000","-33,123,000","12,603,000","21,520,000","-25,357,000","-62,802,000","8,684,000","14,620,000","16,847,000","19,446,000","-1,907,000","23,877,000","19,882,000","2,657,000","-145,666,000","1,780,000","25,576,000","14,097,000","15,845,000","11,649,000","-9,885,000","19,917,000","10,089,000","9,271,000","12,695,000","-14,198,000","4,910,000","-49,233,000","7,308,000","19,259,000","-254,000","-154,430,000","-7,348,000","12,399,000","2,570,000","15,960,000","35,347,000","31,615,000","25,353,000","-54,631,000","-517,082,000","34,436,000","27,120,000","21,975,000","29,108,000","26,900,000","26,787,000","5,153,000","-2,962,000","15,289,000","-19,729,000","4,306,000","7,675,000","13,125,000","2,953,000","4,002,000","-3,446,000","-23,880,000","7,180,000","7,271,000","9,215,000","10,204,000","7,069,000","16,929,000","6,002,000","9,313,000","817,000","-7,007,000","1,670,000","818,000","-738,000","-1,639,000","5,028,000","4,173,000","2,916,000","-640,000","5,968,000","6,325,000","-2,970,000","4,910,000","3,870,000","3,130,000","1,540,000","2,558,000","1,040,000","876,000","785,000","-64,600,000","-5,900,000","-1,600,000","-200,000","700,000","-5,900,000","-1,100,000","200,000","3,300,000","1,600,000","-700,000","-3,300,000","-2,300,000","-4,500,000","2,400,000","3,000,000","2,700,000","2,600,000","2,600,000","2,300,000","2,800,000","2,300,000","1,700,000","1,200,000","1,900,000","800,000","800,000","800,000"
TotalUnusualItemsExcludingGoodwill,"-115,355,000","4,145,000","-91,468,000","-3,129,000","-24,903,000","588,000","1,996,000","-44,842,000","-54,232,000","248,000","1,407,000","-6,592,000","6,169,000","-7,262,000","5,725,000","-666,000","5,623,000","-87,865,000","999,000","678,000","-5,043,000","-3,052,000","-7,796,000","-40,679,000","1,622,000","-2,237,000","-2,423,000","5,000","4,234,000","5,447,000","-53,068,000","-58,000","7,793,000","-6,501,000","-175,969,000","-28,379,000","-3,385,000","-1,013,000","6,014,000","3,785,000","-8,499,000","-2,965,000","-112,918,000","-544,643,000","-4,384,000","-1,596,000","-3,701,000","-4,423,000","-425,000","-592,000","269,000","-7,084,000","-2,877,000","-12,374,000","-1,046,000","-281,000","-1,845,000","188,000","-5,788,000","-1,142,000","-30,118,000","1,508,000","-344,000","-187,000","-241,000","-448,000","-88,000","-535,000","454,000","-289,000","-9,555,000","-1,323,000","-1,061,000","-2,108,000","-1,817,000","-42,000","-104,000","-3,040,000","-9,070,000",,"200,000","-7,400,000","412,000",,"807,000",,"-163,000","135,000","249,000","1,033,000","-7,000,000","-8,900,000","-100,000","-1,300,000","-700,000","-4,100,000","-200,000",,,,,,,"-300,000",,"300,000","200,000","500,000","600,000","400,000","200,000","200,000","200,000","300,000",,,,
TotalUnusualItems,"-115,355,000","4,145,000","-91,468,000","-3,129,000","-24,903,000","588,000","1,996,000","-44,842,000","-54,232,000","248,000","1,407,000","-6,592,000","6,169,000","-7,262,000","5,725,000","-666,000","5,623,000","-87,865,000","999,000","678,000","-5,043,000","-3,052,000","-7,796,000","-40,679,000","1,622,000","-2,237,000","-2,423,000","5,000","4,234,000","5,447,000","-53,068,000","-58,000","7,793,000","-6,501,000","-175,969,000","-28,379,000","-3,385,000","-1,013,000","6,014,000","3,785,000","-8,499,000","-2,965,000","-112,918,000","-544,643,000","-4,384,000","-1,596,000","-3,701,000","-4,423,000","-425,000","-592,000","269,000","-7,084,000","-2,877,000","-12,374,000","-1,046,000","-281,000","-1,845,000","188,000","-5,788,000","-1,142,000","-30,118,000","1,508,000","-344,000","-187,000","-241,000","-448,000","-88,000","-535,000","454,000","-289,000","-9,555,000","-1,323,000","-1,061,000","-2,108,000","-1,817,000","-42,000","-104,000","-3,040,000","-9,070,000",,"200,000","-7,400,000","412,000",,"807,000",,"-163,000","135,000","249,000","1,033,000","-7,000,000","-8,900,000","-100,000","-1,300,000","-700,000","-4,100,000","-200,000",,,,,,,"-300,000",,"300,000","200,000","500,000","600,000","400,000","200,000","200,000","200,000","300,000",,,,
NormalizedEBITDA,"76,994,000","19,039,000","3,384,000","27,216,000","27,355,000","49,938,000","54,596,000","42,685,000","32,429,000","51,772,000","41,443,000","76,778,000","69,075,000","60,106,000","52,478,000","70,788,000","47,483,000","-22,017,000","63,802,000","52,246,000","54,576,000","45,165,000","55,149,000","63,980,000","52,615,000","41,239,000","35,060,000","46,017,000","9,542,000","27,502,000","25,196,000","39,737,000","47,826,000","34,231,000","50,978,000","46,597,000","44,087,000","28,361,000","39,841,000","68,795,000","81,004,000","67,830,000","82,199,000","77,019,000","82,928,000","81,928,000","71,259,000","93,659,000","84,182,000","66,894,000","57,493,000","48,456,000","50,371,000","45,720,000","65,434,000","63,558,000","87,198,000","73,275,000","80,078,000","77,827,000","80,059,000","20,010,000","22,291,000","28,649,000","29,637,000","33,146,000","29,552,000","28,656,000","25,339,000","20,142,000","32,476,000","21,713,000","10,204,000","7,891,000","6,847,000","13,116,000","13,115,000","15,767,000","13,862,000","12,016,000","26,660,000","17,754,000","10,826,000","9,515,000","6,644,000","6,337,000","7,640,000","5,469,000","4,955,000","4,826,000","-69,200,000","15,200,000","4,000,000","8,800,000","8,900,000","6,300,000","5,000,000","6,400,000","8,600,000","8,600,000","4,600,000","-400,000","-400,000","-3,000,000","6,400,000","6,200,000","5,700,000","5,100,000","4,700,000","4,500,000","5,000,000","4,500,000","3,900,000","3,200,000","-54,100,000","21,400,000","21,400,000","21,400,000"
TaxRateForCalcs,"0.337","0.4","0.27","0.27","0.01","0.26","0.27","0.32","0.27","0.27","0.27","0.25","0.3","0.27","0.27","0.22","0.27","0.07","0.4","0.2","0.4","0.36","0.4","0.4","0.37","0.4","0.199","0.4","0.4","0.4","0.094","0.373","0.283","0.35","0.35","0.277","0.135","0.35","0.35","0.154","0.247","0.274","0.169","0.35","0.35","0.261","0.35","0.335","0.292","0.35","0.35","0.35","0.35","0","0.249","0.181","0.016","0.187","0.35","0.35","0.382","0.37","0.17","0.391","0.328","0.4","0.4","0.36","0.4","0.377","0.4","0.381","0.4","0.4","0.302","0.376","0.394","0.4","0.4","0.375","0.368","0.4","0.352","0.382","0.375","0.39","0.397","0.381","0.377","0.379","0.276","0.298","0.304","0.4","0.364","0.379","0.389","0.333","0.365","0.385","0.3","0.377","0.4","0.318","0.4","0.333","0.325","0.35","0.35","0.343","0.243","0.303","0.393","0.4","0.4","0.4","0.4","0.4"
TaxEffectOfUnusualItems,"-38,912,652.007","1,658,000","-24,696,360","-844,830","-249,030","152,880","538,920","-14,349,440","-14,642,640","66,960","379,890","-1,648,000","1,850,700","-1,960,740","1,545,750","-146,520","1,518,210","-6,150,550","399,600","135,600","-2,017,200","-1,098,720","-3,118,400","-16,271,600","600,140","-894,800","-481,622.122","2,000","1,693,600","2,178,800","-4,963,272.207","-21,606.048","2,208,560.74","-2,275,350","-61,589,150","-7,860,621.697","-455,432.87","-354,550","2,104,900","583,837.409","-2,099,253","-811,056.078","-19,067,045.215","-190,625,050","-1,534,400","-416,194.619","-1,295,350","-1,483,288.069","-124,128.902","-207,200","94,150","-2,479,400","-1,006,950","-3,762.047","-260,496.686","-50,831.91","-29,191.287","35,188.549","-2,025,800","-399,700","-11,504,220.14","558,224.561","-58,374.329","-73,091.684","-79,149.006","-179,200","-35,200","-192,814.365","181,600","-108,898.551","-3,822,000","-503,485.905","-424,400","-843,200","-548,119.301","-15,806.003","-40,947.261","-1,216,000","-3,628,000","0","73,500","-2,960,000","144,912.596","0","302,524.266","0","-64,708.157","51,428.571","93,862.02","391,968.379","-1,930,493.274","-2,648,809.524","-30,434.783","-520,000","-254,545.455","-1,553,684.211","-77,777.778","0","0","0","0","0","0","-95,454.545","0","100,000","65,000","175,000","210,000","137,142.857","48,648.649","60,606.061","78,571.429","120,000","0","0","0","0"