name,ttm,03/31/2022,01/31/2022,09/30/2021,06/30/2021,03/31/2021,01/31/2021,12/31/2020,09/30/2020,06/30/2020,03/31/2020,12/31/2019,09/30/2019,06/30/2019,03/31/2019,12/31/2018,09/30/2018,06/30/2018,04/30/2018,03/31/2018,01/31/2018,12/31/2017,09/30/2017,06/30/2017,04/30/2017,03/31/2017,01/31/2017,12/31/2016,09/30/2016,06/30/2016,03/31/2016,01/31/2016,12/31/2015,09/30/2015,06/30/2015,03/31/2015,12/31/2014,09/30/2014,06/30/2014,03/31/2014,12/31/2013,09/30/2013,06/30/2013,03/31/2013,12/31/2012,09/30/2012,06/30/2012,03/31/2012,12/31/2011,09/30/2011,06/30/2011,03/31/2011,12/31/2010,09/30/2010,06/30/2010,03/31/2010,12/31/2009,09/30/2009,06/30/2009,03/31/2009,12/31/2008,09/30/2008,06/30/2008,03/31/2008,12/31/2007,09/30/2007,06/30/2007,03/31/2007,12/31/2006,09/30/2006,06/30/2006,03/31/2006,12/31/2005,09/30/2005,06/30/2005,03/31/2005,12/31/2004,09/30/2004,06/30/2004,03/31/2004,12/31/2003,09/30/2003,06/30/2003,03/31/2003,12/31/2002,09/30/2002,06/30/2002,03/31/2002,12/31/2001,09/30/2001,06/30/2001,03/31/2001,12/31/2000,09/30/2000,06/30/2000,03/31/2000,12/31/1999,09/30/1999,06/30/1999,03/31/1999,12/31/1998,09/30/1998,06/30/1998,03/31/1998,12/31/1997,09/30/1997,06/30/1997,03/31/1997,12/31/1996,09/30/1996,06/30/1996,03/31/1996,12/31/1995,09/30/1995,06/30/1995,03/31/1995,12/31/1994,09/30/1994,06/30/1994,03/31/1994,12/31/1993,09/30/1993,06/30/1993,03/31/1993,12/31/1992,09/30/1992,06/30/1992,03/31/1992,12/31/1991,09/30/1991,06/30/1991,03/31/1991,12/31/1990
TotalRevenue,"1,214,917,000","322,294,000","344,711,000","278,454,000","269,458,000","257,217,000","338,541,000","338,541,000","255,401,000","242,275,000","216,157,000","307,673,000","221,235,000","222,359,000","215,727,000","290,786,000","177,472,000","187,983,000",,"209,772,000",,"294,463,000","338,746,000","357,846,000",,"369,389,000",,"487,933,000","398,419,000","368,938,000","361,151,000",,"470,823,000","354,068,000","359,506,000","358,122,000","468,621,000","344,687,000","348,492,000","340,870,000","450,081,000","337,981,000","350,329,000","355,623,000","465,523,000","-116,139,000","501,820,000","506,630,000","652,715,000","504,169,000","519,279,000","505,135,000","664,718,000","563,213,000","523,294,000","529,706,000","681,318,000","540,290,000","575,722,000","578,411,000","776,673,000","231,602,000","709,503,000","693,514,000","904,942,000","678,416,000","680,203,000","660,667,000","856,692,000","670,708,000","648,988,000","626,236,000","819,717,000","601,419,000","590,178,000","577,045,000","738,596,000","593,966,000","541,212,000","517,266,000","669,920,000","493,034,000","488,574,000","463,348,000","613,334,000","463,331,000","461,219,000","443,315,000","594,180,000","441,189,000","436,073,000","414,098,000","539,191,000","395,700,000","390,311,000","370,495,000","476,800,000","385,300,000","342,400,000","322,000,000","407,100,000","289,900,000","280,600,000","309,900,000","343,800,000","249,500,000","251,700,000","247,000,000","323,500,000","239,000,000","243,100,000","250,000,000","330,600,000","251,300,000","244,100,000","229,700,000","293,700,000","222,400,000","225,800,000","218,700,000","381,600,000","303,500,000","280,200,000","244,900,000","403,300,000","301,600,000","280,900,000","274,300,000","366,900,000","289,300,000","289,300,000","263,500,000","343,800,000"
	OperatingRevenue,"1,214,917,000","322,294,000","344,711,000","278,454,000","269,458,000","257,217,000","338,541,000","338,541,000","255,401,000","242,275,000","216,157,000","307,673,000","221,235,000","222,359,000","215,727,000","290,786,000","177,472,000","187,983,000",,"209,772,000",,"294,463,000","338,746,000","357,846,000",,"369,389,000",,"487,933,000","398,419,000","368,938,000","361,151,000",,"470,823,000","354,068,000","359,506,000","358,122,000","468,621,000","344,687,000","348,492,000","340,870,000","450,081,000","337,981,000","350,329,000","355,623,000","465,523,000","-116,139,000","501,820,000","506,630,000","652,715,000","504,169,000","519,279,000","505,135,000","664,718,000","563,213,000","523,294,000","529,706,000","681,318,000","540,290,000","575,722,000","578,411,000","776,673,000","231,602,000","709,503,000","693,514,000","904,942,000","678,416,000","680,203,000","660,667,000","856,692,000","645,901,000","641,389,000","617,184,000","819,717,000","601,419,000","590,178,000","577,045,000","738,596,000","593,966,000","541,212,000","517,266,000","669,920,000","493,034,000","488,574,000","463,348,000","613,334,000","463,331,000","461,219,000","443,315,000","590,339,000","441,189,000","436,073,000","414,098,000","539,191,000","395,700,000","390,311,000","370,495,000","476,800,000","385,300,000","342,400,000","322,000,000","407,100,000","289,900,000","280,600,000","309,900,000","343,800,000","249,500,000","251,700,000","247,000,000","323,500,000","239,000,000","243,100,000","250,000,000","330,600,000","251,300,000","244,100,000","229,700,000","293,700,000","222,400,000","225,800,000","218,700,000","381,600,000","303,500,000","280,200,000","244,900,000","403,300,000","301,600,000","280,900,000","274,300,000","366,900,000","289,300,000","289,300,000","263,500,000","343,800,000"
CostOfRevenue,"812,529,000","230,469,000","229,341,000","183,485,000","169,234,000","163,076,000","216,280,000","216,280,000","162,334,000","154,976,000","146,114,000","203,613,000","144,143,000","140,179,000","137,204,000","183,731,000","98,903,000","103,766,000",,"122,525,000",,"174,557,000","249,789,000","259,538,000",,"271,399,000",,"354,188,000","286,775,000","260,355,000","259,045,000",,"341,598,000","255,327,000","254,184,000","256,632,000","340,960,000","255,847,000","256,426,000","252,032,000","332,273,000","255,320,000","262,430,000","273,121,000","356,007,000","-197,289,000","415,720,000","423,802,000","559,514,000","429,297,000","443,071,000","434,831,000","567,473,000","480,410,000","440,999,000","443,349,000","573,611,000","445,494,000","464,796,000","475,625,000","649,879,000","143,051,000","604,477,000","591,313,000","763,626,000","569,557,000","570,900,000","550,237,000","710,979,000","542,018,000","535,894,000","519,105,000","686,118,000","497,421,000","488,871,000","477,218,000","614,611,000","494,465,000","441,886,000","423,983,000","553,436,000","408,212,000","402,120,000","379,342,000","500,230,000","372,538,000","368,857,000","363,996,000","478,993,000","358,115,000","349,883,000","320,958,000","414,127,000","302,476,000","294,444,000","282,842,000","365,300,000","290,600,000","259,500,000","230,500,000","314,500,000","235,900,000","225,600,000","214,300,000","277,100,000","201,300,000","200,700,000","200,800,000","263,200,000","229,300,000","186,700,000","200,500,000","263,600,000","202,600,000","187,100,000","187,400,000","244,400,000","190,100,000","189,600,000","181,100,000","320,000,000","265,200,000","271,800,000","216,100,000","315,100,000","230,900,000","217,400,000","216,300,000",,,,,
GrossProfit,"402,388,000","91,825,000","115,370,000","94,969,000","100,224,000","94,141,000","122,261,000","122,261,000","93,067,000","87,299,000","70,043,000","104,060,000","77,092,000","82,180,000","78,523,000","107,055,000","78,569,000","84,217,000",,"87,247,000",,"119,906,000","88,957,000","98,308,000",,"97,990,000",,"133,745,000","111,644,000","108,583,000","102,106,000",,"129,225,000","98,741,000","105,322,000","101,490,000","127,661,000","88,840,000","92,066,000","88,838,000","117,808,000","82,661,000","87,899,000","82,502,000","109,516,000","81,150,000","86,100,000","82,828,000","93,201,000","74,872,000","76,208,000","70,304,000","97,245,000","82,803,000","82,295,000","86,357,000","107,707,000","94,796,000","110,926,000","102,786,000","126,794,000","88,551,000","105,026,000","102,201,000","141,316,000","108,859,000","109,303,000","110,430,000","145,713,000","128,690,000","113,094,000","107,131,000","133,599,000","103,998,000","101,307,000","99,827,000","123,985,000","99,501,000","99,326,000","93,283,000","116,484,000","84,822,000","86,454,000","84,006,000","113,104,000","90,793,000","92,362,000","79,319,000","115,187,000","83,074,000","86,190,000","93,140,000","125,064,000","93,224,000","95,867,000","87,653,000","111,500,000","94,700,000","82,900,000","91,500,000","92,600,000","54,000,000","55,000,000","95,600,000","66,700,000","48,200,000","51,000,000","46,200,000","60,300,000","9,700,000","56,400,000","49,500,000","67,000,000","48,700,000","57,000,000","42,300,000","49,300,000","32,300,000","36,200,000","37,600,000","61,600,000","38,300,000","8,400,000","28,800,000","88,200,000","70,700,000","63,500,000","58,000,000",,,,,
OperatingExpense,"143,429,000","41,032,000","38,210,000","32,652,000","32,308,000","30,117,000","35,749,000","35,749,000","26,530,000","25,883,000","36,485,000","44,976,000","23,110,000","37,591,000","30,785,000","41,668,000","38,247,000","33,826,000",,"41,296,000",,"53,832,000","36,833,000","39,039,000",,"36,195,000",,"56,021,000","48,964,000","43,441,000","47,307,000",,"66,318,000","56,103,000","53,596,000","53,859,000","63,095,000","51,550,000","47,422,000","48,660,000","59,156,000","49,395,000","52,078,000","52,972,000","67,336,000","54,223,000","52,566,000","54,497,000","65,717,000","53,601,000","51,344,000","52,619,000","66,885,000","28,735,000","40,447,000","55,207,000","63,976,000","28,133,000","53,807,000","49,676,000","72,418,000","42,721,000","50,104,000","53,818,000","73,794,000","60,585,000","49,532,000","62,308,000","82,195,000","73,945,000","68,193,000","69,131,000","89,550,000","67,950,000","62,273,000","64,040,000","79,558,000","68,625,000","61,245,000","58,490,000","75,412,000","53,932,000","51,629,000","51,884,000","70,717,000","66,406,000","51,341,000","49,804,000","65,876,000","47,328,000","48,081,000","60,400,000","79,868,000","56,039,000","56,726,000","55,962,000","70,800,000","59,100,000","49,000,000","45,300,000","58,600,000","29,600,000","28,600,000","37,000,000","38,500,000","27,200,000","28,900,000","28,100,000","36,100,000","-7,100,000","38,400,000","35,200,000","44,600,000","33,800,000","43,300,000","34,400,000","48,500,000","31,900,000","29,400,000","36,000,000","51,000,000","38,800,000","40,800,000","48,500,000","52,900,000","33,800,000","37,700,000","37,300,000",,,,,
	SellingGeneralAndAdministration,"96,881,000","28,549,000","25,339,000","21,578,000","21,796,000","18,861,000","20,499,000","20,499,000","14,710,000","13,680,000","24,203,000","28,248,000","10,300,000","24,389,000","17,585,000","24,083,000","24,913,000","20,094,000",,"27,017,000",,"34,625,000","35,891,000","38,365,000",,"35,788,000",,"55,708,000","48,281,000","42,768,000","46,895,000",,"65,872,000","54,592,000","50,986,000","52,472,000","63,095,000","51,550,000","47,422,000","48,660,000","59,156,000","49,395,000","52,078,000","52,972,000","67,336,000","54,223,000","52,566,000","54,497,000","65,717,000","53,601,000","51,344,000","52,619,000","66,885,000","47,669,000","64,134,000","58,194,000","73,356,000","62,455,000","62,532,000","66,910,000","90,779,000","65,845,000","65,351,000","65,760,000","90,599,000","72,807,000","62,170,000","69,552,000","89,352,000","73,945,000","68,193,000","69,131,000","89,550,000","67,950,000","62,273,000","64,040,000","79,558,000","68,625,000","61,245,000","58,490,000","75,412,000","53,932,000","51,629,000","51,884,000","70,717,000","66,406,000","51,341,000","49,804,000","65,876,000","47,328,000","48,081,000","45,542,000","60,770,000","43,700,000","43,009,000","42,552,000","53,500,000","46,900,000","37,600,000","34,900,000","44,900,000","19,800,000","19,000,000","27,400,000","25,400,000","17,700,000","19,700,000","19,000,000","23,900,000","-16,000,000","29,300,000","26,200,000","32,600,000","24,700,000","24,200,000","24,300,000","37,000,000","23,500,000","21,200,000","23,000,000","33,000,000","27,800,000","26,600,000","33,700,000","36,200,000","25,400,000","25,000,000","22,500,000",,,,,
		GeneralAndAdministrativeExpense,,"28,549,000",,,,,,,,,,,,"24,389,000","17,585,000","24,083,000",,,,,,,,,,,,,,,,,,,,,,,,,,,,,,,,,,,,,,,,,,,,,,,,,,,,,,,,,,,,,,,,,,,,,,,,,,,,,,,,,,,,,,,,,,,,,,,,,,,,,,,,,,,,,,,,,,,,,
			SalariesAndWages,,"70,000",,,,,,,,,,,,,,,,,,,,,,,,,,,,,,,,,,,,,,,,,,,,,,,,,,,,,,,,,,,,,,,,,,,,,,,,,,,,,,,,,,,,,,,,,,,,,,,,,,,,,,,,,,,,,,,,,,,,,,,,,,,,,,,,,,,
			OtherGandA,,"28,479,000",,,,,,,,,,,,"24,389,000","17,585,000","24,083,000",,,,,,,,,,,,,,,,,,,,,,,,,,,,,,,,,,,,,,,,,,,,,,,,,,,,,,,,,,,,,,,,,,,,,,,,,,,,,,,,,,,,,,,,,,,,,,,,,,,,,,,,,,,,,,,,,,,,,
	DepreciationAmortizationDepletionIncomeStatement,"46,290,000","11,833,000","12,871,000","11,074,000","10,512,000","11,256,000","15,250,000","15,250,000","11,820,000","12,203,000","12,282,000","16,728,000","12,810,000","13,202,000","13,200,000","17,585,000","13,334,000","13,732,000",,"14,279,000",,"19,207,000","942,000","674,000",,"407,000",,"313,000","683,000","673,000","412,000",,"446,000","1,511,000","2,610,000","1,387,000",,,,,,,,,,,,,,,,,,,,,,,,,,,,,,,,,,,,,,,,,,,,,,,,,,,,,,,,"14,858,000","19,098,000","12,339,000","13,717,000","13,410,000","17,300,000","12,200,000","11,400,000","10,400,000","13,700,000","9,800,000","9,600,000","9,600,000","13,100,000","9,500,000","9,200,000","9,100,000","12,200,000","8,900,000","9,100,000","9,000,000","12,000,000","9,100,000","19,100,000","10,100,000","11,500,000","8,400,000","8,200,000","13,000,000","18,000,000","11,000,000","14,200,000","14,800,000","16,700,000","8,400,000","12,700,000","14,800,000",,,,,
		DepreciationAndAmortizationInIncomeStatement,"46,290,000","11,833,000","12,871,000","11,074,000","10,512,000","11,256,000","15,250,000","15,250,000","11,820,000","12,203,000","12,282,000","16,728,000","12,810,000","13,202,000","13,200,000","17,585,000","13,334,000","13,732,000",,"14,279,000",,"19,207,000","942,000","674,000",,"407,000",,"313,000","683,000","673,000","412,000",,"446,000","1,511,000","2,610,000","1,387,000",,,,,,,,,,,,,,,,,,,,,,,,,,,,,,,,,,,,,,,,,,,,,,,,,,,,,,,,"14,858,000","19,098,000","12,339,000","13,717,000","13,410,000","17,300,000","12,200,000","11,400,000","10,400,000","13,700,000","9,800,000","9,600,000","9,600,000","13,100,000","9,500,000","9,200,000","9,100,000","12,200,000","8,900,000","9,100,000","9,000,000","12,000,000","9,100,000","19,100,000","10,100,000","11,500,000","8,400,000","8,200,000","13,000,000","18,000,000","11,000,000","14,200,000","14,800,000","16,700,000","8,400,000","12,700,000","14,800,000",,,,,
			DepreciationIncomeStatement,"46,290,000","11,833,000","12,871,000","11,074,000","10,512,000","11,256,000","15,250,000","15,250,000","11,820,000","12,203,000","12,282,000","16,728,000","12,810,000","13,202,000","13,200,000","17,585,000","13,334,000","13,732,000",,"14,279,000",,"19,207,000","942,000","674,000",,"407,000",,"313,000","683,000","673,000","412,000",,"446,000","1,511,000","2,610,000","1,387,000",,,,,,,,,,,,,,,,,,,,,,,,,,,,,,,,,,,,,,,,,,,,,,,,,,,,,,,,,,,,,,,,,,,,,,,,,,,,,,,,,,,,,,,,,,,,,,,,,
	OtherOperatingExpenses,,"650,000",,,,,,,,,,,,,,,,,,,,,,,,,,,,,,,,,,,,,,,,,,,,,,,,,,"-878,000","-27,872,000","-18,934,000","-23,687,000","-2,987,000","-9,380,000","-34,322,000","-8,725,000","-17,234,000","-18,361,000","-23,124,000","-15,247,000","-11,942,000","-16,805,000","-12,222,000","-12,638,000","-7,244,000","-7,157,000",,,,,,,,,,,,,,,,,,,,,,,,,,,,,,,,,,,,,,,,,,,,,,,,,,,,,,,,,,,,,,,,
OperatingIncome,"258,959,000","50,793,000","77,160,000","62,317,000","67,916,000","64,024,000","86,512,000","86,512,000","66,537,000","61,416,000","33,558,000","59,084,000","53,982,000","44,589,000","47,738,000","65,387,000","40,322,000","50,391,000",,"45,951,000",,"66,074,000","52,124,000","59,269,000",,"61,795,000",,"77,724,000","62,680,000","65,142,000","54,799,000",,"62,907,000","42,638,000","51,726,000","47,631,000","64,566,000","37,290,000","44,644,000","40,178,000","58,652,000","33,266,000","35,821,000","29,530,000","42,180,000","26,927,000","33,534,000","28,331,000","27,484,000","21,271,000","24,864,000","17,685,000","30,360,000","54,068,000","41,848,000","31,150,000","43,731,000","66,663,000","57,119,000","53,110,000","54,376,000","45,830,000","54,922,000","48,383,000","67,522,000","48,274,000","59,771,000","48,122,000","63,518,000","54,745,000","44,901,000","38,000,000","44,049,000","36,048,000","39,034,000","35,787,000","44,427,000","30,876,000","38,081,000","34,793,000","41,072,000","30,890,000","34,825,000","32,122,000","42,387,000","24,387,000","41,021,000","29,515,000","49,311,000","35,746,000","38,109,000","32,740,000","45,196,000","37,185,000","39,141,000","31,691,000","40,700,000","35,600,000","33,900,000","46,200,000","34,000,000","24,400,000","26,400,000","58,600,000","28,200,000","21,000,000","22,100,000","18,100,000","24,200,000","16,800,000","18,000,000","14,300,000","22,400,000","14,900,000","13,700,000","7,900,000","800,000","400,000","6,800,000","1,600,000","10,600,000","-500,000","-32,400,000","-19,700,000","35,300,000","36,900,000","25,800,000","20,700,000","366,900,000","-768,000,000","289,300,000","263,500,000","343,800,000"
NetNonOperatingInterestIncomeExpense,"-78,164,000","-26,481,000","-20,187,000","-16,338,000","-15,158,000","-15,227,000","-20,735,000","-20,735,000","-15,692,000","-15,700,000","-15,409,000","-19,942,000","-17,823,000","-36,494,000","-13,276,000","-17,374,000","-11,481,000","-10,873,000",,"-10,413,000",,"-12,780,000","-11,427,000","-11,433,000",,"-10,941,000",,"-12,717,000","-8,382,000","-7,613,000","-6,911,000",,"-8,175,000","-4,866,000","-4,504,000","-4,220,000","-5,213,000","-3,290,000","-3,535,000","-4,311,000","-4,542,000","-3,190,000","-3,270,000","-3,426,000","-5,365,000","-3,912,000","-4,371,000","-4,534,000","-6,057,000","-4,282,000","-4,016,000","-3,945,000","-4,611,000","-4,165,000","-2,421,000","-3,873,000","-5,435,000","-4,095,000","-4,372,000","-4,573,000","-7,727,000",,,,,,,,,,,,,,,,,,,,,,,,,,,,,,,,,,,,,,,,,,,,,,,,,,,,,,,,,,,,,,,,,,,,,,,,
	InterestIncomeNonOperating,"291,000","81,000","86,000","76,000","48,000","14,000","4,000","4,000","1,000","3,000","49,000","477,000","617,000","67,000","138,000","238,000","553,000","336,000",,"58,000",,"31,000","11,000","14,000",,"27,000",,"31,000","35,000","40,000","214,000",,"56,000","58,000","60,000","68,000","191,000","256,000","211,000","189,000","197,000","266,000","231,000","272,000","451,000","491,000","423,000","618,000","547,000","363,000","353,000","259,000","336,000","202,000","326,000","252,000","337,000","258,000","250,000","406,000","474,000",,,,,,,,,,,,,,,,,,,,,,,,,,,,,,,,,,,,,,,,,,,,,,,,,,,,,,,,,,,,,,,,,,,,,,,,
	InterestExpenseNonOperating,"78,455,000","26,562,000","20,273,000","16,414,000","15,206,000","15,241,000","20,739,000","20,739,000","15,693,000","15,703,000","15,458,000","20,419,000","18,440,000","36,561,000","13,414,000","17,612,000","12,034,000","11,209,000",,"10,471,000",,"12,811,000","11,438,000","11,447,000",,"10,968,000",,"12,748,000","8,417,000","7,653,000","7,125,000",,"8,231,000","4,924,000","4,564,000","4,288,000","5,404,000","3,546,000","3,746,000","4,500,000","4,739,000","3,456,000","3,501,000","3,698,000","5,816,000","4,403,000","4,794,000","5,152,000","6,604,000","4,645,000","4,369,000","4,204,000","4,947,000","4,367,000","2,747,000","4,125,000","5,772,000","4,353,000","4,622,000","4,979,000","8,201,000",,,,,,,,,,,,,,,,,,,,,,,,,,,,,,,,,,,,,,,,,,,,,,,,,,,,,,,,,,,,,,,,,,,,,,,,
	TotalOtherFinanceCost,,,,,,,,,,,,"19,942,000","17,823,000","36,494,000","13,276,000","17,374,000","11,481,000","10,873,000",,"10,413,000",,"12,780,000","11,427,000","11,433,000",,"10,941,000",,"12,717,000","8,382,000","7,613,000",,,"8,175,000","4,866,000","4,504,000",,"5,213,000","3,290,000","3,535,000","4,311,000","4,542,000","3,190,000","3,270,000","3,426,000",,"3,912,000",,,"6,057,000",,,,"-4,611,000",,,,,,,,,,,,,,,,,,,,,,,,,,,,,,,,,,,,,,,,,,,,,,,,,,,,,,,,,,,,,,,,,,,,,,,,,,,,,,,,
OtherIncomeExpense,"-11,413,000","-12,619,000","-3,513,000","6,231,000","-739,000","661,000","2,143,000","2,143,000","-1,283,000","-1,108,000","-1,228,000","-28,112,000","-5,810,000","3,330,000","-958,000","-7,519,000","-4,675,000","25,949,000",,"869,000",,"6,733,000","8,269,000","7,712,000",,"3,855,000",,"-4,607,000","-3,770,000","-9,437,000","-2,013,000",,"-393,000","-964,000","-1,331,000","-5,763,000","-1,330,000","-8,065,000","-1,644,000","-7,299,000","-1,448,000","3,433,000","-4,937,000","-4,800,000","-2,515,000","1,886,000","-11,448,000","9,004,000","-3,229,000","19,704,000","8,089,000","-3,616,000","24,276,000",,,,,,,,,"23,124,000","15,247,000","11,942,000","16,805,000","12,222,000","12,638,000","7,244,000","7,157,000","24,807,000","7,599,000","9,052,000",,,,,,,,,,,,,,,,"4,315,000","3,841,000",,,"1,471,000","1,551,000",,,,,,,,,,,,,,,,,,,,,"0",,,"-5,400,000","3,600,000","400,000","-1,300,000",,,,,,,"2,100,000","3,100,000",,,,,
	SpecialIncomeCharges,"-10,532,000","-12,619,000","-3,420,000","6,434,000","-535,000","864,000","2,414,000","2,414,000","-535,000","374,000","-716,000","10,866,000","-5,467,000","3,672,000","-615,000","-7,063,000","-4,675,000","25,949,000",,"869,000",,"6,733,000","8,269,000","7,712,000",,"3,855,000",,"-4,607,000","-3,770,000","-9,437,000","-2,013,000",,"-393,000","-964,000","-1,331,000","-5,763,000","-1,330,000","-8,065,000","-1,644,000","-7,299,000","-1,448,000","3,433,000","-4,937,000","-4,800,000","-2,515,000","1,886,000","-11,448,000","9,004,000","-3,229,000","19,704,000","8,089,000","-3,616,000","24,276,000",,,,,,,,,"23,124,000","15,247,000","11,942,000","16,805,000","12,222,000","12,638,000","7,244,000","7,157,000","24,807,000","7,599,000","9,052,000",,,,,,,,,,,,,,,,"4,315,000","3,841,000",,,"1,471,000","1,551,000",,,,,,,,,,,,,,,,,,,,,"0",,,"-5,400,000","3,600,000","400,000","-1,300,000",,,,,,,"2,100,000","3,100,000",,,,,
		RestructuringAndMergernAcquisition,"18,021,000","13,098,000","4,085,000","-176,000","622,000","439,000","1,029,000","1,029,000","553,000","892,000","449,000","1,146,000","7,102,000","1,946,000","1,329,000","6,706,000","7,162,000","2,250,000",,"4,305,000",,"1,733,000","4,559,000","4,081,000",,"3,389,000",,"4,045,000","3,265,000","8,658,000","1,015,000",,"560,000","947,000","896,000","985,000","793,000","1,499,000","879,000","8,222,000","862,000","2,777,000","872,000","772,000","1,573,000",,,,,,,,,,,,,,,,,,,,,,,,,,,,,,,,,,,,,,,,,,,,,,,,,,,,,,,,,,,,,,,,,,,,,,,,,,,,,,,,,,,,,,,,
		ImpairmentOfCapitalAssets,,,,,,,,,,,,,,,,,,,,,,,,,,,,,,,,,,,,,,,,,,,,,,"8,326,000","15,181,000","5,074,000","4,351,000","2,481,000","2,101,000","4,494,000","3,596,000",,,,,,,,,,,,,,,,,,,,,,,,,,,,,,,,,,,,,,,,,,,,,,,,,,,,,,,,,,,,,,,,,,,,,,,,,,,,,,,,
		WriteOff,,,,"-5,080,000",,,,,"1,344,000","738,000","716,000","-9,291,000","6,888,000","0","0","0","-80,000","3,265,000",,"0",,"291,000","2,591,000","505,000",,"4,331,000",,"5,057,000","-7,000","551,000","0",,"1,657,000","492,000","24,000","27,000","215,000","244,000","146,000","85,000","95,000","489,000","501,000","362,000","2,522,000",,,,,,,,,,,,,,,,,,,,,,,,,,,,,,,,,,,,,,,,,,,,,,,,,,,,,,,,,,,,,,,,,,,,,,,,,,,,,,,,,,,,,,,,
		OtherSpecialCharges,,,,,,,,,,,"331,000","101,000","5,369,000","2,010,000","383,000","866,000","1,320,000","378,000",,"1,730,000",,"1,375,000","1,803,000","2,244,000",,"1,193,000",,"1,997,000","942,000","914,000","1,015,000",,"560,000","947,000","886,000","973,000","786,000","1,228,000","318,000","731,000","564,000","620,000","733,000","429,000","761,000","-10,212,000","-3,733,000","-14,078,000","-1,122,000","-22,185,000","-10,190,000","-878,000","-27,872,000",,,,,,,,,,,,,,,,,,,,,,,,,,,,,,,,,,,,,,,,,,,,,,,,,,,,,,,,,,,,,,,,,,,,,,,,,,,,,,,,
		GainOnSaleOfBusiness,"2,246,000","810,000","48,000","1,124,000","264,000","1,532,000","1,283,000","1,283,000","636,000","1,050,000","0","1,575,000","1,147,000","0","0","219,000","3,076,000","28,676,000",,"5,472,000",,"8,940,000","16,868,000","13,250,000",,"7,779,000",,"137,000","6,000","409,000","-3,000",,"818,000","1,214,000","-183,000","-5,020,000","850,000","-5,790,000","24,000","1,757,000","461,000","7,819,000","-1,509,000","-2,418,000","748,000",,,,,,,,,,,,,,,,,,,,,,,,,,,,,,,,,,,,,,,,,,,,,,,,,,,,,,,,,,,,,,,,,,,,,,,,,,,,,,,,,,,,,,,,
		GainOnSaleOfPPE,"5,243,000","-331,000","617,000","5,134,000","-177,000","-229,000","2,160,000","2,160,000","-618,000","216,000","-267,000","10,437,000","488,000","5,618,000","714,000","-576,000","-669,000","-477,000",,"-298,000",,"-183,000","-1,449,000","-952,000",,"-535,000",,"-699,000","-518,000","-637,000","-995,000",,"-651,000","-739,000","-228,000","269,000","-1,172,000","-532,000","-643,000","-749,000","-952,000","-1,120,000","-2,055,000","-1,248,000","832,000",,,,,,,,,,,,,,,,,,,,,,,,,,,,,,,,,,,,,,,,,,,,,,,,,,,,,,,,,,,,,,,,,,,,,,,,,,,,,,,,,,,,,,,,
	OtherNonOperatingIncomeExpenses,,"-70,000","-93,000","-203,000","-204,000","-203,000","-271,000","-271,000","-748,000","-1,482,000","-512,000","-38,978,000","-343,000","-342,000","-343,000","-456,000",,,,,,,,,,,,,,,,,,,,,,,,,,,,,,,,,,,,,,,,,,,,,,,,,,,,,,,,,,,,,,,,,,,,,,,,,,,,,,,,,,,,,,,,,,,,,,,,,,,,,,,,,,,,,,,,,,,,,
PretaxIncome,"169,382,000","11,693,000","53,460,000","52,210,000","52,019,000","49,458,000","67,920,000","67,920,000","49,562,000","44,608,000","16,921,000","11,030,000","30,349,000","11,425,000","33,504,000","40,494,000","24,166,000","65,467,000",,"36,407,000",,"60,027,000","48,966,000","55,548,000",,"54,709,000",,"60,400,000","50,528,000","48,092,000","45,875,000",,"54,339,000","36,808,000","45,891,000","37,648,000","58,023,000","25,935,000","39,465,000","28,568,000","52,662,000","33,509,000","27,614,000","21,304,000","34,300,000","24,901,000","17,715,000","32,801,000","18,198,000","36,693,000","28,937,000","10,124,000","50,025,000","1,016,000","39,427,000","27,277,000","38,296,000","62,568,000","52,747,000","48,537,000","46,649,000","39,952,000","48,949,000","41,642,000","58,686,000","41,794,000","53,672,000","42,841,000","58,024,000","52,785,000","42,216,000","34,560,000","40,059,000","31,775,000","34,599,000","32,265,000","39,565,000","27,288,000","34,324,000","30,719,000","25,173,000","25,650,000","29,287,000","26,320,000","34,129,000","19,055,000","35,935,000","28,640,000","42,006,000","30,833,000","32,454,000","28,334,000","38,739,000","31,779,000","33,008,000","25,685,000","32,300,000","29,200,000","27,600,000","39,700,000","25,000,000","18,300,000","18,600,000","50,400,000","17,200,000","12,200,000","12,800,000","8,600,000","11,600,000","7,400,000","7,000,000","3,300,000","7,700,000","3,800,000",,,"-20,000,000","-8,300,000","-5,100,000","-12,100,000","-7,900,000","-6,300,000",,"-32,700,000","18,200,000","14,500,000","14,200,000","5,500,000",,,,,
TaxProvision,"43,354,000","3,897,000","14,190,000","13,276,000","11,991,000","13,524,000","17,061,000","17,061,000","11,704,000","12,432,000","5,458,000","3,133,000","8,326,000","-2,048,000","8,374,000","9,373,000","5,830,000","17,334,000",,"11,426,000",,"47,138,000","18,633,000","18,427,000",,"20,889,000",,"23,366,000","17,967,000","17,308,000","16,847,000",,"20,442,000","13,030,000","17,528,000","14,286,000","20,925,000","8,492,000","13,338,000","10,304,000","19,652,000","9,392,000","10,318,000","7,894,000","10,356,000","7,103,000","6,123,000","11,169,000","6,248,000","14,040,000","10,192,000","3,322,000","17,624,000","-3,024,000","15,185,000","9,597,000","14,048,000","21,951,000","19,871,000","18,951,000","18,682,000","14,148,000","19,033,000","15,213,000","22,147,000","14,796,000","18,929,000","15,632,000","20,670,000","18,561,000","14,375,000","12,773,000","14,836,000","10,231,000","10,713,000","11,588,000","14,135,000","9,440,000","12,700,000","11,114,000","9,566,000","9,283,000","9,515,000","10,001,000","12,969,000","5,071,000","11,733,000","10,454,000","15,332,000","11,000,000","10,500,000","10,100,000","14,700,000","-11,200,000","12,200,000","9,600,000","11,900,000","10,800,000","10,200,000","14,700,000","9,200,000","5,800,000","6,000,000","16,100,000","5,500,000","2,600,000","2,800,000","1,900,000","2,600,000","1,500,000","1,500,000","-700,000","3,000,000","0",,,"500,000","11,000,000","-1,700,000","-2,900,000","-3,500,000","-26,000,000",,"-3,400,000","7,300,000","5,900,000","6,400,000","2,500,000",,,,,
NetIncomeCommonStockholders,"126,028,000","7,796,000","39,270,000","38,934,000","40,028,000","35,934,000","50,859,000","50,859,000","37,849,000","32,555,000","11,463,000","7,897,000","22,061,000","13,189,000","25,089,000","34,098,000","16,269,000","45,307,000",,"47,605,000",,"12,190,000","29,958,000","36,351,000",,"33,094,000",,"35,929,000","31,981,000","30,189,000","28,682,000",,"33,221,000","23,141,000","26,831,000","23,005,000","35,835,000","16,160,000","24,703,000","15,801,000","32,286,000","22,828,000","-5,656,000","13,290,000","20,689,000","12,477,000","11,592,000","21,632,000","11,950,000","22,653,000","18,745,000","6,802,000","32,401,000","4,040,000","24,242,000","17,680,000","24,248,000","40,592,000","19,558,000","29,861,000","28,397,000","26,874,000","29,916,000","26,429,000","36,539,000","26,998,000","34,743,000","27,209,000","37,354,000","35,268,000","27,841,000","21,787,000","25,223,000","21,544,000","23,886,000","20,677,000","25,430,000","17,848,000","21,624,000","19,605,000","15,607,000","16,367,000","19,772,000","16,319,000","21,160,000","13,984,000","24,202,000","18,186,000","26,674,000","17,974,000","21,954,000","18,234,000","24,039,000","42,979,000","20,808,000","16,085,000","20,400,000","18,400,000","17,400,000","25,000,000","15,800,000","12,500,000","8,200,000","34,300,000","11,700,000","8,300,000","10,000,000","6,700,000","9,000,000","5,900,000","5,500,000","4,000,000","4,700,000","3,800,000","2,600,000","-3,100,000","-20,500,000","-19,900,000","-3,400,000","-11,900,000","-4,400,000","-34,300,000","-45,500,000","-29,300,000","10,900,000","8,600,000","4,600,000","-57,500,000","2,400,000","-16,200,000","5,500,000","1,100,000","400,000"
	NetIncome,"126,028,000","7,796,000","39,270,000","38,934,000","40,028,000","35,934,000","50,859,000","50,859,000","37,849,000","32,555,000","11,463,000","7,897,000","22,061,000","13,189,000","25,089,000","34,098,000","16,269,000","45,307,000",,"47,605,000",,"12,190,000","29,958,000","36,351,000",,"33,094,000",,"35,929,000","31,981,000","30,189,000","28,682,000",,"33,221,000","23,141,000","26,831,000","23,005,000","35,835,000","16,160,000","24,703,000","15,801,000","32,286,000","22,828,000","-5,656,000","13,290,000","20,689,000","12,477,000","11,592,000","21,632,000","11,950,000","22,653,000","18,745,000","6,802,000","32,401,000","4,040,000","24,242,000","17,680,000","24,248,000","40,592,000","19,558,000","29,861,000","28,397,000","26,874,000","29,916,000","26,429,000","36,539,000","26,998,000","34,743,000","27,209,000","37,354,000","35,268,000","27,841,000","21,787,000","25,223,000","21,544,000","23,886,000","20,677,000","25,430,000","17,848,000","21,624,000","19,605,000","15,607,000","16,367,000","19,772,000","16,319,000","21,160,000","13,984,000","24,202,000","18,186,000","26,674,000","17,974,000","21,954,000","18,234,000","24,039,000","42,979,000","20,808,000","16,085,000","20,400,000","18,400,000","17,400,000","25,000,000","15,800,000","12,500,000","8,200,000","34,300,000","11,700,000","8,300,000","10,000,000","6,700,000","9,000,000","5,900,000","5,500,000","4,000,000","4,700,000","3,800,000","2,600,000","-3,100,000","-20,500,000","-19,900,000","-3,400,000","-11,900,000","-4,400,000","-34,300,000","-45,500,000","-29,300,000","10,900,000","8,600,000","4,600,000","-57,500,000","2,400,000","-16,200,000","5,500,000","1,100,000","400,000"
		NetIncomeIncludingNoncontrollingInterests,"126,028,000","7,796,000","39,270,000","38,934,000","40,028,000","35,934,000","50,859,000","50,859,000","37,849,000","32,555,000","11,463,000","7,897,000","22,061,000","13,189,000","25,089,000","34,098,000","16,269,000","45,307,000",,"47,605,000",,"12,190,000","29,958,000","36,351,000",,"33,094,000",,"35,929,000","31,981,000","30,189,000","28,682,000",,"33,221,000","23,141,000","26,831,000","23,005,000","35,835,000","16,160,000","24,703,000","15,801,000","32,286,000","22,828,000","-5,656,000","13,290,000","20,689,000","12,477,000","11,592,000","21,632,000","11,950,000","22,653,000","18,745,000","6,802,000","32,401,000","4,040,000","24,242,000","17,680,000","24,248,000","40,592,000","19,558,000","29,861,000","28,397,000","26,874,000","29,916,000","26,429,000","36,539,000","26,998,000","34,743,000","27,209,000","37,354,000","35,268,000","27,841,000","21,787,000","25,223,000","21,544,000","23,886,000","20,677,000","25,430,000","17,848,000","21,624,000","19,605,000","15,607,000","16,367,000","19,772,000","16,319,000","21,160,000","13,984,000","24,202,000","18,186,000","26,674,000","17,974,000","21,954,000","18,234,000","24,039,000","42,979,000","20,808,000","16,085,000","20,400,000","18,400,000","17,400,000","25,000,000","15,800,000","12,500,000","8,200,000","34,300,000","11,700,000","8,300,000","10,000,000","6,700,000","9,000,000","5,900,000","5,500,000","4,000,000","4,700,000","3,800,000","2,600,000","-3,100,000","-20,500,000","-19,900,000","-3,400,000","-11,900,000","-4,400,000","-34,300,000","-45,500,000","-29,300,000","10,900,000","8,600,000","4,600,000","-57,500,000","2,400,000","-16,200,000","5,500,000","1,100,000","400,000"
			NetIncomeContinuousOperations,"126,028,000","7,796,000","39,270,000","38,934,000","40,028,000","35,934,000","50,859,000","50,859,000","37,858,000","32,176,000","11,463,000","7,897,000","22,023,000","13,473,000","25,130,000","31,121,000","18,336,000","48,133,000",,"24,981,000",,"12,889,000","30,333,000","37,121,000",,"33,820,000",,"37,034,000","32,561,000","30,784,000","29,028,000",,"33,897,000","23,778,000","28,363,000","23,362,000","37,098,000","17,443,000","26,127,000","18,264,000","33,010,000","24,117,000","17,296,000","13,410,000","23,944,000","17,798,000","11,592,000","21,632,000","11,950,000","22,653,000","18,745,000","6,802,000","32,401,000","4,040,000","24,242,000","17,680,000","24,248,000","40,617,000","32,876,000","29,586,000","27,967,000","25,804,000","29,916,000","26,429,000","36,539,000","26,998,000","34,743,000","27,209,000","37,354,000","34,224,000","27,841,000","21,787,000","25,223,000","21,544,000","23,886,000","20,677,000","25,430,000","17,848,000","21,624,000","19,605,000","15,607,000","16,367,000","19,772,000","16,319,000","21,160,000","13,984,000","24,202,000","18,186,000","26,674,000","19,833,000","21,954,000","18,234,000","24,039,000","42,979,000","20,808,000","16,085,000","20,400,000","18,400,000","17,400,000","25,000,000","15,800,000","12,500,000","12,600,000","34,300,000","11,700,000","9,600,000","10,000,000","6,700,000","9,000,000","5,900,000","5,500,000","4,000,000","4,700,000","3,800,000","2,600,000","-3,100,000","-20,500,000","-19,300,000","-3,400,000","-9,200,000","-4,400,000","19,700,000","-45,500,000","-29,300,000","10,900,000","8,600,000","7,800,000","3,000,000","2,400,000","-16,200,000","5,500,000","1,100,000","400,000"
			NetIncomeDiscontinuousOperations,,,,"0","0",,,,"-9,000","379,000","0","0","38,000","-284,000","-41,000","2,977,000","-2,067,000","-2,826,000",,"22,624,000",,"-699,000","-375,000","-770,000",,"-726,000",,"-1,105,000","-580,000","-595,000","-346,000",,"-676,000","-637,000","-1,532,000","-357,000","-1,263,000","-1,283,000","-1,424,000","-2,463,000","-724,000","-1,289,000","-22,952,000","-120,000","-3,255,000","-5,321,000",,,,,,,,"0","0","0","0","-25,000","-13,318,000","275,000","430,000",,,,,,,,,,,,,,,,,,,,,,,,,,,,,,,,,,,,,,,,,,,,,,,,,,,,,,,,,,,,,,,,,,,,,,,,
			NetIncomeExtraordinary,,,,,,,,,,,,,,,,,,,,,,,,,,,,,,,,,,,,,,,,,,,,,,,,,,,,,,,,,,,,,,,,,,,,,,,,,,,,,,,,,,,,,,,,,,,,,,,,,,,,,,,"-4,400,000",,,,,,,,,,,,,,,,,"-2,700,000",,,,,,,,,,,,,
			NetIncomeFromTaxLossCarryforward,,,,,,,,,,,,,,,,,,,,,,,,,,,,,,,,,,,,,,,,,,,,,,,,,,,,,,,,,,,,,,,,,,,,,,,,,,,,,,,,,,,,,,,,,,,,,,,,,,,,,,,,,,,,,,,,,,,,,,"-600,000",,,,,,,,"0","-3,200,000","-60,500,000",,,,,
DilutedNIAvailtoComStockholders,"126,028,000","7,796,000","39,270,000","38,934,000","40,028,000","35,934,000","50,859,000","50,859,000","37,849,000","32,555,000","11,463,000","7,897,000","22,061,000","13,189,000","25,089,000","34,098,000","16,269,000","45,307,000",,"47,605,000",,"12,190,000","29,958,000","36,351,000",,"33,094,000",,"35,929,000","31,981,000","30,189,000","28,682,000",,"33,221,000","23,141,000","26,831,000","23,005,000","35,835,000","16,160,000","24,703,000","15,801,000","32,286,000","22,828,000","-5,656,000","13,290,000","20,689,000","12,477,000","11,592,000","21,632,000","11,950,000","22,653,000","18,745,000","6,802,000","32,401,000","4,040,000","24,242,000","17,680,000","24,248,000","40,592,000","19,558,000","29,861,000","28,397,000","26,874,000","29,916,000","26,429,000","36,539,000","26,998,000","34,743,000","27,209,000","37,354,000","35,268,000","27,841,000","21,787,000","25,223,000","21,544,000","23,886,000","20,677,000","25,430,000","17,848,000","21,624,000","19,605,000","15,607,000","16,367,000","19,772,000","16,319,000","21,160,000","13,984,000","24,202,000","18,186,000","26,674,000","17,974,000","21,954,000","18,234,000","24,039,000","42,979,000","20,808,000","16,085,000","20,400,000","18,400,000","17,400,000","25,000,000","15,800,000","12,500,000","8,200,000","34,300,000","11,700,000","8,300,000","10,000,000","6,700,000","9,000,000","5,900,000","5,500,000","4,000,000","4,700,000","3,800,000","2,600,000","-3,100,000","-20,500,000","-19,900,000","-3,400,000","-11,900,000","-4,400,000","-34,300,000","-45,500,000","-29,300,000","10,900,000","8,600,000","4,600,000","-57,500,000","2,400,000","-16,200,000","5,500,000","1,100,000","400,000"
BasicEPS,,"0.37","1.85","1.81","1.8","1.58","2.21","2.21","1.65","1.42","0.5","0.33","0.86","0.51","0.97","1.32","0.61","1.62","1.64","1.64","0.41","0.41","1.02","1.23","1.07","1.07","1.12","1.12","0.98","0.92","0.85","0.94","0.94","0.64","0.72","0.61","0.93","0.41","0.62","0.38","0.76","0.53","-0.13","0.3","0.48","0.28","0.26","0.49","0.27",,"0.39","0.14","0.62",,"0.44","0.32","0.43",,"0.34","0.53","0.5",,"0.52","0.45","0.61",,"0.555","0.205","0.53",,"0.395","0.158","0.36",,"0.34","0.143","0.355",,"0.3","0.135","0.215",,"0.275","0.113","0.143",,"0.305","0.115","0.17",,"0.28","0.118","0.158",,"0.27","0.105","0.133",,"0.113","0.165","0.103",,"0.053","0.22","0.075",,"0.063","0.043","0.058",,"0.035","0.025","0.03",,"0.018","-0.02","-0.133",,"-0.023","-0.078","-0.028",,"-0.29","-0.188","0.07",,"0.028","-0.483","0.028",,"0.035","0.01","0.005"
DilutedEPS,,"0.37","1.85","1.8","1.79","1.58","2.21","2.21","1.64","1.42","0.5","0.33","0.86","0.5","0.96","1.31","0.6","1.6","1.62","1.62","0.41","0.41","1.01","1.22","1.06","1.06","1.11","1.11","0.97","0.91","0.84","0.92","0.92","0.63","0.71","0.6","0.91","0.4","0.61","0.37","0.74","0.51","-0.13","0.29","0.47","0.27","0.26","0.48","0.27",,"0.38","0.13","0.61",,"0.44","0.32","0.43",,"0.34","0.52","0.49",,"0.51","0.44","0.6",,"0.54","0.2","0.515",,"0.385","0.153","0.35",,"0.33","0.138","0.34",,"0.29","0.133","0.215",,"0.27","0.11","0.14",,"0.3","0.113","0.168",,"0.275","0.115","0.153",,"0.265","0.103","0.13",,"0.11","0.16","0.1",,"0.05","0.213","0.073",,"0.063","0.043","0.058",,"0.035","0.025","0.03",,"0.018","-0.02","-0.133",,"-0.023","-0.078","-0.028",,"-0.29","-0.188","0.07",,"0.028","-0.483","0.028",,"0.035","0.01","0.005"
BasicAverageShares,,"21,227,000","21,205,000","21,537,000","22,263,000","22,723,000","22,968,000","22,968,000","22,903,000","22,847,000","22,803,000","23,741,000","25,456,000","25,958,000","25,943,000","25,907,000","26,866,000","28,042,000","29,040,000","29,040,000","29,551,000","29,551,000","29,478,000","29,474,000","30,895,000","30,895,000","32,168,000","32,168,000","32,694,000","32,642,000","33,656,000","35,458,000","35,458,000","37,276,000","37,106,000","37,970,000","38,640,000","38,982,000","39,692,000","41,464,000","42,434,000","43,069,000","43,772,000","43,747,000","42,997,000","44,069,000","44,156,000","43,937,000","43,863,000",,"48,498,000","50,183,000","52,077,000",,"54,937,000","54,972,000","56,273,000",,"56,921,000","56,714,000","56,592,000",,"57,746,000","58,833,000","59,523,000",,"62,360,000","132,240,000","70,280,000",,"70,146,000","137,928,000","69,956,000",,"70,160,000","144,368,000","71,908,000",,"72,582,000","144,460,000","72,100,000",,"72,014,000","145,596,000","148,864,000",,"79,026,000","157,744,000","157,084,000",,"77,908,000","155,024,000","153,716,000",,"76,538,000","152,872,000","76,410,000",,"76,534,000","76,232,000","76,232,000",,"78,274,000","78,620,000","78,398,000",,"78,120,000","77,966,000","77,704,000",,"77,680,000","77,642,000","77,640,000",,"78,314,000","77,380,000","77,350,000",,"77,156,000","77,118,000","77,086,000",,"76,430,000","76,430,000","76,280,000",,"87,272,727","87,272,727","87,272,727",,"80,000,000","80,000,000","80,000,000"
DilutedAverageShares,,"21,262,000","21,247,000","21,594,000","22,326,000","22,784,000","23,029,000","23,029,000","23,012,000","22,916,000","22,895,000","23,936,000","25,721,000","26,176,000","26,145,000","26,128,000","27,148,000","28,296,000","29,356,000","29,356,000","29,853,000","29,853,000","29,753,000","29,718,000","31,126,000","31,126,000","32,442,000","32,442,000","33,085,000","33,016,000","34,177,000","35,946,000","35,946,000","37,276,000","37,661,000","38,566,000","39,384,000","39,918,000","40,787,000","42,632,000","43,838,000","44,532,000","45,247,000","45,274,000","44,356,000","45,411,000","45,153,000","44,911,000","44,659,000",,"49,252,000","50,984,000","52,883,000",,"55,711,000","55,797,000","57,017,000",,"57,975,000","57,704,000","57,427,000",,"58,767,000","59,953,000","60,938,000",,"64,054,000","135,776,000","72,288,000",,"72,036,000","142,804,000","72,106,000",,"72,806,000","149,580,000","74,626,000",,"74,508,000","147,244,000","73,214,000",,"73,118,000","147,384,000","150,604,000",,"80,964,000","161,196,000","159,980,000",,"79,510,000","159,348,000","158,024,000",,"78,742,000","156,892,000","76,410,000",,"76,534,000","76,232,000","76,232,000",,"78,274,000","78,620,000","78,398,000",,"78,120,000","77,966,000","77,704,000",,"77,680,000","77,642,000","77,640,000",,"78,314,000","77,380,000","77,350,000",,"77,156,000","77,118,000","77,086,000",,"76,430,000","76,430,000","76,280,000",,"87,272,727","87,272,727","87,272,727",,"80,000,000","80,000,000","80,000,000"
TotalOperatingIncomeAsReported,"248,116,000","38,244,000","73,740,000","68,751,000","67,381,000","64,888,000","88,926,000","88,926,000","66,002,000","61,790,000","32,842,000","69,950,000","48,515,000","48,261,000","47,123,000","58,324,000","35,647,000","76,340,000",,"46,820,000",,"72,807,000","60,393,000","66,981,000",,"65,650,000",,"73,117,000","58,910,000","55,705,000","52,786,000",,"62,514,000","41,674,000","50,395,000","41,868,000","63,236,000","29,225,000","43,000,000","32,879,000","57,204,000","36,699,000","30,884,000","24,730,000","39,665,000",,,,,,,,,,,,,,,,,,,,,,,,,,,,,,,,,,,,,,,,,,,,,,,,,,,,,,,,,,,,,,,,,,,,,,,,,,,,,,,,,,,,,,,,
RentExpenseSupplemental,"294,674,000","78,415,000","84,860,000","68,472,000","62,927,000","62,253,000","83,004,000","83,004,000","61,863,000","60,946,000","60,911,000","80,475,000","51,330,000","49,423,000","49,718,000","66,726,000","50,527,000","51,116,000",,"54,208,000",,"74,271,000","101,104,000","101,553,000",,"102,987,000",,"134,493,000","109,491,000","97,966,000","96,935,000",,"129,918,000","228,523,000","56,103,000","56,468,000","75,031,000","58,483,000","57,671,000","56,998,000","74,709,000","60,214,000","59,360,000","63,152,000","83,354,000",,,,,,,,,,,,,,,,,,,,,,,,,,,,,,,,,,,,,,,,,,,,,,,,,,,,,,,,,,,,,,,,,,,,,,,,,,,,,,,,,,,,,,,,
TotalExpenses,"955,958,000","271,501,000","267,551,000","216,137,000","201,542,000","193,193,000","252,029,000","252,029,000","188,864,000","180,859,000","182,599,000","248,589,000","167,253,000","177,770,000","167,989,000","225,399,000","137,150,000","137,592,000",,"163,821,000",,"228,389,000","286,622,000","298,577,000",,"307,594,000",,"410,209,000","335,739,000","303,796,000","306,352,000",,"407,916,000","311,430,000","307,780,000","310,491,000","404,055,000","307,397,000","303,848,000","300,692,000","391,429,000","304,715,000","314,508,000","326,093,000","423,343,000","-143,066,000","468,286,000","478,299,000","625,231,000","482,898,000","494,415,000","487,450,000","634,358,000","509,145,000","481,446,000","498,556,000","637,587,000","473,627,000","518,603,000","525,301,000","722,297,000","185,772,000","654,581,000","645,131,000","837,420,000","630,142,000","620,432,000","612,545,000","793,174,000","615,963,000","604,087,000","588,236,000","775,668,000","565,371,000","551,144,000","541,258,000","694,169,000","563,090,000","503,131,000","482,473,000","628,848,000","462,144,000","453,749,000","431,226,000","570,947,000","438,944,000","420,198,000","413,800,000","544,869,000","405,443,000","397,964,000","381,358,000","493,995,000","358,515,000","351,170,000","338,804,000","436,100,000","349,700,000","308,500,000","275,800,000","373,100,000","265,500,000","254,200,000","251,300,000","315,600,000","228,500,000","229,600,000","228,900,000","299,300,000","222,200,000","225,100,000","235,700,000","308,200,000","236,400,000","230,400,000","221,800,000","292,900,000","222,000,000","219,000,000","217,100,000","371,000,000","304,000,000","312,600,000","264,600,000","368,000,000","264,700,000","255,100,000","253,600,000",,,,,
NetIncomeFromContinuingAndDiscontinuedOperation,"126,028,000","7,796,000","39,270,000","38,934,000","40,028,000","35,934,000","50,859,000","50,859,000","37,849,000","32,555,000","11,463,000","7,897,000","22,061,000","13,189,000","25,089,000","34,098,000","16,269,000","45,307,000",,"47,605,000",,"12,190,000","29,958,000","36,351,000",,"33,094,000",,"35,929,000","31,981,000","30,189,000","28,682,000",,"33,221,000","23,141,000","26,831,000","23,005,000","35,835,000","16,160,000","24,703,000","15,801,000","32,286,000","22,828,000","-5,656,000","13,290,000","20,689,000","12,477,000","11,592,000","21,632,000","11,950,000","22,653,000","18,745,000","6,802,000","32,401,000","4,040,000","24,242,000","17,680,000","24,248,000","40,592,000","19,558,000","29,861,000","28,397,000","26,874,000","29,916,000","26,429,000","36,539,000","26,998,000","34,743,000","27,209,000","37,354,000","34,224,000","27,841,000","21,787,000","25,223,000","21,544,000","23,886,000","20,677,000","25,430,000","17,848,000","21,624,000","19,605,000","15,607,000","16,367,000","19,772,000","16,319,000","21,160,000","13,984,000","24,202,000","18,186,000","26,674,000","19,833,000","21,954,000","18,234,000","24,039,000","42,979,000","20,808,000","16,085,000","20,400,000","18,400,000","17,400,000","25,000,000","15,800,000","12,500,000","12,600,000","34,300,000","11,700,000","9,600,000","10,000,000","6,700,000","9,000,000","5,900,000","5,500,000","4,000,000","4,700,000","3,800,000","2,600,000","-3,100,000","-20,500,000","-19,300,000","-3,400,000","-9,200,000","-4,400,000","19,700,000","-45,500,000","-29,300,000","10,900,000","8,600,000","7,800,000","3,000,000","2,400,000","-16,200,000","5,500,000","1,100,000","400,000"
NormalizedIncome,"133,864,292.499","16,212,873","41,783,700","34,136,042.597","40,439,415","35,305,872","49,050,914","49,050,914","38,266,660.466","31,906,346","11,947,732","117,416.863","25,990,173.251","10,792,440","25,591,250","36,549,152.887","21,883,165.439","29,060,485",,"24,384,727.607",,"8,761,671","25,210,597.169","31,969,384",,"31,437,610",,"39,858,762.219","34,990,444.466","36,823,680","30,302,229",,"34,142,232","24,400,744.838","29,185,558","26,940,823","37,947,870","22,867,245.036","27,215,328","22,928,061","33,917,896","21,646,211.227","20,386,562","16,429,200","25,699,470","16,449,980.724","19,083,121.423","15,693,933.234","14,070,373.118","10,488,426.049","13,505,054.429","9,231,477.677","16,677,528.216","4,040,000","24,242,000","17,680,000","24,248,000","40,617,000","32,876,000","29,586,000","27,967,000","10,868,785.342","20,597,540.951","18,849,750.252","26,075,893.041","19,102,858.209","26,562,160.195","22,608,220.466","32,746,551.737","18,139,984.314","22,829,540.861","16,080,520.718","25,223,000","21,544,000","23,886,000","20,677,000","25,430,000","17,848,000","21,624,000","19,605,000","15,607,000","16,367,000","19,772,000","16,319,000","21,160,000","13,984,000","24,202,000","15,446,035.265","24,234,947.627","19,833,000","21,954,000","17,287,355.898","23,076,546.426","42,979,000","20,808,000","16,085,000","20,400,000","18,400,000","17,400,000","25,000,000","15,800,000","12,500,000","12,600,000","34,300,000","11,700,000","9,600,000","10,000,000","6,700,000","9,000,000","5,900,000","5,500,000","4,000,000","4,700,000","3,800,000","2,600,000","-3,100,000","-17,260,000","-21,460,000","-3,666,666.667","-8,211,570.248","-4,400,000","19,700,000","-45,500,000","-29,300,000","10,900,000","8,600,000","6,540,000","1,140,000","2,400,000","-16,200,000","5,500,000","1,100,000","400,000"
InterestIncome,"291,000","81,000","86,000","76,000","48,000","14,000","4,000","4,000","1,000","3,000","49,000","477,000","617,000","67,000","138,000","238,000","553,000","336,000",,"58,000",,"31,000","11,000","14,000",,"27,000",,"31,000","35,000","40,000","214,000",,"56,000","58,000","60,000","68,000","191,000","256,000","211,000","189,000","197,000","266,000","231,000","272,000","451,000","491,000","423,000","618,000","547,000","363,000","353,000","259,000","336,000","202,000","326,000","252,000","337,000","258,000","250,000","406,000","474,000",,,,,,,,,,,,,,,,,,,,,,,,,,,,,,,,,,,,,,,,,,,,,,,,,,,,,,,,,,,,,,,,,,,,,,,,
InterestExpense,"78,455,000","26,562,000","20,273,000","16,414,000","15,206,000","15,241,000","20,739,000","20,739,000","15,693,000","15,703,000","15,458,000","20,419,000","18,440,000","36,561,000","13,414,000","17,612,000","12,034,000","11,209,000",,"10,471,000",,"12,811,000","11,438,000","11,447,000",,"10,968,000",,"12,748,000","8,417,000","7,653,000","7,125,000",,"8,231,000","4,924,000","4,564,000","4,288,000","5,404,000","3,546,000","3,746,000","4,500,000","4,739,000","3,456,000","3,501,000","3,698,000","5,816,000","4,403,000","4,794,000","5,152,000","6,604,000","4,645,000","4,369,000","4,204,000","4,947,000","4,367,000","2,747,000","4,125,000","5,772,000","4,353,000","4,622,000","4,979,000","8,201,000",,,,,,,,,,,,,,,,,,,,,,,,,,,,,,,,,,,,,,,,,,,,,,,,,,,,,,,,,,,,,,,,,,,,,,,,
NetInterestIncome,"-78,164,000","-26,481,000","-20,187,000","-16,338,000","-15,158,000","-15,227,000","-20,735,000","-20,735,000","-15,692,000","-15,700,000","-15,409,000","-19,942,000","-17,823,000","-36,494,000","-13,276,000","-17,374,000","-11,481,000","-10,873,000",,"-10,413,000",,"-12,780,000","-11,427,000","-11,433,000",,"-10,941,000",,"-12,717,000","-8,382,000","-7,613,000","-6,911,000",,"-8,175,000","-4,866,000","-4,504,000","-4,220,000","-5,213,000","-3,290,000","-3,535,000","-4,311,000","-4,542,000","-3,190,000","-3,270,000","-3,426,000","-5,365,000","-3,912,000","-4,371,000","-4,534,000","-6,057,000","-4,282,000","-4,016,000","-3,945,000","-4,611,000","-4,165,000","-2,421,000","-3,873,000","-5,435,000","-4,095,000","-4,372,000","-4,573,000","-7,727,000",,,,,,,,,,,,,,,,,,,,,,,,,,,,,,,,,,,,,,,,,,,,,,,,,,,,,,,,,,,,,,,,,,,,,,,,
EBIT,"247,837,000","38,255,000","73,733,000","68,624,000","67,225,000","64,699,000","88,659,000","88,659,000","65,255,000","60,311,000","32,379,000","31,449,000","48,789,000","47,986,000","46,918,000","58,106,000","36,200,000","76,676,000",,"46,878,000",,"72,838,000","60,404,000","66,995,000",,"65,677,000",,"73,148,000","58,945,000","55,745,000","53,000,000",,"62,570,000","41,732,000","50,455,000","41,936,000","63,427,000","29,481,000","43,211,000","33,068,000","57,401,000","36,965,000","31,115,000","25,002,000","40,116,000","29,304,000","22,509,000","37,953,000","24,802,000","41,338,000","33,306,000","14,328,000","54,972,000","5,383,000","42,174,000","31,402,000","44,068,000","66,921,000","57,369,000","53,516,000","54,850,000","45,830,000","54,922,000","48,383,000","67,522,000","48,274,000","59,771,000","48,122,000","63,518,000","54,745,000","44,901,000","38,000,000","44,049,000","36,048,000","39,034,000","35,787,000","44,427,000","30,876,000","38,081,000","34,793,000","41,072,000","30,890,000","34,825,000","32,122,000","42,387,000","24,387,000","41,021,000","29,515,000","49,311,000","35,746,000","38,109,000","32,740,000","45,196,000","37,185,000","39,141,000","31,691,000","40,700,000","35,600,000","33,900,000","46,200,000","34,000,000","24,400,000","26,400,000","58,600,000","28,200,000","21,000,000","22,100,000","18,100,000","24,200,000","16,800,000","18,000,000","14,300,000","22,400,000","14,900,000","13,700,000","7,900,000","800,000","400,000","6,800,000","1,600,000","10,600,000","-500,000","-32,400,000","-19,700,000","35,300,000","36,900,000","25,800,000","20,700,000","366,900,000","-768,000,000","289,300,000","263,500,000","343,800,000"
EBITDA,"294,127,000"
ReconciledCostOfRevenue,"813,545,000","230,469,000","229,716,000","183,715,000","169,357,000","163,636,000","216,959,000","216,959,000","162,507,000","155,038,000","146,114,000","203,613,000","144,417,000","140,595,000","137,714,000","184,147,000","99,121,000","104,304,000",,"122,849,000",,"174,607,000","231,319,000","239,851,000",,"250,627,000",,"326,514,000","264,928,000","240,045,000","238,640,000",,"313,530,000","235,575,000","236,464,000","237,514,000","340,960,000","255,847,000","256,426,000","252,032,000","332,273,000","255,320,000","262,430,000","273,121,000","356,007,000","-197,289,000","415,720,000","423,802,000","559,514,000","429,297,000","443,071,000","434,831,000","567,473,000","480,410,000","440,999,000","443,349,000","573,611,000","445,494,000","464,796,000","475,625,000","649,879,000","143,051,000","604,477,000","591,313,000","763,626,000","569,557,000","570,900,000","550,237,000","710,979,000","542,018,000","535,894,000","519,105,000","686,118,000","497,421,000","488,871,000","477,218,000","614,611,000","494,465,000","441,886,000","423,983,000","553,436,000","408,212,000","402,120,000","379,342,000","500,230,000","372,538,000","368,857,000","363,996,000","478,993,000","358,115,000","349,883,000","320,698,000","413,488,000","302,476,000","294,444,000","282,842,000","365,300,000","290,600,000","259,500,000","230,500,000","314,500,000","235,900,000","225,600,000","214,300,000","277,100,000","201,300,000","200,700,000","200,800,000","263,200,000","229,300,000","186,700,000","200,500,000","263,600,000","202,600,000","197,200,000","188,800,000","244,400,000","190,100,000","189,600,000","186,100,000","320,000,000","265,200,000","273,100,000","218,000,000","315,100,000","230,900,000","217,400,000","216,300,000",,,,,
ReconciledDepreciation,"45,274,000","11,833,000","12,496,000","10,844,000","10,389,000","10,696,000","14,571,000","14,571,000","11,647,000","12,141,000","12,282,000","16,728,000","12,536,000","12,786,000","12,690,000","17,169,000","13,116,000","13,194,000",,"13,955,000",,"19,157,000","19,412,000","20,361,000",,"21,179,000",,"27,987,000","22,530,000","20,983,000","20,817,000",,"28,514,000","21,263,000","20,330,000","20,505,000","27,370,000","20,799,000","20,860,000","21,271,000","28,454,000","21,349,000","22,280,000","22,574,000","30,016,000","23,748,000","22,336,000","22,340,000","29,534,000","21,805,000","22,525,000","22,235,000","29,582,000","24,871,000","22,491,000","23,023,000","31,129,000","23,441,000","23,502,000","22,206,000","31,681,000","23,820,000","23,862,000","23,665,000","31,080,000","22,808,000","22,479,000","22,087,000","28,375,000","21,121,000","20,509,000","20,897,000","26,900,000","20,473,000","20,728,000","20,535,000","26,798,000","25,058,000","19,875,000","18,209,000","23,344,000","14,659,000","18,673,000","16,152,000","21,299,000","15,420,000","17,597,000","16,146,000","21,107,000","13,996,000","15,344,000","15,118,000","19,737,000","12,339,000","13,717,000","13,410,000","17,300,000","12,200,000","11,400,000","10,400,000","13,700,000","9,800,000","9,600,000","9,600,000","13,100,000","9,500,000","9,200,000","9,100,000","12,200,000","8,900,000","9,100,000","9,000,000","12,000,000","9,100,000","9,000,000","8,700,000","11,500,000","8,400,000","8,200,000","8,000,000","18,000,000","11,000,000","12,900,000","12,900,000","16,700,000","8,400,000","12,700,000","14,800,000",,,,,
NetIncomeFromContinuingOperationNetMinorityInterest,"126,028,000","7,796,000","39,270,000","38,934,000","40,028,000","35,934,000","50,859,000","50,859,000","37,858,000","32,176,000","11,463,000","7,897,000","22,023,000","13,473,000","25,130,000","31,121,000","18,336,000","48,133,000",,"24,981,000",,"12,889,000","30,333,000","37,121,000",,"33,820,000",,"37,034,000","32,561,000","30,784,000","29,028,000",,"33,897,000","23,778,000","28,363,000","23,362,000","37,098,000","17,443,000","26,127,000","18,264,000","33,010,000","24,117,000","17,296,000","13,410,000","23,944,000","17,798,000","11,592,000","21,632,000","11,950,000","22,653,000","18,745,000","6,802,000","32,401,000","4,040,000","24,242,000","17,680,000","24,248,000","40,617,000","32,876,000","29,586,000","27,967,000","25,804,000","29,916,000","26,429,000","36,539,000","26,998,000","34,743,000","27,209,000","37,354,000","34,224,000","27,841,000","21,787,000","25,223,000","21,544,000","23,886,000","20,677,000","25,430,000","17,848,000","21,624,000","19,605,000","15,607,000","16,367,000","19,772,000","16,319,000","21,160,000","13,984,000","24,202,000","18,186,000","26,674,000","19,833,000","21,954,000","18,234,000","24,039,000","42,979,000","20,808,000","16,085,000","20,400,000","18,400,000","17,400,000","25,000,000","15,800,000","12,500,000","12,600,000","34,300,000","11,700,000","9,600,000","10,000,000","6,700,000","9,000,000","5,900,000","5,500,000","4,000,000","4,700,000","3,800,000","2,600,000","-3,100,000","-20,500,000","-19,300,000","-3,400,000","-9,200,000","-4,400,000","19,700,000","-45,500,000","-29,300,000","10,900,000","8,600,000","7,800,000","3,000,000","2,400,000","-16,200,000","5,500,000","1,100,000","400,000"
TotalUnusualItemsExcludingGoodwill,"-10,532,000","-12,619,000","-3,420,000","6,434,000","-535,000","864,000","2,414,000","2,414,000","-535,000","374,000","-716,000","10,866,000","-5,467,000","3,672,000","-615,000","-7,063,000","-4,675,000","25,949,000",,"869,000",,"6,733,000","8,269,000","7,712,000",,"3,855,000",,"-4,607,000","-3,770,000","-9,437,000","-2,013,000",,"-393,000","-964,000","-1,331,000","-5,763,000","-1,330,000","-8,065,000","-1,644,000","-7,299,000","-1,448,000","3,433,000","-4,937,000","-4,800,000","-2,515,000","1,886,000","-11,448,000","9,004,000","-3,229,000","19,704,000","8,089,000","-3,616,000","24,276,000",,,,,,,,,"23,124,000","15,247,000","11,942,000","16,805,000","12,222,000","12,638,000","7,244,000","7,157,000","24,807,000","7,599,000","9,052,000",,,,,,,,,,,,,,,,"4,315,000","3,841,000",,,"1,471,000","1,551,000",,,,,,,,,,,,,,,,,,,,,"0",,,"-5,400,000","3,600,000","400,000","-1,300,000",,,,,,,"2,100,000","3,100,000",,,,,
TotalUnusualItems,"-10,532,000","-12,619,000","-3,420,000","6,434,000","-535,000","864,000","2,414,000","2,414,000","-535,000","374,000","-716,000","10,866,000","-5,467,000","3,672,000","-615,000","-7,063,000","-4,675,000","25,949,000",,"869,000",,"6,733,000","8,269,000","7,712,000",,"3,855,000",,"-4,607,000","-3,770,000","-9,437,000","-2,013,000",,"-393,000","-964,000","-1,331,000","-5,763,000","-1,330,000","-8,065,000","-1,644,000","-7,299,000","-1,448,000","3,433,000","-4,937,000","-4,800,000","-2,515,000","1,886,000","-11,448,000","9,004,000","-3,229,000","19,704,000","8,089,000","-3,616,000","24,276,000",,,,,,,,,"23,124,000","15,247,000","11,942,000","16,805,000","12,222,000","12,638,000","7,244,000","7,157,000","24,807,000","7,599,000","9,052,000",,,,,,,,,,,,,,,,"4,315,000","3,841,000",,,"1,471,000","1,551,000",,,,,,,,,,,,,,,,,,,,,"0",,,"-5,400,000","3,600,000","400,000","-1,300,000",,,,,,,"2,100,000","3,100,000",,,,,
NormalizedEBITDA,"304,659,000","62,707,000","90,024,000","73,264,000","78,272,000","75,091,000","101,495,000","101,495,000","77,610,000","72,140,000","45,377,000","37,311,000","67,066,000","57,516,000","60,733,000","82,754,000","54,209,000","64,459,000",,"60,288,000",,"85,312,000","71,547,000","79,644,000",,"83,001,000",,"105,742,000","85,245,000","86,165,000","75,830,000",,"91,477,000","63,959,000","72,116,000","68,204,000","92,127,000","58,345,000","65,715,000","61,638,000","87,303,000","54,881,000","58,332,000","52,376,000","72,647,000","51,166,000","56,293,000","51,289,000","57,565,000","43,439,000","47,742,000","40,179,000","60,278,000","30,254,000","64,665,000","54,425,000","75,197,000","90,362,000","80,871,000","75,722,000","86,531,000","46,526,000","63,537,000","60,106,000","81,797,000","58,860,000","69,612,000","62,965,000","84,736,000","51,059,000","57,811,000","49,845,000","70,949,000","56,521,000","59,762,000","56,322,000","71,225,000","55,934,000","57,956,000","53,002,000","64,416,000","45,549,000","53,498,000","48,274,000","63,686,000","39,807,000","58,618,000","41,346,000","66,577,000","49,742,000","53,453,000","46,387,000","63,382,000","49,524,000","52,858,000","45,101,000","58,000,000","47,800,000","45,300,000","56,600,000","47,700,000","34,200,000","36,000,000","68,200,000","41,300,000","30,500,000","31,300,000","27,200,000","36,400,000","25,700,000","27,100,000","23,300,000","34,400,000","24,000,000","32,800,000","18,000,000","17,700,000","5,200,000","14,600,000","15,900,000","28,600,000","10,500,000","-18,200,000","-4,900,000","52,000,000","45,300,000","36,400,000","32,400,000","366,900,000","-768,000,000","289,300,000","263,500,000","343,800,000"
TaxRateForCalcs,"0.256","0.333","0.265","0.254","0.231","0.273","0.251","0.251","0.236","0.279","0.323","0.284","0.274","0.27","0.25","0.231","0.241","0.265",,"0.314",,"0.387","0.381","0.332",,"0.382",,"0.387","0.356","0.36","0.367",,"0.376","0.354","0.382","0.379","0.361","0.327","0.338","0.361","0.373","0.28","0.374","0.371","0.302","0.285","0.346","0.341","0.343","0.383","0.352","0.328","0.352","0.35","0.385","0.352","0.367","0.351","0.377","0.39","0.4","0.354","0.389","0.365","0.377","0.354","0.353","0.365","0.356","0.352","0.341","0.37","0.37","0.322","0.31","0.359","0.357","0.346","0.37","0.362","0.38","0.362","0.325","0.38","0.38","0.266","0.327","0.365","0.365","0.357","0.324","0.356","0.379","0.4","0.37","0.374","0.368","0.37","0.37","0.37","0.368","0.317","0.323","0.319","0.32","0.213","0.219","0.221","0.224","0.203","0.214","0.4","0.39","0","0.4","0.4","0.4","0.4","0.333","0.24","0.4","0.4","0.4","0.104","0.4","0.4","0.4","0.4","0.4","0.4","0.4","0.4","0.4"
TaxEffectOfUnusualItems,"-2,695,707.501","-4,202,127","-906,300","1,636,042.597","-123,585","235,872","605,914","605,914","-126,339.534","104,346","-231,268","3,086,416.863","-1,499,826.749","991,440","-153,750","-1,634,847.113","-1,127,834.561","6,876,485",,"272,727.607",,"2,605,671","3,146,597.169","2,560,384",,"1,472,610",,"-1,782,237.781","-1,340,555.534","-3,397,320","-738,771",,"-147,768","-341,255.162","-508,442","-2,184,177","-480,130","-2,640,754.964","-555,672","-2,634,939","-540,104","962,211.227","-1,846,438","-1,780,800","-759,530","537,980.724","-3,956,878.577","3,065,933.234","-1,108,626.882","7,539,426.049","2,849,054.429","-1,186,522.323","8,552,528.216","0","0","0","0","0","0","0","0","8,188,785.342","5,928,540.951","4,362,750.252","6,341,893.041","4,326,858.209","4,457,160.195","2,643,220.466","2,549,551.737","8,722,984.314","2,587,540.861","3,345,520.718","0","0","0","0","0","0","0","0","0","0","0","0","0","0","0","1,575,035.265","1,401,947.627","0","0","524,355.898","588,546.426","0","0","0","0","0","0","0","0","0","0","0","0","0","0","0","0","0","0","0","0","0","0","0","-2,160,000","1,440,000","133,333.333","-311,570.248","0","0","0","0","0","0","840,000","1,240,000","0","0","0","0","0"