name,ttm,05/31/2022,02/28/2022,11/30/2021,08/31/2021,05/31/2021,02/28/2021,11/30/2020,08/31/2020,05/31/2020,02/29/2020,11/30/2019,08/31/2019,05/31/2019,02/28/2019,11/30/2018,08/31/2018,05/31/2018,02/28/2018,11/30/2017,08/31/2017,05/31/2017,02/28/2017,11/30/2016,08/31/2016,05/31/2016,02/29/2016,11/30/2015,08/31/2015,05/31/2015,02/28/2015,11/30/2014,08/31/2014,05/31/2014,02/28/2014,11/30/2013,08/31/2013,05/31/2013,02/28/2013,11/30/2012,08/31/2012,05/31/2012,02/29/2012,11/30/2011,08/31/2011,05/31/2011,02/28/2011,11/30/2010,08/31/2010,05/31/2010,02/28/2010,11/30/2009,08/31/2009,05/31/2009,02/28/2009,11/30/2008,08/31/2008,05/31/2008,02/29/2008,11/30/2007,08/31/2007,05/31/2007,02/28/2007,11/30/2006,08/31/2006,05/31/2006,02/28/2006,11/30/2005,08/31/2005,05/31/2005,02/28/2005,11/30/2004,08/31/2004,05/31/2004,02/29/2004,11/30/2003,08/31/2003,05/31/2003,02/28/2003,11/30/2002,08/31/2002,05/31/2002,02/28/2002,11/30/2001,08/31/2001,05/31/2001,02/28/2001,11/30/2000,08/31/2000,05/31/2000,02/29/2000,11/30/1999,08/31/1999,05/31/1999,02/28/1999,11/30/1998,08/31/1998,05/31/1998,02/28/1998,11/30/1997,08/31/1997,05/31/1997,02/28/1997,11/30/1996,08/31/1996,05/31/1996,02/29/1996,11/30/1995,08/31/1995,05/31/1995,02/28/1995,11/30/1994,08/31/1994,05/31/1994,02/28/1994,11/30/1993,08/31/1993,05/31/1993,02/28/1993,11/30/1992,08/31/1992,05/31/1992,02/29/1992,11/30/1991,08/31/1991,05/31/1991,02/28/1991,11/30/1990
TotalRevenue,"31,857,279,000","8,328,000,000","7,553,000,000","8,567,000,000","7,409,279,000","7,214,645,000","6,828,546,000","7,832,529,000","7,300,015,000","6,335,642,000","6,125,083,000","7,505,698,000","6,573,453,000","6,135,602,000","6,066,990,000","6,506,275,000","5,771,831,000","5,436,952,000","5,301,101,000","5,585,532,000","5,023,029,000","4,489,557,000","4,445,637,000","5,104,898,000","4,430,763,000","4,310,752,000","4,403,594,000","5,207,977,000","4,680,814,000","4,358,641,000","4,309,323,000","4,550,418,000","4,056,245,000","3,785,875,000","3,577,315,000","4,611,442,000","4,814,858,000","4,467,767,000","4,417,251,000","4,637,018,000","4,338,080,000","4,250,918,000","4,236,174,000","4,326,769,000","4,280,295,000","4,227,688,000","3,928,663,000","4,082,181,000","3,860,933,000","3,455,578,000","3,004,644,000","3,088,256,000","2,799,528,000","2,615,101,000","2,887,400,000","3,382,509,000","3,264,874,000","3,088,269,000","3,058,613,000","3,367,947,000","3,129,831,000","3,001,896,000","2,934,862,000","3,224,003,000","2,953,614,000","2,592,464,000","2,314,962,000","2,404,407,000","2,036,590,000","1,938,415,000","1,716,006,000","1,833,375,000","1,626,177,000","1,625,850,000","1,491,876,000","1,508,994,000","1,296,015,000","1,219,304,000","1,145,917,000","1,068,246,000","988,223,000","850,602,000","822,074,000","884,567,000","944,061,000","1,046,464,000","1,211,175,000","1,128,955,000","1,065,088,000","965,849,000","837,562,000","689,800,000","536,500,000","522,500,000","493,400,000","447,900,000","317,600,000","309,600,000","330,700,000","319,500,000","305,200,000","247,600,000","222,200,000","203,100,000","174,100,000","219,700,000","235,600,000","233,900,000","205,400,000","132,400,000","114,400,000","107,200,000","123,800,000","83,300,000","89,800,000","79,000,000","80,500,000","99,300,000","89,200,000","65,700,000","41,000,000","44,900,000","41,000,000","46,200,000","45,400,000","58,900,000","73,900,000","54,400,000"
	OperatingRevenue,"31,857,279,000","8,328,000,000","7,553,000,000","8,567,000,000","7,409,279,000","7,214,645,000","6,828,546,000","7,832,529,000","7,300,015,000","6,335,642,000","6,125,083,000","7,505,698,000","6,573,453,000","6,135,602,000","6,066,990,000","6,506,275,000","5,771,831,000","5,436,952,000","5,301,101,000","5,585,532,000","5,023,029,000","4,489,557,000","4,445,637,000","5,104,898,000","4,430,763,000","4,310,752,000","4,403,594,000","5,207,977,000","4,680,814,000","4,358,641,000","4,309,323,000","4,550,418,000","4,056,245,000","3,785,875,000","3,577,315,000","4,611,442,000","4,814,858,000","4,467,767,000","4,417,251,000","4,637,018,000","4,338,080,000","4,250,918,000","4,236,174,000","4,326,769,000","4,280,295,000","4,227,688,000","3,928,663,000","4,082,181,000","3,860,933,000","3,455,578,000","3,004,644,000","3,088,256,000","2,799,528,000","2,615,101,000","2,887,400,000","3,382,509,000","3,264,874,000","3,088,269,000","3,058,613,000","3,367,947,000","3,129,831,000","3,001,896,000","2,934,862,000","3,224,003,000","2,953,614,000","2,592,464,000","2,314,962,000","2,404,407,000","2,036,590,000","1,938,415,000","1,716,006,000","1,833,375,000","1,626,177,000","1,625,850,000","1,491,876,000","1,508,994,000","1,296,015,000","1,219,304,000","1,145,917,000","1,068,246,000","988,223,000","850,602,000","822,074,000","884,567,000","944,061,000","1,046,464,000","1,211,175,000","1,128,955,000","1,065,088,000","965,849,000","837,562,000","689,800,000","536,500,000","522,500,000","493,400,000","447,900,000","317,600,000","309,600,000","330,700,000","319,500,000","305,200,000","247,600,000","222,200,000","203,100,000","174,100,000","219,700,000","235,600,000","233,900,000","205,400,000","132,400,000","114,400,000","107,200,000","123,800,000","83,300,000","89,800,000","79,000,000","80,500,000","99,300,000","89,200,000","65,700,000","41,000,000","44,900,000","41,000,000","46,200,000","45,400,000","58,900,000","73,900,000","54,400,000"
CostOfRevenue,"29,367,564,000","7,709,000,000","6,944,000,000","7,892,000,000","6,822,564,000","6,646,845,000","6,258,621,000","7,197,969,000","6,809,314,000","5,879,494,000","5,694,958,000","6,951,859,000","6,078,375,000","5,691,803,000","5,612,116,000","5,986,625,000","5,329,684,000","5,038,725,000","4,903,968,000","5,116,247,000","4,597,211,000","4,163,142,000","4,083,733,000","4,673,392,000","4,107,114,000","3,989,665,000","4,004,161,000","4,724,442,000","4,304,239,000","3,982,804,000","3,941,504,000","4,167,431,000","3,793,993,000","3,569,925,000","3,364,165,000","4,242,672,000","4,462,613,000","4,135,272,000","4,092,724,000","4,286,423,000","4,020,532,000","3,921,595,000","3,914,010,000","3,986,759,000","3,951,092,000","3,909,312,000","3,632,263,000","3,771,590,000","3,573,425,000","3,193,464,000","2,781,898,000","2,856,480,000","2,608,561,000","2,466,512,000","2,731,854,000","3,158,796,000","3,034,874,000","2,878,087,000","2,870,708,000","3,128,233,000","2,900,285,000","2,782,907,000","2,763,352,000","3,032,018,000","2,756,827,000","2,404,821,000","2,130,314,000","2,208,585,000","1,865,476,000","1,776,333,000","1,575,555,000","1,678,517,000","1,488,488,000","1,489,935,000","1,360,549,000","1,375,545,000","1,175,611,000","1,106,673,000","1,041,030,000","970,702,000","892,597,000","766,737,000","748,582,000","802,959,000","860,171,000","956,199,000","1,102,737,000","1,017,482,000","958,751,000","871,307,000","753,479,000","616,400,000","474,400,000","463,100,000","437,900,000","397,400,000","281,000,000","269,800,000","286,600,000","278,200,000","265,900,000","215,600,000","195,700,000","180,000,000","155,300,000","201,100,000","212,800,000","212,500,000","188,300,000","121,600,000","105,900,000","95,500,000","115,600,000","75,100,000","80,500,000","71,100,000","73,000,000","88,500,000","78,800,000",,,,,,,,,
GrossProfit,"2,489,715,000","619,000,000","609,000,000","675,000,000","586,715,000","567,800,000","569,925,000","634,560,000","490,701,000","456,148,000","430,125,000","553,839,000","495,078,000","443,799,000","454,874,000","519,650,000","442,147,000","398,227,000","397,133,000","469,285,000","425,818,000","326,415,000","361,904,000","431,506,000","323,649,000","321,087,000","399,433,000","483,535,000","376,575,000","375,837,000","367,819,000","382,987,000","262,252,000","215,950,000","213,150,000","368,770,000","352,245,000","332,495,000","324,527,000","350,595,000","317,548,000","329,323,000","322,164,000","340,010,000","329,203,000","318,376,000","296,400,000","310,591,000","287,508,000","262,114,000","222,746,000","231,776,000","190,967,000","148,589,000","155,546,000","223,713,000","230,000,000","210,182,000","187,905,000","239,714,000","229,546,000","218,989,000","171,510,000","191,985,000","196,787,000","187,643,000","184,648,000","195,822,000","171,114,000","162,082,000","140,451,000","154,858,000","137,689,000","135,915,000","131,327,000","133,449,000","120,404,000","112,631,000","104,887,000","97,544,000","95,626,000","83,865,000","73,492,000","81,608,000","83,890,000","90,265,000","108,438,000","111,473,000","106,337,000","94,542,000","84,083,000","73,400,000","62,100,000","59,400,000","55,500,000","50,500,000","36,600,000","39,800,000","44,100,000","41,300,000","39,300,000","32,000,000","26,500,000","23,100,000","18,800,000","18,600,000","22,800,000","21,400,000","17,100,000","10,800,000","8,500,000","11,700,000","8,200,000","8,200,000","9,300,000","7,900,000","7,500,000","10,800,000","10,400,000",,,,,,,,,
OperatingExpense,"1,236,444,000","298,000,000","296,000,000","325,000,000","317,444,000","327,282,000","326,949,000","322,325,000","281,067,000","327,614,000","309,891,000","355,809,000","295,601,000","293,541,000","300,074,000","296,915,000","280,811,000","272,609,000","262,174,000","312,143,000","258,783,000","250,332,000","233,794,000","229,997,000","226,824,000","257,032,000","241,969,000","267,679,000","224,959,000","241,197,000","222,610,000","225,975,000","190,835,000","202,212,000","177,306,000","174,827,000","202,814,000","174,760,000","175,486,000","180,314,000","173,280,000","172,720,000","171,946,000","169,168,000","163,643,000","165,843,000","167,619,000","154,159,000","182,006,000","163,946,000","160,332,000","162,077,000","144,240,000","140,229,000","829,601,000","463,052,000","141,963,000","143,621,000","144,495,000","131,517,000","139,597,000","160,035,000","133,833,000","124,230,000","122,820,000","110,387,000","101,302,000","106,999,000","85,058,000","88,846,000","82,677,000","84,553,000","80,807,000","80,023,000","81,122,000","79,074,000","68,739,000","77,224,000","72,457,000","64,607,000","61,783,000","54,945,000","55,771,000","54,323,000","52,255,000","48,567,000","50,116,000","46,285,000","41,804,000","36,185,000","33,459,000","34,000,000","24,600,000","22,200,000","20,600,000","19,300,000","16,000,000","14,000,000","13,800,000","11,945,000","11,900,000","900,000","8,900,000","-22,300,000","7,800,000","-3,600,000","11,200,000","10,000,000","8,900,000","7,900,000","7,900,000","7,000,000","7,700,000","6,300,000","5,600,000","5,500,000","5,900,000","5,200,000","4,900,000",,,,,,,,,
	SellingGeneralAndAdministration,"1,168,747,000","282,000,000","280,000,000","308,000,000","298,747,000","305,559,000","305,942,000","302,752,000","257,922,000","302,849,000","285,024,000","328,899,000","276,597,000","274,482,000","282,142,000","278,126,000","261,234,000","252,487,000","243,940,000","293,055,000","241,823,000","233,884,000","217,943,000","214,052,000","208,330,000","239,646,000","224,905,000","251,547,000","209,464,000","228,476,000","210,326,000","214,380,000","177,934,000","190,804,000","164,522,000","158,095,000","189,979,000","164,813,000","164,360,000","169,600,000","163,070,000","162,748,000","160,811,000","157,823,000","152,204,000","154,112,000","155,414,000","142,449,000","160,512,000","151,409,000","146,264,000","131,553,000","127,807,000","125,419,000","111,053,000","131,662,000","123,707,000","126,557,000","124,910,000","116,150,000","121,503,000","140,733,000","119,975,000","109,756,000","107,069,000","93,536,000","87,063,000","94,542,000","72,952,000","71,688,000","66,137,000","68,089,000","65,596,000","65,913,000","65,986,000","66,009,000","65,051,000","62,462,000","60,310,000","55,840,000","55,106,000","49,404,000","49,732,000","49,603,000","47,131,000","46,009,000","46,892,000","44,080,000","39,727,000","34,327,000","31,612,000","27,100,000","21,900,000","21,200,000","19,600,000","18,300,000","15,100,000","12,900,000","12,900,000","11,100,000","11,000,000","9,300,000","7,900,000","7,700,000","7,300,000","6,600,000","6,100,000","5,600,000","4,700,000","4,500,000","5,100,000","4,400,000","4,500,000","4,200,000","3,600,000","3,500,000","3,700,000","3,700,000","3,500,000",,,,,,,,,
	ResearchAndDevelopment,"31,857,000","8,000,000","8,000,000","9,000,000","6,857,000","9,657,000","9,368,000","8,118,000","10,496,000","11,587,000","11,290,000","10,770,000","10,114,000","11,449,000","10,155,000","11,143,000","10,996,000","10,082,000","8,344,000","9,109,000","7,698,000","7,274,000","7,085,000","7,623,000","7,523,000","7,675,000","8,465,000","8,292,000","8,143,000","6,997,000","6,501,000","6,005,000","7,224,000","5,729,000","6,604,000","9,054,000","7,075,000","6,475,000","7,655,000","7,263,000","6,784,000","6,518,000","6,264,000","6,271,000","6,209,000","6,544,000","6,540,000","5,741,000","6,632,000","6,331,000","7,425,000","7,697,000","8,714,000","7,198,000","5,754,000","5,655,000","8,603,000","8,006,000","9,863,000","6,512,000","9,409,000","10,498,000","7,766,000","8,708,000","10,219,000","9,578,000","8,577,000","6,601,000","4,746,000","5,667,000","6,175,000","5,919,000","4,405,000","3,318,000","3,184,000","2,906,000","2,506,000","2,353,000","2,431,000","2,616,000","2,053,000","2,074,000","1,859,000","1,878,000","1,730,000","1,737,000","1,553,000","1,428,000","1,312,000","1,142,000","1,203,000","1,200,000","1,100,000","1,000,000","1,000,000","1,100,000","900,000","1,100,000","900,000","900,000","900,000","700,000","800,000","700,000","600,000","600,000","500,000","400,000","600,000","400,000",,,,,,,,,,,,,,,,,,
	DepreciationAmortizationDepletionIncomeStatement,"35,840,000","8,000,000","8,000,000","8,000,000","11,840,000","12,066,000","11,639,000","11,455,000","12,649,000","13,178,000","13,577,000","16,140,000","8,890,000","7,610,000","7,777,000","7,646,000","8,581,000","10,040,000","9,890,000","9,979,000","9,262,000","9,174,000","8,766,000","8,322,000","10,971,000","9,711,000","8,599,000","7,840,000","7,352,000","5,724,000","5,783,000","5,590,000","5,677,000","5,679,000","6,180,000","7,678,000","5,760,000","3,472,000","3,471,000","3,451,000","3,426,000","3,454,000","4,871,000","5,074,000","5,230,000","5,187,000","5,665,000","5,969,000","5,980,000","6,206,000","6,643,000","7,105,000","7,719,000","7,612,000","7,673,000","8,035,000","9,653,000","9,058,000","9,722,000","8,855,000","8,685,000","8,804,000","6,092,000","5,766,000","5,532,000","7,273,000","5,662,000","5,856,000","7,360,000","11,491,000","10,365,000","10,545,000","10,806,000","10,792,000","11,952,000","10,159,000","12,514,000","8,489,000","9,716,000","6,151,000","4,624,000","3,467,000","4,180,000","2,842,000","3,394,000","821,000","828,000","777,000","765,000","716,000","644,000",,,,,,,,,,,,,,,,"4,600,000","4,000,000","3,600,000","3,000,000","2,800,000","2,600,000","3,200,000","2,100,000","2,000,000","2,000,000","2,200,000","1,500,000","1,400,000",,,,,,,,,
		DepreciationAndAmortizationInIncomeStatement,"35,840,000","8,000,000","8,000,000","8,000,000","11,840,000","12,066,000","11,639,000","11,455,000","12,649,000","13,178,000","13,577,000","16,140,000","8,890,000","7,610,000","7,777,000","7,646,000","8,581,000","10,040,000","9,890,000","9,979,000","9,262,000","9,174,000","8,766,000","8,322,000","10,971,000","9,711,000","8,599,000","7,840,000","7,352,000","5,724,000","5,783,000","5,590,000","5,677,000","5,679,000","6,180,000","7,678,000","5,760,000","3,472,000","3,471,000","3,451,000","3,426,000","3,454,000","4,871,000","5,074,000","5,230,000","5,187,000","5,665,000","5,969,000","5,980,000","6,206,000","6,643,000","7,105,000","7,719,000","7,612,000","7,673,000","8,035,000","9,653,000","9,058,000","9,722,000","8,855,000","8,685,000","8,804,000","6,092,000","5,766,000","5,532,000","7,273,000","5,662,000","5,856,000","7,360,000","11,491,000","10,365,000","10,545,000","10,806,000","10,792,000","11,952,000","10,159,000","12,514,000","8,489,000","9,716,000","6,151,000","4,624,000","3,467,000","4,180,000","2,842,000","3,394,000","821,000","828,000","777,000","765,000","716,000","644,000",,,,,,,,,,,,,,,,"4,600,000","4,000,000","3,600,000","3,000,000","2,800,000","2,600,000","3,200,000","2,100,000","2,000,000","2,000,000","2,200,000","1,500,000","1,400,000",,,,,,,,,
			Amortization,"35,840,000","8,000,000","8,000,000","8,000,000","11,840,000","12,066,000","11,639,000","11,455,000","12,649,000","13,178,000","13,577,000","16,140,000","8,890,000","7,610,000","7,777,000","7,646,000","8,581,000","10,040,000","9,890,000","9,979,000","9,262,000","9,174,000","8,766,000","8,322,000","10,971,000","9,711,000","8,599,000","7,840,000","7,352,000","5,724,000","5,783,000","5,590,000","5,677,000","5,679,000","6,180,000","7,678,000","5,760,000","3,472,000","3,471,000","3,451,000","3,426,000","3,454,000","4,871,000","5,074,000","5,230,000","5,187,000","5,665,000","5,969,000","5,980,000","6,206,000","6,643,000","7,105,000","7,719,000","7,612,000","7,673,000","8,035,000","9,653,000","9,058,000","9,722,000","8,855,000","8,685,000","8,804,000","6,092,000","5,766,000","5,532,000","7,273,000","5,662,000","5,856,000","7,360,000","11,491,000","10,365,000","10,545,000","10,806,000","10,792,000","11,952,000","10,159,000","12,514,000","8,489,000","9,716,000","6,151,000","4,624,000","3,467,000","4,180,000","2,842,000","3,394,000","821,000","828,000","777,000","765,000","716,000","644,000",,,,,,,,,,,,,,,,,,,,,,,,,,,,,,,,,,,,,
				AmortizationOfIntangiblesIncomeStatement,"35,840,000","8,000,000","8,000,000","8,000,000","11,840,000","12,066,000","11,639,000","11,455,000","12,649,000","13,178,000","13,577,000","16,140,000","8,890,000","7,610,000","7,777,000","7,646,000","8,581,000","10,040,000","9,890,000","9,979,000","9,262,000","9,174,000","8,766,000","8,322,000","10,971,000","9,711,000","8,599,000","7,840,000","7,352,000","5,724,000","5,783,000","5,590,000","5,677,000","5,679,000","6,180,000","7,678,000","5,760,000","3,472,000","3,471,000","3,451,000","3,426,000","3,454,000","4,871,000","5,074,000","5,230,000","5,187,000","5,665,000","5,969,000","5,980,000","6,206,000","6,643,000","7,105,000","7,719,000","7,612,000","7,673,000","8,035,000","9,653,000","9,058,000","9,722,000","8,855,000","8,685,000","8,804,000","6,092,000","5,766,000","5,532,000","7,273,000","5,662,000","5,856,000","7,360,000","11,491,000","10,365,000","10,545,000","10,806,000","10,792,000","11,952,000","10,159,000","12,514,000","8,489,000","9,716,000","6,151,000","4,624,000","3,467,000","4,180,000","2,842,000","3,394,000","821,000","828,000","777,000","765,000","716,000","644,000",,,,,,,,,,,,,,,,,,,,,,,,,,,,,,,,,,,,,
	OtherOperatingExpenses,,,,,,,,,,,,,,,,,,,,,,,,,,,,,,,,,,,,,,,,,,,,,,,,,"8,882,000",,,"15,722,000",,,"705,121,000","317,700,000",,,,,,,,,,,,,,,,,,,,,,"3,920,000",,,,,,,,,"843,000",,,,,"5,700,000","400,000",,,"-100,000",,,,"-55,000",,"-9,100,000","200,000","-30,700,000",,"-10,800,000",,,,,,,,,,,,,,,,,,,,,,
OperatingIncome,"1,253,271,000","321,000,000","313,000,000","350,000,000","269,271,000","240,518,000","242,976,000","312,235,000","209,634,000","128,534,000","120,234,000","198,030,000","199,477,000","150,258,000","154,800,000","222,735,000","161,336,000","125,618,000","134,959,000","157,142,000","167,035,000","76,083,000","128,110,000","201,509,000","96,825,000","64,055,000","157,464,000","215,856,000","151,616,000","134,640,000","145,209,000","157,012,000","71,417,000","13,738,000","35,844,000","193,943,000","149,431,000","157,735,000","149,041,000","170,281,000","144,268,000","156,603,000","150,218,000","170,842,000","165,560,000","152,533,000","128,781,000","156,432,000","105,502,000","98,168,000","62,414,000","69,699,000","46,727,000","8,360,000","-674,055,000","-239,339,000","88,037,000","66,561,000","43,410,000","108,197,000","89,949,000","58,954,000","37,677,000","67,755,000","73,967,000","77,256,000","83,346,000","88,823,000","86,056,000","73,236,000","57,774,000","70,305,000","56,882,000","55,892,000","50,205,000","54,375,000","51,665,000","35,407,000","32,430,000","32,937,000","33,843,000","28,920,000","17,721,000","27,285,000","31,635,000","41,698,000","58,322,000","65,188,000","64,533,000","58,357,000","50,624,000","39,400,000","37,500,000","37,200,000","34,900,000","31,200,000","20,600,000","25,800,000","30,300,000","29,355,000","27,400,000","31,100,000","17,600,000","45,400,000","11,000,000","22,200,000","11,600,000","11,400,000","8,200,000","2,900,000","600,000","4,700,000","500,000","1,900,000","3,700,000","2,400,000","1,600,000","5,600,000","5,500,000","65,700,000","-125,400,000","44,900,000","41,000,000","46,200,000","-167,600,000","58,900,000","73,900,000","54,400,000"
NetNonOperatingInterestIncomeExpense,"-132,924,000","-39,000,000","-33,000,000","-32,000,000","-31,924,000","-32,240,000","-29,371,000","-30,465,000","-39,495,000","-40,009,000","-40,847,000","-38,967,000","-43,841,000","-43,756,000","-41,400,000","-38,273,000","-34,292,000","-31,679,000","-32,785,000","-32,433,000","-31,869,000","-31,780,000","-31,511,000","-30,389,000","-31,552,000","-32,910,000","-31,975,000","-30,971,000","-28,706,000","-29,161,000","-30,132,000","-30,139,000","-29,153,000","-31,047,000","-31,517,000","-32,567,000","-30,997,000","-30,310,000","-28,760,000","-29,094,000","-27,364,000","-25,729,000","-26,034,000","-24,961,000","-23,959,000","-24,252,000","-25,038,000","-21,312,000","-18,740,000","-18,877,000","-19,386,000","-19,209,000","-17,281,000","-17,956,000",,,,,,,,,,,,,,,,,,,,,,,,,,,,,,,,,,,,,,,,,,,,,,,,,,,,,,,,,,,,,,,,,,,,,,,,,,
	InterestIncomeNonOperating,,,"0","1,000,000","901,000","1,563,000","1,655,000","1,881,000","1,415,000","1,864,000","5,336,000","5,944,000","5,563,000","6,758,000","4,760,000","4,379,000","4,490,000","4,499,000","5,011,000","3,813,000","4,118,000","3,663,000","2,289,000","2,455,000","2,475,000","2,302,000","2,287,000","2,064,000","3,501,000","2,836,000","1,916,000","1,700,000","1,632,000","1,060,000","341,000","747,000","567,000","402,000","422,000","510,000","462,000","733,000","288,000","558,000","646,000","897,000","739,000","850,000","779,000","626,000","644,000","907,000","2,112,000","1,087,000",,,,,,,,,,,,,,,,,,,,,,,,,,,,,,,,,,,,,,,,,,,,,,,,,,,,,,,,,,,,,,,,,,,,,,,,,,
	InterestExpenseNonOperating,,,"33,000,000","33,000,000","32,825,000","33,803,000","31,026,000","32,346,000","40,910,000","41,873,000","46,183,000","44,911,000","49,404,000","50,514,000","46,160,000","42,652,000","38,782,000","36,178,000","37,796,000","36,246,000","35,987,000","35,443,000","33,800,000","32,844,000","34,027,000","35,212,000","34,262,000","33,035,000","32,207,000","31,997,000","32,048,000","31,839,000","30,785,000","32,107,000","31,858,000","33,314,000","31,564,000","30,712,000","29,182,000","29,604,000","27,826,000","26,462,000","26,322,000","25,519,000","24,605,000","25,149,000","25,777,000","22,162,000","19,519,000","19,503,000","20,030,000","20,116,000","19,393,000","19,043,000",,,,,,,,,,,,,,,,,,,,,,,,,,,,,,,,,,,,,,,,,,,,,,,,,,,,,,,,,,,,,,,,,,,,,,,,,,
	TotalOtherFinanceCost,,"39,000,000","29,000,000","33,000,000","28,000,000","28,888,000",,"28,543,000","45,385,000","45,611,000","49,348,000","50,139,000","58,200,000","57,840,000","53,157,000","51,823,000","45,349,000","41,818,000","43,270,000","38,315,000","36,445,000","47,601,000","34,882,000","35,069,000","33,586,000","35,322,000","34,142,000","32,736,000","29,095,000","31,041,000","31,797,000","31,833,000","32,243,000","32,567,000","33,367,000","33,822,000","32,547,000","31,850,000","30,314,000","30,663,000","29,804,000","-27,628,000",,,,"-26,023,000",,"21,112,000",,,,"-20,247,000",,,,,,,,,,,,,,,,,,,,,,,,,,,,,,,,,,,,,,,,,,,,,,,,,,,,,,,,,,,,,,,,,,,,,,,,,,,,
OtherIncomeExpense,"-4,587,000","-4,000,000","4,000,000","-1,000,000","-587,000","5,017,000","-5,067,000","3,637,000","-54,891,000","-74,752,000","-50,310,000","-56,423,000","-53,723,000","-23,424,000","-12,574,000","-19,575,000","-18,497,000","-22,786,000","-15,912,000","-17,270,000","-53,554,000","-48,521,000","-48,298,000","-40,582,000","-5,054,000","-6,872,000","-4,702,000","-3,118,000","-1,622,000","-1,098,000","-22,023,000","-13,951,000","-27,864,000","-16,871,000","-34,053,000","-22,530,000","-62,611,000","-55,529,000","-1,554,000","-1,569,000","-2,440,000","-1,899,000","-1,919,000","-2,685,000","-568,000","-1,771,000","-24,987,000","-232,000","-3,476,000","-2,595,000","-1,760,000","-4,473,000","-19,524,000","-17,115,000","-737,502,000","-320,685,000","-2,349,000","-5,480,000","-45,109,000","-13,772,000","-43,812,000","-29,134,000","-5,046,000","-10,292,000","-85,104,000","-3,505,000",,,,,,,"0","-6,370,000",,"-1,339,000","-12,892,000","-36,783,000","-20,825,000","-27,474,000","-31,506,000","-1,068,000","-10,992,000","-16,153,000","-13,753,000","-19,328,000","-843,000",,"0",,,"-5,800,000",,,,,,,,,,,,,,,,,,,"100,000",,,,,,,,,,,,,,,,,
	GainOnSaleOfSecurity,,,,,,,,,"-36,420,000",,,,"-29,632,000",,,,,,,,,,,,,,,,,,,,,,,,,,,,,,,,,,,,,,,,,,,,,,,,,,,,,,,,,,,,,,,,,,,,,,,,,,,,,,,,,,,,,,,,,,,,,,,,,,,,,,,,,,,,,,,,,,,
	SpecialIncomeCharges,"-10,754,000","-4,000,000","0","0","-6,754,000","1,665,000","-6,626,000","1,715,000","-376,000","-69,150,000","-41,809,000","-45,251,000","-9,732,000","-9,340,000","-817,000","-6,025,000","-7,440,000","-12,647,000","-5,427,000","-11,388,000","-48,978,000","-32,700,000","-44,927,000","-35,902,000","-3,020,000","-4,460,000","-2,535,000","-1,353,000","-1,233,000","782,000","-20,358,000","-12,257,000","-24,774,000","-15,351,000","-32,203,000","-21,275,000","-61,061,000","-53,989,000",,,"6,503,000","-1,899,000","-1,919,000","-2,685,000","-568,000","-1,771,000","-24,987,000","-232,000","-3,476,000","-2,595,000","-1,760,000","-4,473,000","-19,524,000","-17,115,000","-737,502,000","-320,685,000","-2,349,000","-5,480,000","-45,109,000","-13,772,000","-43,812,000","-29,134,000","-5,046,000","-10,292,000","-85,104,000","-3,505,000",,,,,,,"0","-6,370,000",,"-1,339,000","-12,892,000","-36,783,000","-20,825,000","-27,474,000","-31,506,000","-1,068,000","-10,992,000","-16,153,000","-13,753,000","-19,328,000","-843,000",,"0",,,"-5,800,000",,,,,,,,,,,,,,,,,,,"100,000",,,,,,,,,,,,,,,,,
		RestructuringAndMergernAcquisition,"4,345,000","0","0","0","4,345,000","744,000","6,626,000","-1,715,000","12,581,000","69,150,000","29,604,000","45,251,000","9,732,000","9,340,000","817,000","6,025,000","7,440,000","12,647,000","5,427,000","11,388,000","46,866,000","32,700,000","44,927,000","35,902,000","3,020,000","4,460,000","2,535,000","1,353,000","1,233,000","-782,000","20,358,000","12,257,000","19,717,000","12,446,000","32,203,000","21,275,000","61,061,000","28,392,000",,,"0","0","0","0","0","0","196,000","432,000","2,512,000","1,635,000","635,000","3,435,000","3,582,000","16,167,000","31,524,000","621,000","262,000","3,470,000","41,789,000","9,287,000","31,037,000","25,325,000","997,000","15,037,000",,,,,,,,,"0",,,"1,339,000","24,224,000","32,863,000","20,825,000","30,074,000","31,506,000","1,068,000","10,992,000","16,153,000","13,753,000","19,328,000",,,"0",,,,,,,,,,,,,,,,,,,,,,,,,,,,,,,,,,,,,,,
		ImpairmentOfCapitalAssets,,,,,,,,,,,,,,,,,,,,,,,,,,,,,,,,,,,,,,,,,,,,,,,,,"0","0","0","0","0","0",,,,,,,,,,,,,,,,,,,,,,,,,,,,,,,,,,,,,,,,,,,,,,,,,,,,,,,,,,,,,,,,,,,,,,,,,,
		WriteOff,,,,,,"-2,409,000","0",,,"0","12,205,000",,,,,,,,,,,,,,,,,,,,,,"0","0",,,"0","25,597,000",,,,,,,,,,,,"0","0",,,,,,,,,,,,,,,,,,,,,,,,,,,,,,,,,,,,,,,,,,,,,,,,,,,,,,,,,,,,,,,,,,,,,,,,,,,,,
		OtherSpecialCharges,,"4,000,000",,,,,,,,,,,,,,,,,,,,,,,,,,,,,,,,,,,,,,,,"1,899,000","1,919,000","2,685,000","568,000","1,771,000","24,791,000","-200,000","964,000","960,000","1,125,000","1,038,000","15,942,000","948,000","705,978,000","320,064,000","2,087,000","2,010,000","3,320,000","4,485,000","12,775,000","3,809,000","4,049,000","-4,745,000",,,,,,,,,"0",,,,"-11,332,000","3,920,000",,"-2,600,000",,,,,,,,,,,,,,,,,,,,,,,,,,,,,,,,,,,,,,,,,,,,,,,,
		GainOnSaleOfBusiness,,,,,,,,,,,,,,,,,"0",,,,"-2,112,000",,,,,,,,"0","0",,,"-5,057,000","-2,905,000",,,,,,,"0","0",,,,,,,,,,,,,,,,,,,,,,,,,,,,,,,,,,,,,,,,,,,,,,,,,,,,,,,,,,,,,,,,,,,,,,,,,,,,,,,,,,,,,,
	OtherNonOperatingIncomeExpenses,,,"4,000,000","-1,000,000","4,167,000","3,352,000","1,559,000","1,922,000","-5,890,000","-5,602,000","-8,501,000","-11,172,000","-14,359,000","-14,084,000","-11,757,000","-13,550,000","-11,057,000","-10,139,000","-10,485,000","-5,882,000","-4,576,000","-15,821,000","-3,371,000","-4,680,000","-2,034,000","-2,412,000","-2,167,000","-1,765,000","-389,000","-1,880,000","-1,665,000","-1,694,000","-3,090,000","-1,520,000","-1,850,000","-1,255,000","-1,550,000","-1,540,000","-1,554,000","-1,569,000",,,,,,,,,,,,,,,,,,,,,,,,,,,,,,,,,,,,,,,,,,,,,,,,,,,,,,,,,,,,,,,,,,,,,,,,,,,,,,,,,,,,,,,,
PretaxIncome,"1,115,760,000","278,000,000","284,000,000","317,000,000","236,760,000","213,295,000","208,538,000","285,407,000","115,248,000","13,773,000","29,077,000","102,640,000","101,913,000","83,078,000","100,826,000","164,887,000","108,547,000","71,153,000","86,262,000","107,439,000","81,612,000","-4,218,000","48,301,000","130,538,000","60,219,000","24,273,000","120,787,000","181,767,000","121,288,000","104,381,000","93,054,000","112,922,000","14,400,000","-34,180,000","-29,726,000","138,846,000","55,823,000","71,896,000","118,727,000","139,618,000","114,464,000","128,975,000","122,265,000","143,196,000","141,033,000","126,510,000","78,756,000","134,888,000","83,286,000","76,696,000","41,268,000","46,017,000","9,922,000","-26,711,000","-724,593,000","-263,751,000","64,640,000","42,919,000","-22,258,000","71,892,000","25,389,000","5,339,000","15,328,000","48,457,000","-16,160,000","72,910,000","80,850,000","87,516,000","84,090,000","70,478,000","55,020,000","66,784,000","54,312,000","46,025,000","47,244,000","49,932,000","23,879,000","147,000","9,270,000","3,658,000","1,805,000","27,159,000","5,272,000","10,520,000","17,550,000","23,988,000","57,367,000","19,501,000","68,180,000","55,317,000","49,182,000","40,000,000","39,000,000","37,500,000","33,300,000","29,700,000","-900,000","25,000,000","29,200,000","28,600,000","27,200,000","21,700,000","17,400,000","14,000,000","10,500,000","9,600,000","9,300,000","8,700,000","6,100,000","1,400,000",,"3,300,000","-700,000","1,000,000","3,100,000","1,600,000","600,000","4,500,000","4,700,000",,,,,,,,,
TaxProvision,"260,139,000","60,000,000","62,000,000","76,000,000","62,139,000","43,277,000","56,184,000","84,400,000","46,339,000","64,036,000","31,658,000","61,926,000","48,152,000","39,046,000","33,219,000","40,813,000","165,155,000","28,451,000","48,734,000","43,520,000","35,571,000","21,481,000","28,177,000","43,837,000","21,510,000","18,434,000","42,354,000","49,852,000","30,275,000","32,124,000","35,272,000","39,788,000","32,788,000","18,708,000","2,539,000","20,781,000","-70,967,000","22,268,000","30,638,000","34,034,000","31,999,000","27,377,000","24,020,000","29,415,000","25,492,000","22,222,000","23,038,000","27,477,000","23,910,000","24,009,000","11,446,000","17,136,000","3,989,000","2,528,000","142,018,000","12,363,000","7,729,000","4,657,000","3,102,000","9,631,000","13,297,000","-505,000","1,529,000","7,080,000","29,459,000","8,684,000","11,829,000","10,626,000","13,558,000","11,125,000","8,973,000","10,869,000","10,054,000","5,894,000","7,229,000","7,436,000","3,807,000","-4,319,000","-842,000","-4,699,000","-27,000","6,353,000","1,570,000","2,145,000","6,309,000","5,180,000","16,641,000","19,501,000","21,129,000","17,144,000","15,246,000","13,500,000","12,900,000","13,100,000","11,700,000","10,400,000","-1,400,000","7,800,000","9,100,000","9,600,000","9,100,000","7,100,000","6,300,000","5,200,000","3,800,000","3,400,000","3,000,000","3,500,000","1,100,000","200,000",,"1,500,000","-100,000","600,000","1,200,000","700,000","500,000","1,900,000","1,700,000",,,,,,,,,
NetIncomeCommonStockholders,"855,424,000","218,000,000","222,000,000","241,000,000","174,424,000","169,480,000","151,654,000","200,442,000","67,731,000","-50,958,000","-3,283,000","40,422,000","52,675,000","43,482,000","67,354,000","123,600,000","-57,314,000","42,541,000","37,308,000","63,795,000","45,679,000","-25,281,000","20,665,000","88,027,000","38,067,000","5,213,000","78,930,000","131,885,000","87,702,000","72,203,000","51,952,000","72,162,000","-26,197,000","188,255,000","-38,667,000","117,922,000","127,019,000","50,083,000","88,533,000","105,847,000","82,797,000","101,320,000","97,698,000","112,872,000","114,288,000","104,695,000","55,403,000","106,677,000","58,691,000","52,031,000","29,830,000","28,288,000","5,507,000","-28,762,000","-866,100,000","-275,857,000","57,491,000","38,445,000","-24,045,000","62,001,000","11,725,000","6,234,000","13,900,000","41,377,000","-45,619,000","64,226,000","69,021,000","76,890,000","70,532,000","59,353,000","46,047,000","55,915,000","44,258,000","40,131,000","40,015,000","42,496,000","20,072,000","4,466,000","10,112,000","8,357,000","1,832,000","20,806,000","3,702,000","8,375,000","11,241,000","18,808,000","40,726,000","47,742,000","47,051,000","38,173,000","33,936,000","26,500,000","26,200,000","24,400,000","21,600,000","19,300,000","400,000","17,300,000","20,100,000","19,100,000","18,000,000","14,600,000","11,100,000","8,800,000","6,500,000","6,200,000","6,300,000","5,200,000","5,000,000","1,200,000","-800,000","1,800,000","-600,000","400,000","1,900,000","900,000","100,000","2,600,000","3,000,000","2,300,000","100,000","1,000,000",,"2,100,000","1,100,000","2,400,000","4,100,000","2,800,000"
	NetIncome,"855,424,000","218,000,000","222,000,000","241,000,000","174,424,000","169,480,000","151,654,000","200,442,000","67,731,000","-50,958,000","-3,283,000","40,422,000","52,675,000","43,482,000","67,354,000","123,600,000","-57,314,000","42,541,000","37,308,000","63,795,000","45,679,000","-25,281,000","20,665,000","88,027,000","38,067,000","5,213,000","78,930,000","131,885,000","87,702,000","72,203,000","51,952,000","72,162,000","-26,197,000","188,255,000","-38,667,000","117,922,000","127,019,000","50,083,000","88,533,000","105,847,000","82,797,000","101,320,000","97,698,000","112,872,000","114,288,000","104,695,000","55,403,000","106,677,000","58,691,000","52,031,000","29,830,000","28,288,000","5,507,000","-28,762,000","-866,100,000","-275,857,000","57,491,000","38,445,000","-24,045,000","62,001,000","11,725,000","6,234,000","13,900,000","41,377,000","-45,619,000","64,226,000","69,021,000","76,890,000","70,532,000","59,353,000","46,047,000","55,915,000","44,258,000","40,131,000","40,015,000","42,496,000","20,072,000","4,466,000","10,112,000","8,357,000","1,832,000","20,806,000","3,702,000","8,375,000","11,241,000","18,808,000","40,726,000","47,742,000","47,051,000","38,173,000","33,936,000","26,500,000","26,200,000","24,400,000","21,600,000","19,300,000","400,000","17,300,000","20,100,000","19,100,000","18,000,000","14,600,000","11,100,000","8,800,000","6,500,000","6,200,000","6,300,000","5,200,000","5,000,000","1,200,000","-800,000","1,800,000","-600,000","400,000","1,900,000","900,000","100,000","2,600,000","3,000,000","2,300,000","100,000","1,000,000",,"2,100,000","1,100,000","2,400,000","4,100,000","2,800,000"
		NetIncomeIncludingNoncontrollingInterests,"855,621,000","218,000,000","222,000,000","241,000,000","174,621,000","170,018,000","152,354,000","201,007,000","68,909,000","-50,263,000","-2,581,000","40,714,000","53,761,000","44,032,000","67,607,000","124,074,000","-56,608,000","42,702,000","37,528,000","63,919,000","46,041,000","-25,699,000","20,124,000","86,701,000","38,709,000","5,839,000","78,433,000","131,915,000","88,539,000","72,424,000","52,273,000","72,376,000","-25,592,000","188,308,000","-38,516,000","118,065,000","126,790,000","49,628,000","88,089,000","105,584,000","82,465,000","101,598,000","98,245,000","113,781,000","115,541,000","104,288,000","55,718,000","107,411,000","59,376,000","52,687,000","29,822,000","28,881,000","-307,885,000","-24,183,000","-866,611,000","-276,114,000","56,911,000","38,262,000","-25,360,000","62,261,000","12,092,000","5,844,000","13,799,000","41,377,000","-45,619,000","64,226,000","69,021,000","76,890,000","70,532,000","59,353,000","46,047,000","55,915,000","44,258,000","40,131,000","40,015,000","42,496,000","20,072,000","4,466,000","10,112,000","8,357,000","1,832,000","20,806,000","3,702,000","8,375,000","11,241,000","18,808,000","40,726,000","47,742,000","47,051,000","38,173,000","33,936,000","26,500,000","26,200,000","24,400,000","21,600,000","19,300,000","400,000","17,300,000","20,100,000","19,100,000","18,000,000","14,600,000","11,100,000","8,800,000","6,500,000","6,200,000","6,300,000","5,200,000","5,000,000","1,200,000","-800,000","1,800,000","-600,000","400,000","1,900,000","900,000","100,000","2,600,000","3,000,000","2,300,000","100,000","1,000,000",,"2,100,000","1,100,000","2,400,000","4,100,000","2,800,000"
			NetIncomeContinuousOperations,"855,621,000","218,000,000","222,000,000","241,000,000","174,621,000","170,018,000","152,354,000","201,007,000","68,909,000","-50,263,000","-2,581,000","40,714,000","53,761,000","44,032,000","67,607,000","124,074,000","-56,608,000","42,702,000","37,528,000","63,919,000","46,041,000","-25,699,000","20,124,000","86,701,000","38,709,000","5,839,000","78,433,000","131,915,000","91,013,000","72,257,000","57,782,000","73,134,000","-18,388,000","-52,888,000","-32,265,000","118,065,000","126,790,000","49,628,000","88,089,000","105,584,000","82,465,000","101,598,000","98,245,000","113,781,000","115,541,000","104,288,000","55,718,000","107,411,000","59,376,000","52,687,000","29,822,000","28,881,000","-307,885,000","-24,183,000","-866,100,000","-275,857,000","57,491,000","38,445,000","-24,045,000","62,001,000","11,725,000","6,234,000","13,900,000","41,377,000","-45,619,000","64,226,000","69,021,000","76,890,000","70,532,000","59,353,000","46,047,000","55,915,000","44,258,000","40,131,000","40,015,000","42,496,000","20,072,000","4,466,000","10,112,000","8,357,000","1,832,000","20,806,000","3,702,000","8,375,000","11,241,000","18,808,000","40,726,000","47,742,000","47,051,000","38,173,000","33,936,000","26,500,000","26,200,000","24,400,000","21,600,000","19,300,000","400,000","17,300,000","20,100,000","19,100,000","18,000,000","14,600,000","11,100,000","8,800,000","6,500,000","6,200,000","6,300,000","5,200,000","5,000,000","1,200,000","-800,000","1,800,000","-600,000","400,000","1,900,000","900,000","100,000","2,600,000","3,000,000","2,300,000","100,000","1,000,000",,"2,100,000","1,100,000","2,400,000","4,100,000","2,800,000"
			NetIncomeDiscontinuousOperations,,,,,,,,,,,,,,,,,,,,,,,,,"0","0","0","0","-2,474,000","167,000","-5,509,000","-758,000","-7,204,000","241,196,000","-6,251,000",,,,,,,,,,,,,,,,,,,,,,,,,,,,,,,,,,,,,,,,,,,,,,,,,,,,,,,,,,,,,,,,,,,,,,,,,,,,,,,,,,,,,,,,,,,,,
		MinorityInterests,"-197,000","0","0","0","-197,000","-538,000","-700,000","-565,000","-1,178,000","-695,000","-702,000","-292,000","-1,086,000","-550,000","-253,000","-474,000","-706,000","-161,000","-220,000","-124,000","-362,000","418,000","541,000","1,326,000","-642,000","-626,000","497,000","-30,000","-837,000","-221,000","-321,000","-214,000","-605,000","-53,000","-151,000","-143,000","229,000","455,000","444,000","263,000","332,000","-278,000","-547,000","-909,000","-1,253,000","407,000","-315,000","-734,000","-685,000","-656,000","8,000","-593,000","2,064,000","-477,000","511,000","257,000","580,000","183,000","1,315,000","-260,000","-367,000","390,000","101,000",,,,,,,,,,,,,,,,,,,,,,,,,,,,,,,,,,,,,,,,,,,,,,,,,,,,,,,,,,,,,,,,,
DilutedNIAvailtoComStockholders,"855,424,000","218,000,000","222,000,000","241,000,000","174,424,000","169,480,000","151,654,000","200,442,000","67,731,000","-50,958,000","-3,283,000","40,422,000","52,675,000","43,482,000","67,354,000","123,600,000","-57,314,000","42,541,000","37,308,000","63,795,000","45,679,000","-25,281,000","20,665,000","88,027,000","38,067,000","5,213,000","78,930,000","131,885,000","87,702,000","72,203,000","51,952,000","72,162,000","-26,197,000","188,255,000","-38,667,000","117,922,000","127,019,000","50,083,000","88,533,000","105,847,000","82,797,000","101,320,000","97,698,000","112,872,000","114,288,000","104,695,000","55,403,000","106,677,000","58,691,000","52,031,000","29,830,000","28,288,000","5,507,000","-28,762,000","-866,100,000","-275,857,000","57,491,000","38,445,000","-24,045,000","62,001,000","11,725,000","6,234,000","13,900,000","41,377,000","-45,619,000","64,226,000","69,021,000","76,890,000","70,532,000","59,353,000","46,047,000","55,915,000","44,258,000","40,131,000","40,015,000","42,496,000","20,072,000","4,466,000","10,112,000","8,357,000","1,832,000","20,806,000","3,702,000","8,375,000","11,241,000","18,808,000","40,726,000","47,742,000","47,051,000","38,173,000","33,936,000","26,500,000","26,200,000","24,400,000","21,600,000","19,300,000","400,000","17,300,000","20,100,000","19,100,000","18,000,000","14,600,000","11,100,000","8,800,000","6,500,000","6,200,000","6,300,000","5,200,000","5,000,000","1,200,000","-800,000","1,800,000","-600,000","400,000","1,900,000","900,000","100,000","2,600,000","3,000,000","2,300,000","100,000","1,000,000",,"2,100,000","1,100,000","2,400,000","4,100,000","2,800,000"
BasicEPS,,"1.55","1.55","1.68","1.2","1.14","1.01","1.33","0.45","-0.34","-0.02","0.26","0.34","0.28","0.44","0.77","-0.34","0.25","0.21","0.36","0.26","-0.14","0.11","0.48","0.2","0.03","0.41","0.69","0.45","0.37","0.27","0.37","-0.13","0.93","-0.19","0.58","0.63","0.25","0.44","0.52","0.4","0.49","0.47","0.55",,"0.49","0.26","0.5",,"0.24","0.14","0.13",,"-0.14","-4.19","-1.34",,"0.19","-0.12","0.3",,"0.03","0.07","0.2",,"0.31","0.33","0.38",,"0.29","0.23","0.28",,"0.2","0.2","0.21",,"0.02","0.05","0.04",,"0.11","0.02","0.04",,"0.1","0.21","0.25",,"0.22","0.19","0.15",,"0.15","0.15","0.13",,"0.12","0.14","0.13",,"0.1","0.08","0.07",,"0.05","0.05","0.04",,"0.01","-0.01","0.02",,"0.01","0.02","0.01",,"0.03","0.03","0.03",,"0.01",,"0.03",,"0.03","0.05","0.03"
DilutedEPS,,"1.52","1.51","1.63","1.16","1.12","0.99","1.31","0.44","-0.34","-0.02","0.26","0.34","0.28","0.43","0.76","-0.34","0.25","0.21","0.35","0.25","-0.14","0.11","0.47","0.2","0.03","0.41","0.68","0.45","0.37","0.27","0.37","-0.13","0.93","-0.19","0.57","0.61","0.24","0.43","0.51","0.39","0.48","0.46","0.54",,"0.47","0.25","0.49",,"0.24","0.14","0.13",,"-0.14","-4.19","-1.34",,"0.19","-0.12","0.3",,"0.03","0.07","0.2",,"0.3","0.32","0.37",,"0.29","0.22","0.27",,"0.19","0.19","0.2",,"0.02","0.05","0.04",,"0.1","0.02","0.04",,"0.09","0.21","0.24",,"0.21","0.18","0.145",,"0.15","0.14","0.13",,"0.12","0.13","0.13",,"0.1","0.08","0.06",,"0.05","0.05","0.04",,"0.01","-0.01","0.02",,"0.01","0.02","0.01",,"0.03","0.03","0.03",,"0.01",,"0.03",,"0.03","0.05","0.03"
BasicAverageShares,,"140,400,000","143,500,000","144,100,000","145,723,000","148,110,000","150,257,000","150,157,000","150,590,000","150,723,000","152,058,000","153,100,000","153,327,000","152,889,000","154,725,000","161,557,000","166,968,000","170,514,000","174,635,000","176,936,000","178,697,000","181,038,000","182,632,000","185,292,000","189,139,000","191,206,000","190,957,000","190,355,000","193,904,000","193,785,000","193,561,000","193,502,000","198,053,000","202,008,000","205,251,000","204,762,000","202,959,000","202,648,000","202,458,000","204,318,000","205,666,000","206,298,000","207,287,000","205,388,000",,"215,705,000","215,170,000","214,395,000",,"213,881,000","213,625,000","213,665,000",,"207,190,000","206,711,000","206,411,000",,"205,463,000","205,082,000","204,649,000",,"203,728,000","203,377,000","203,077,000",,"210,441,000","207,622,000","204,699,000",,"202,666,000","201,930,000","201,467,000",,"200,716,000","200,267,000","199,626,000",,"198,596,000","198,351,000","197,972,000",,"197,481,000","197,305,000","197,012,000",,"191,234,000","190,931,000","190,526,000",,"176,674,000","175,715,000","174,820,000",,"162,882,000","149,696,000","149,132,000",,"146,012,000","148,320,000","154,700,000",,"153,568,000","150,544,000","151,536,000",,"151,144,000","126,000,000","130,000,000",,"120,000,000","90,000,000","90,000,000",,"93,333,333","95,000,000","90,000,000",,"86,666,667","100,000,000","76,666,667",,"100,000,000","70,000,000","70,000,000",,"80,000,000","82,000,000","93,333,333"
DilutedAverageShares,,"143,300,000","146,400,000","147,700,000","150,124,000","151,976,000","152,975,000","152,918,000","154,453,000","150,723,000","152,058,000","156,462,000","156,981,000","155,678,000","156,737,000","163,670,000","166,968,000","173,279,000","176,953,000","180,203,000","182,977,000","181,038,000","185,010,000","187,856,000","191,602,000","193,069,000","193,294,000","193,243,000","196,351,000","196,304,000","195,473,000","195,314,000","198,053,000","202,008,000","205,251,000","206,813,000","208,502,000","207,569,000","206,804,000","207,816,000","210,847,000","211,541,000","212,148,000","209,937,000",,"222,337,000","221,022,000","217,405,000",,"216,522,000","214,760,000","215,059,000",,"207,190,000","206,711,000","206,411,000",,"206,077,000","205,082,000","206,605,000",,"205,772,000","205,925,000","206,361,000",,"215,808,000","214,091,000","209,760,000",,"207,736,000","206,459,000","205,843,000",,"206,371,000","214,738,000","213,940,000",,"202,132,000","200,726,000","200,099,000",,"200,997,000","201,348,000","199,515,000",,"198,101,000","198,326,000","198,907,000",,"184,960,000","184,518,000","182,778,000",,"170,650,000","156,758,000","155,308,000",,"146,012,000","154,256,000","154,700,000",,"153,568,000","150,544,000","151,536,000",,"151,144,000","126,000,000","130,000,000",,"120,000,000","90,000,000","90,000,000",,"93,333,333","95,000,000","90,000,000",,"86,666,667","100,000,000","76,666,667",,"100,000,000","70,000,000","70,000,000",,"80,000,000","82,000,000","93,333,333"
TotalOperatingIncomeAsReported,"1,248,926,000","321,000,000","313,000,000","350,000,000","264,926,000","239,774,000","236,350,000","313,950,000","197,053,000","59,384,000","90,630,000","152,779,000","189,745,000","140,918,000","153,983,000","216,710,000","153,896,000","112,971,000","129,532,000","145,754,000","118,057,000","43,383,000","83,183,000","165,607,000","93,805,000","59,595,000","154,929,000","214,503,000","150,383,000","135,422,000","124,851,000","144,755,000","46,643,000","-1,613,000","3,641,000","172,668,000","88,370,000","103,746,000","149,041,000","170,281,000","144,268,000","156,603,000","150,218,000","170,842,000","165,560,000","152,533,000","104,641,000","156,000,000","102,990,000","96,533,000","61,779,000","66,264,000","43,145,000","-7,807,000","-705,579,000","-239,960,000","87,775,000","63,091,000","1,621,000","98,910,000","58,912,000","33,629,000","36,680,000","52,718,000","-7,618,000","77,256,000","83,346,000","88,823,000","86,056,000","73,236,000","57,774,000","70,305,000","56,882,000","55,892,000","50,205,000","53,036,000","27,441,000","2,544,000","11,605,000","2,863,000","2,337,000","27,852,000","6,729,000","11,132,000","17,882,000","22,370,000","58,322,000","65,188,000","64,533,000","58,357,000","50,624,000","39,400,000","37,500,000","37,200,000","34,900,000","31,200,000","-300,000","25,800,000","30,300,000","29,400,000","27,400,000","22,100,000","17,600,000","45,400,000","11,000,000","11,400,000","11,600,000","11,400,000","8,200,000","2,900,000","600,000","4,700,000","500,000","1,900,000","3,700,000","2,400,000","1,600,000","5,600,000","5,500,000",,,,,,,,,
TotalExpenses,"30,604,008,000","8,007,000,000","7,240,000,000","8,217,000,000","7,140,008,000","6,974,127,000","6,585,570,000","7,520,294,000","7,090,381,000","6,207,108,000","6,004,849,000","7,307,668,000","6,373,976,000","5,985,344,000","5,912,190,000","6,283,540,000","5,610,495,000","5,311,334,000","5,166,142,000","5,428,390,000","4,855,994,000","4,413,474,000","4,317,527,000","4,903,389,000","4,333,938,000","4,246,697,000","4,246,130,000","4,992,121,000","4,529,198,000","4,224,001,000","4,164,114,000","4,393,406,000","3,984,828,000","3,772,137,000","3,541,471,000","4,417,499,000","4,665,427,000","4,310,032,000","4,268,210,000","4,466,737,000","4,193,812,000","4,094,315,000","4,085,956,000","4,155,927,000","4,114,735,000","4,075,155,000","3,799,882,000","3,925,749,000","3,755,431,000","3,357,410,000","2,942,230,000","3,018,557,000","2,752,801,000","2,606,741,000","3,561,455,000","3,621,848,000","3,176,837,000","3,021,708,000","3,015,203,000","3,259,750,000","3,039,882,000","2,942,942,000","2,897,185,000","3,156,248,000","2,879,647,000","2,515,208,000","2,231,616,000","2,315,584,000","1,950,534,000","1,865,179,000","1,658,232,000","1,763,070,000","1,569,295,000","1,569,958,000","1,441,671,000","1,454,619,000","1,244,350,000","1,183,897,000","1,113,487,000","1,035,309,000","954,380,000","821,682,000","804,353,000","857,282,000","912,426,000","1,004,766,000","1,152,853,000","1,063,767,000","1,000,555,000","907,492,000","786,938,000","650,400,000","499,000,000","485,300,000","458,500,000","416,700,000","297,000,000","283,800,000","300,400,000","290,145,000","277,800,000","216,500,000","204,600,000","157,700,000","163,100,000","197,500,000","224,000,000","222,500,000","197,200,000","129,500,000","113,800,000","102,500,000","123,300,000","81,400,000","86,100,000","76,600,000","78,900,000","93,700,000","83,700,000",,,,,,,,,
NetIncomeFromContinuingAndDiscontinuedOperation,"855,424,000","218,000,000","222,000,000","241,000,000","174,424,000","169,480,000","151,654,000","200,442,000","67,731,000","-50,958,000","-3,283,000","40,422,000","52,675,000","43,482,000","67,354,000","123,600,000","-57,314,000","42,541,000","37,308,000","63,795,000","45,679,000","-25,281,000","20,665,000","88,027,000","38,067,000","5,213,000","78,930,000","131,885,000","87,702,000","72,203,000","51,952,000","72,162,000","-26,197,000","188,255,000","-38,667,000","117,922,000","127,019,000","50,083,000","88,533,000","105,847,000","82,797,000","101,320,000","97,698,000","112,872,000","114,288,000","104,695,000","55,403,000","106,677,000","58,691,000","52,031,000","29,830,000","28,288,000","5,507,000","-28,762,000","-866,100,000","-275,857,000","57,491,000","38,445,000","-24,045,000","62,001,000","11,725,000","6,234,000","13,900,000","41,377,000","-45,619,000","64,226,000","69,021,000","76,890,000","70,532,000","59,353,000","46,047,000","55,915,000","44,258,000","40,131,000","40,015,000","42,496,000","20,072,000","4,466,000","10,112,000","8,357,000","1,832,000","20,806,000","3,702,000","8,375,000","11,241,000","18,808,000","40,726,000","47,742,000","47,051,000","38,173,000","33,936,000","26,500,000","26,200,000","24,400,000","21,600,000","19,300,000","400,000","17,300,000","20,100,000","19,100,000","18,000,000","14,600,000","11,100,000","8,800,000","6,500,000","6,200,000","6,300,000","5,200,000","5,000,000","1,200,000","-800,000","1,800,000","-600,000","400,000","1,900,000","900,000","100,000","2,600,000","3,000,000","2,300,000","100,000","1,000,000",,"2,100,000","1,100,000","2,400,000","4,100,000","2,800,000"
NormalizedIncome,"862,137,008.384","221,136,690.647","222,000,000","241,000,000","177,930,285.834","168,152,995","156,497,606","199,234,640","97,131,600","-478,500","27,237,570","73,455,230","81,410,720","50,300,200","67,901,390","128,130,800","-51,882,800","50,129,200","41,269,710","70,627,800","75,065,800","-5,661,000","47,621,200","111,865,928","40,008,267.374","7,889,000","80,575,215","132,867,278","91,101,227.797","71,494,856","70,103,318","80,862,536","-2,889,900","-42,962,850","-11,484,050","136,005,750","166,708,650","87,335,410","88,533,000","105,847,000","78,111,947.101","102,816,412","99,240,876","115,005,453.344","114,753,332.851","106,154,916.592","73,068,809","106,861,741.059","61,169,099.272","53,813,658.352","31,101,850.344","31,095,325.836","17,221,400","-17,637,250","-386,723,700","-67,411,750","59,559,130.244","43,330,383.164","5,275,850","73,928,036.277","40,202,800","25,171,100","18,442,650.966","50,165,246.982","5,443,400","67,313,534.357","69,021,000","76,890,000","70,532,000","59,353,000","46,047,000","55,915,000","44,258,000","45,685,252.471","40,015,000","43,635,592.726","30,908,644.081","26,535,800","22,607,000","24,841,400","20,735,600","21,624,174.749","11,420,585.736","21,234,446.293","20,049,972.821","33,962,286.477","41,324,462.844","47,742,000","47,051,000","38,173,000","33,936,000","30,342,500","26,200,000","24,400,000","21,600,000","19,300,000","400,000","17,300,000","20,100,000","19,100,000","18,000,000","14,600,000","11,100,000","8,800,000","6,500,000","6,200,000","6,300,000","5,200,000","5,000,000","1,200,000","-860,000","1,800,000","-600,000","400,000","1,900,000","900,000","100,000","2,600,000","3,000,000","2,300,000","100,000","1,000,000",,"2,100,000","1,100,000","2,400,000","4,100,000","2,800,000"
InterestIncome,,,"0","1,000,000","901,000","1,563,000","1,655,000","1,881,000","1,415,000","1,864,000","5,336,000","5,944,000","5,563,000","6,758,000","4,760,000","4,379,000","4,490,000","4,499,000","5,011,000","3,813,000","4,118,000","3,663,000","2,289,000","2,455,000","2,475,000","2,302,000","2,287,000","2,064,000","3,501,000","2,836,000","1,916,000","1,700,000","1,632,000","1,060,000","341,000","747,000","567,000","402,000","422,000","510,000","462,000","733,000","288,000","558,000","646,000","897,000","739,000","850,000","779,000","626,000","644,000","907,000","2,112,000","1,087,000",,,,,,,,,,,,,,,,,,,,,,,,,,,,,,,,,,,,,,,,,,,,,,,,,,,,,,,,,,,,,,,,,,,,,,,,,,
InterestExpense,,,"33,000,000","33,000,000","32,825,000","33,803,000","31,026,000","32,346,000","40,910,000","41,873,000","46,183,000","44,911,000","49,404,000","50,514,000","46,160,000","42,652,000","38,782,000","36,178,000","37,796,000","36,246,000","35,987,000","35,443,000","33,800,000","32,844,000","34,027,000","35,212,000","34,262,000","33,035,000","32,207,000","31,997,000","32,048,000","31,839,000","30,785,000","32,107,000","31,858,000","33,314,000","31,564,000","30,712,000","29,182,000","29,604,000","27,826,000","26,462,000","26,322,000","25,519,000","24,605,000","25,149,000","25,777,000","22,162,000","19,519,000","19,503,000","20,030,000","20,116,000","19,393,000","19,043,000",,,,,,,,,,,,,,,,,,,,,,,,,,,,,,,,,,,,,,,,,,,,,,,,,,,,,,,,,,,,,,,,,,,,,,,,,,
NetInterestIncome,"-132,924,000","-39,000,000","-33,000,000","-32,000,000","-31,924,000","-32,240,000","-29,371,000","-30,465,000","-39,495,000","-40,009,000","-40,847,000","-38,967,000","-43,841,000","-43,756,000","-41,400,000","-38,273,000","-34,292,000","-31,679,000","-32,785,000","-32,433,000","-31,869,000","-31,780,000","-31,511,000","-30,389,000","-31,552,000","-32,910,000","-31,975,000","-30,971,000","-28,706,000","-29,161,000","-30,132,000","-30,139,000","-29,153,000","-31,047,000","-31,517,000","-32,567,000","-30,997,000","-30,310,000","-28,760,000","-29,094,000","-27,364,000","-25,729,000","-26,034,000","-24,961,000","-23,959,000","-24,252,000","-25,038,000","-21,312,000","-18,740,000","-18,877,000","-19,386,000","-19,209,000","-17,281,000","-17,956,000",,,,,,,,,,,,,,,,,,,,,,,,,,,,,,,,,,,,,,,,,,,,,,,,,,,,,,,,,,,,,,,,,,,,,,,,,,
EBIT,"1,253,585,000","321,000,000","317,000,000","350,000,000","269,585,000","247,098,000","239,564,000","317,753,000","156,158,000","55,646,000","75,260,000","147,551,000","151,317,000","133,592,000","146,986,000","207,539,000","147,329,000","107,331,000","124,058,000","143,685,000","117,599,000","31,225,000","82,101,000","163,382,000","94,246,000","59,485,000","155,049,000","214,802,000","153,495,000","136,378,000","125,102,000","144,761,000","45,185,000","-2,073,000","2,132,000","172,160,000","87,387,000","102,608,000","147,909,000","169,222,000","142,290,000","155,437,000","148,587,000","168,715,000","165,638,000","151,659,000","104,533,000","157,050,000","102,805,000","96,199,000","61,298,000","66,133,000","29,315,000","-7,668,000","-674,055,000","-239,339,000","88,037,000","66,561,000","43,410,000","108,197,000","89,949,000","58,954,000","37,677,000","67,755,000","73,967,000","77,256,000","83,346,000","88,823,000","86,056,000","73,236,000","57,774,000","70,305,000","56,882,000","55,892,000","50,205,000","54,375,000","51,665,000","35,407,000","32,430,000","32,937,000","33,843,000","28,920,000","17,721,000","27,285,000","31,635,000","41,698,000","58,322,000","65,188,000","64,533,000","58,357,000","50,624,000","39,400,000","37,500,000","37,200,000","34,900,000","31,200,000","20,600,000","25,800,000","30,300,000","29,355,000","27,400,000","31,100,000","17,600,000","45,400,000","11,000,000","22,200,000","11,600,000","11,400,000","8,200,000","2,900,000","600,000","4,700,000","500,000","1,900,000","3,700,000","2,400,000","1,600,000","5,600,000","5,500,000","65,700,000","-125,400,000","44,900,000","41,000,000","46,200,000","-167,600,000","58,900,000","73,900,000","54,400,000"
EBITDA,"2,252,842,000"
ReconciledCostOfRevenue,"28,404,147,000","7,473,000,000","6,697,000,000","7,631,000,000","6,603,147,000","6,434,584,000","6,055,610,000","7,003,658,000","6,628,074,000","5,694,327,000","5,509,047,000","6,765,140,000","5,890,354,000","5,506,001,000","5,427,219,000","5,805,435,000","5,148,207,000","4,847,441,000","4,726,169,000","4,931,593,000","4,416,625,000","3,982,076,000","3,901,083,000","4,492,813,000","3,934,305,000","3,815,705,000","3,844,822,000","4,570,919,000","4,167,551,000","3,852,833,000","3,820,226,000","4,050,641,000","3,679,014,000","3,456,151,000","3,248,772,000","4,124,754,000","4,345,966,000","4,038,056,000","3,996,376,000","4,194,671,000","3,932,652,000","3,836,597,000","3,831,008,000","3,905,972,000","3,871,455,000","3,832,061,000","3,561,004,000","3,702,609,000","3,510,834,000","3,127,418,000","2,720,061,000","2,789,604,000","2,544,398,000","2,400,128,000","2,664,964,000","3,095,275,000","2,973,881,000","2,815,973,000","2,812,206,000","3,070,819,000","2,843,097,000","2,727,859,000","2,711,551,000","2,985,700,000","2,711,476,000","2,361,764,000","2,087,398,000","2,166,958,000","1,822,514,000","1,729,754,000","1,529,203,000","1,635,050,000","1,443,226,000","1,446,113,000","1,317,843,000","1,329,376,000","1,129,791,000","1,058,894,000","992,392,000","925,370,000","847,271,000","721,594,000","706,944,000","761,871,000","819,652,000","917,748,000","1,061,932,000","987,689,000","931,263,000","844,463,000","733,599,000","616,400,000","474,400,000","463,100,000","437,900,000","397,400,000","281,000,000","269,800,000","286,600,000","278,200,000","265,900,000","215,600,000","195,700,000","180,000,000","155,300,000","201,100,000","212,800,000","212,500,000","188,300,000","121,600,000","105,900,000","95,500,000","115,600,000","75,000,000","80,400,000","71,100,000","73,000,000","88,100,000","78,800,000",,,,,,,,,
ReconciledDepreciation,"999,257,000","244,000,000","255,000,000","269,000,000","231,257,000","224,327,000","214,650,000","205,766,000","193,889,000","198,345,000","199,488,000","202,859,000","196,911,000","193,412,000","192,674,000","188,836,000","190,058,000","201,324,000","187,689,000","194,633,000","189,848,000","190,240,000","191,416,000","188,901,000","183,780,000","183,671,000","167,938,000","161,363,000","144,040,000","135,695,000","127,061,000","122,380,000","120,656,000","119,453,000","121,573,000","125,596,000","122,407,000","100,688,000","99,819,000","95,203,000","91,306,000","88,452,000","87,873,000","85,861,000","84,867,000","82,438,000","76,924,000","74,950,000","68,571,000","72,252,000","68,480,000","73,981,000","71,882,000","73,996,000","74,563,000","71,556,000","70,646,000","71,172,000","68,224,000","66,269,000","65,873,000","63,852,000","57,893,000","52,084,000","50,883,000","50,330,000","48,578,000","47,483,000","50,322,000","58,070,000","56,717,000","54,012,000","56,068,000","54,614,000","54,658,000","56,328,000","58,334,000","56,268,000","58,354,000","51,483,000","49,950,000","48,610,000","45,818,000","43,930,000","43,913,000","39,272,000","41,633,000","30,570,000","28,253,000","27,560,000","20,524,000","23,000,000","12,700,000","15,200,000","16,600,000","11,500,000","12,200,000","8,200,000","8,200,000","7,100,000","8,000,000","5,500,000","6,000,000","5,400,000","5,300,000","4,300,000","4,600,000","4,000,000","3,600,000","3,000,000","2,800,000","2,600,000","3,200,000","2,200,000","2,100,000","2,000,000","2,200,000","1,900,000","1,400,000",,,,,,,,,
NetIncomeFromContinuingOperationNetMinorityInterest,"855,424,000","218,000,000","222,000,000","241,000,000","174,424,000","169,480,000","151,654,000","200,442,000","67,731,000","-50,958,000","-3,283,000","40,422,000","52,675,000","43,482,000","67,354,000","123,600,000","-57,314,000","42,541,000","37,308,000","63,795,000","45,679,000","-25,281,000","20,665,000","88,027,000","38,067,000","5,213,000","78,930,000","131,885,000","90,176,000","72,036,000","57,461,000","72,920,000","-18,993,000","-52,941,000","-32,416,000","117,922,000","127,019,000","50,083,000","88,533,000","105,847,000","82,797,000","101,320,000","97,698,000","112,872,000","114,288,000","104,695,000","55,403,000","106,677,000","58,691,000","52,031,000","29,830,000","28,288,000","5,507,000","-28,762,000","-866,100,000","-275,857,000","57,491,000","38,445,000","-24,045,000","62,001,000","11,725,000","6,234,000","13,900,000","41,377,000","-45,619,000","64,226,000","69,021,000","76,890,000","70,532,000","59,353,000","46,047,000","55,915,000","44,258,000","40,131,000","40,015,000","42,496,000","20,072,000","4,466,000","10,112,000","8,357,000","1,832,000","20,806,000","3,702,000","8,375,000","11,241,000","18,808,000","40,726,000","47,742,000","47,051,000","38,173,000","33,936,000","26,500,000","26,200,000","24,400,000","21,600,000","19,300,000","400,000","17,300,000","20,100,000","19,100,000","18,000,000","14,600,000","11,100,000","8,800,000","6,500,000","6,200,000","6,300,000","5,200,000","5,000,000","1,200,000","-800,000","1,800,000","-600,000","400,000","1,900,000","900,000","100,000","2,600,000","3,000,000","2,300,000","100,000","1,000,000",,"2,100,000","1,100,000","2,400,000","4,100,000","2,800,000"
TotalUnusualItemsExcludingGoodwill,"-8,754,000","-4,000,000","0","0","-4,754,000","1,665,000","-6,626,000","1,715,000","-49,001,000","-69,150,000","-41,809,000","-45,251,000","-39,364,000","-9,340,000","-817,000","-6,025,000","-7,440,000","-12,647,000","-5,427,000","-11,388,000","-48,978,000","-32,700,000","-44,927,000","-35,902,000","-3,020,000","-4,460,000","-2,535,000","-1,353,000","-1,233,000","782,000","-20,358,000","-12,257,000","-24,774,000","-15,351,000","-32,203,000","-21,275,000","-61,061,000","-53,989,000",,,"6,503,000","-1,899,000","-1,919,000","-2,685,000","-568,000","-1,771,000","-24,987,000","-232,000","-3,476,000","-2,595,000","-1,760,000","-4,473,000","-19,524,000","-17,115,000","-737,502,000","-320,685,000","-2,349,000","-5,480,000","-45,109,000","-13,772,000","-43,812,000","-29,134,000","-5,046,000","-10,292,000","-85,104,000","-3,505,000",,,,,,,"0","-6,370,000",,"-1,339,000","-12,892,000","-36,783,000","-20,825,000","-27,474,000","-31,506,000","-1,068,000","-10,992,000","-16,153,000","-13,753,000","-19,328,000","-843,000",,"0",,,"-5,800,000",,,,,,,,,,,,,,,,,,,"100,000",,,,,,,,,,,,,,,,,
TotalUnusualItems,"-8,754,000","-4,000,000","0","0","-4,754,000","1,665,000","-6,626,000","1,715,000","-49,001,000","-69,150,000","-41,809,000","-45,251,000","-39,364,000","-9,340,000","-817,000","-6,025,000","-7,440,000","-12,647,000","-5,427,000","-11,388,000","-48,978,000","-32,700,000","-44,927,000","-35,902,000","-3,020,000","-4,460,000","-2,535,000","-1,353,000","-1,233,000","782,000","-20,358,000","-12,257,000","-24,774,000","-15,351,000","-32,203,000","-21,275,000","-61,061,000","-53,989,000",,,"6,503,000","-1,899,000","-1,919,000","-2,685,000","-568,000","-1,771,000","-24,987,000","-232,000","-3,476,000","-2,595,000","-1,760,000","-4,473,000","-19,524,000","-17,115,000","-737,502,000","-320,685,000","-2,349,000","-5,480,000","-45,109,000","-13,772,000","-43,812,000","-29,134,000","-5,046,000","-10,292,000","-85,104,000","-3,505,000",,,,,,,"0","-6,370,000",,"-1,339,000","-12,892,000","-36,783,000","-20,825,000","-27,474,000","-31,506,000","-1,068,000","-10,992,000","-16,153,000","-13,753,000","-19,328,000","-843,000",,"0",,,"-5,800,000",,,,,,,,,,,,,,,,,,,"100,000",,,,,,,,,,,,,,,,,
NormalizedEBITDA,"2,261,596,000","569,000,000","572,000,000","619,000,000","505,596,000","469,760,000","460,840,000","521,804,000","399,048,000","323,141,000","316,557,000","395,661,000","387,592,000","336,344,000","340,477,000","402,400,000","344,827,000","321,302,000","317,174,000","349,706,000","356,425,000","254,165,000","318,444,000","388,185,000","281,046,000","247,616,000","325,522,000","377,518,000","298,768,000","271,291,000","272,521,000","279,398,000","190,615,000","132,731,000","155,908,000","319,031,000","270,855,000","257,285,000","247,728,000","264,425,000","227,093,000","245,788,000","238,379,000","257,261,000","251,073,000","235,868,000","206,444,000","232,232,000","174,852,000","171,046,000","131,538,000","144,587,000","120,721,000","83,443,000","138,010,000","152,902,000","161,032,000","143,213,000","156,743,000","188,238,000","199,634,000","151,940,000","100,616,000","130,131,000","209,954,000","131,091,000","131,924,000","136,306,000","136,378,000","131,306,000","114,491,000","124,317,000","112,950,000","116,876,000","104,863,000","112,042,000","122,891,000","128,458,000","111,609,000","111,894,000","115,299,000","78,598,000","74,531,000","87,368,000","89,301,000","100,298,000","100,798,000","95,758,000","92,786,000","85,917,000","71,148,000","68,200,000","50,200,000","52,400,000","51,500,000","42,700,000","32,800,000","34,000,000","38,500,000","36,455,000","35,400,000","36,600,000","23,600,000","50,800,000","16,300,000","26,500,000","16,200,000","15,400,000","11,800,000","5,900,000","3,300,000","7,300,000","3,700,000","4,100,000","5,800,000","4,400,000","3,800,000","7,500,000","6,900,000","65,700,000","-125,400,000","44,900,000","41,000,000","46,200,000","-167,600,000","58,900,000","73,900,000","54,400,000"
TaxRateForCalcs,"0.233","0.216","0.217","0.239","0.262","0.203","0.269","0.296","0.4","0.27","0.27","0.27","0.27","0.27","0.33","0.248","0.27","0.4","0.27","0.4","0.4","0.4","0.4","0.336","0.357","0.4","0.351","0.274","0.25","0.308","0.379","0.352","0.35","0.35","0.35","0.15","0.35","0.31","0.258","0.244","0.28","0.212","0.196","0.205","0.181","0.176","0.293","0.204","0.287","0.313","0.277","0.372","0.4","0.35","0.35","0.35","0.12","0.109","0.35","0.134","0.35","0.35","0.1","0.146","0.4","0.119","0.146","0.121","0.161","0.158","0.163","0.163","0.185","0.128","0.153","0.149","0.159","0.4","0.4","0.4","0.4","0.234","0.298","0.204","0.359","0.216","0.29","0.4","0.31","0.31","0.31","0.338","0.331","0.349","0.351","0.35","0.4","0.312","0.312","0.336","0.335","0.327","0.362","0.371","0.362","0.354","0.323","0.4","0.18","0.143","0.4","0.4","0.143","0.4","0.387","0.4","0.4","0.4","0.362","0.4","0.4","0.4",,"0.4","0.4","0.4","0.4","0.4"
TaxEffectOfUnusualItems,"-2,040,991.616","-863,309.353","0","0","-1,247,714.166","337,995","-1,782,394","507,640","-19,600,400","-18,670,500","-11,288,430","-12,217,770","-10,628,280","-2,521,800","-269,610","-1,494,200","-2,008,800","-5,058,800","-1,465,290","-4,555,200","-19,591,200","-13,080,000","-17,970,800","-12,063,072","-1,078,732.626","-1,784,000","-889,785","-370,722","-307,772.203","240,856","-7,715,682","-4,314,464","-8,670,900","-5,372,850","-11,271,050","-3,191,250","-21,371,350","-16,736,590","0","0","1,817,947.101","-402,588","-376,124","-551,546.656","-102,667.149","-311,083.408","-7,321,191","-47,258.941","-997,900.728","-812,341.648","-488,149.656","-1,665,674.164","-7,809,600","-5,990,250","-258,125,700","-112,239,750","-280,869.756","-594,616.836","-15,788,150","-1,844,963.723","-15,334,200","-10,196,900","-503,349.034","-1,503,753.018","-34,041,600","-417,465.643","0","0","0","0","0","0","0","-815,747.529","0","-199,407.274","-2,055,355.919","-14,713,200","-8,330,000","-10,989,600","-12,602,400","-249,825.251","-3,273,414.264","-3,293,553.707","-4,944,027.179","-4,173,713.523","-244,537.156","0","0","0","0","-1,957,500","0","0","0","0","0","0","0","0","0","0","0","0","0","0","0","0","0","0","40,000","0","0","0","0","0","0","0","0","0","0","0",,"0","0","0","0","0"