name,ttm,05/31/2022,02/28/2022,11/30/2021,08/31/2021,05/31/2021,02/28/2021,11/30/2020,08/31/2020,05/31/2020,02/29/2020,11/30/2019,08/31/2019,05/31/2019,02/28/2019,11/30/2018,09/30/2018,08/31/2018,06/30/2018,05/31/2018,03/31/2018,12/31/2017,09/30/2017,06/30/2017,03/31/2017,12/31/2016,09/30/2016,06/30/2016,03/31/2016,12/31/2015,09/30/2015,06/30/2015,03/31/2015,12/31/2014,09/30/2014,06/30/2014,03/31/2014,12/31/2013,09/30/2013,06/30/2013,03/31/2013,12/31/2012,09/30/2012,06/30/2012,03/31/2012,12/31/2011,09/30/2011,06/30/2011,03/31/2011,12/31/2010,09/30/2010,06/30/2010,03/31/2010,12/31/2009,09/30/2009,06/30/2009,03/31/2009,12/31/2008,09/30/2008,06/30/2008,03/31/2008,12/31/2007,09/30/2007,06/30/2007,03/31/2007,12/31/2006,09/30/2006,06/30/2006,03/31/2006,12/31/2005,09/30/2005,06/30/2005,03/31/2005,12/31/2004,09/30/2004,06/30/2004,03/31/2004,12/31/2003,09/30/2003,06/30/2003,03/31/2003,12/31/2002,09/30/2002,06/30/2002,03/31/2002,12/31/2001,09/30/2001,06/30/2001,03/31/2001,12/31/2000,09/30/2000,06/30/2000,03/31/2000,12/31/1999,09/30/1999,06/30/1999,03/31/1999,12/31/1998,09/30/1998,06/30/1998,03/31/1998,12/31/1997,09/30/1997,06/30/1997,03/31/1997,12/31/1996,09/30/1996,06/30/1996,03/31/1996,12/31/1995,09/30/1995,06/30/1995,03/31/1995,12/31/1994,09/30/1994,06/30/1994,03/31/1994,12/31/1993,09/30/1993,06/30/1993,03/31/1993,12/31/1992,09/30/1992,06/30/1992,03/31/1992,12/31/1991,09/30/1991,06/30/1991,03/31/1991,12/31/1990,09/30/1990,06/30/1990,03/31/1990,12/31/1989,09/30/1989,06/30/1989,03/31/1989,12/31/1988,09/30/1988,06/30/1988,03/31/1988,12/31/1987,09/30/1987,06/30/1987,03/31/1987,12/31/1986,09/30/1986,06/30/1986,03/31/1986,12/31/1985,09/30/1985
TotalRevenue,"7,270,963,000","1,369,082,000","1,942,800,000","2,029,372,000","2,140,594,000","2,166,329,000","2,703,588,000","2,060,636,000","1,825,499,000","1,377,531,000","1,692,264,000","1,430,117,000","1,223,156,000","1,510,371,000","1,195,012,000","761,958,000","1,458,977,000","777,615,000","1,243,826,000","822,557,000","2,946,469,000","3,195,878,000","3,141,892,000","2,989,715,000","3,080,369,000","2,942,919,000","2,883,710,000","2,841,316,000","2,207,309,000","2,686,260,000","2,566,023,000","3,055,123,000","3,376,521,000","2,884,424,000","3,213,664,000","3,097,833,000","3,139,867,000","3,019,192,000","2,742,065,000","2,914,740,000","2,144,036,000","1,372,480,000","2,160,303,000","2,141,645,000","2,424,288,000","297,235,000","236,058,000","656,497,000","127,716,000","585,644,000","185,865,000","412,477,000","374,442,000","303,535,000","280,801,000","284,323,000","250,343,000","267,049,000","267,441,000","274,693,000","271,470,000","252,941,000","255,796,000","239,687,000","129,365,000","107,673,000","105,375,000","158,559,000","213,576,000","-1,093,158,000","658,172,000","607,670,000","509,908,000","487,053,000","483,756,000","477,420,000","466,073,000","344,297,000","151,816,000","90,000,000","47,209,000","38,867,000","74,181,000","95,372,000","93,356,000","30,974,000","61,494,000","151,036,000","131,794,000","248,042,000","173,555,000","136,935,000","156,955,000","137,300,000","131,300,000","139,500,000","298,600,000","153,000,000","79,100,000","149,700,000","148,700,000","146,600,000","144,300,000","343,500,000","310,600,000","365,700,000","377,800,000","378,600,000","384,500,000","429,900,000","391,000,000","376,800,000","360,700,000","375,200,000","347,300,000","325,600,000","336,100,000","339,800,000","336,100,000","372,100,000","360,100,000","378,500,000","383,500,000","383,700,000","427,300,000","411,400,000","321,400,000","169,300,000","184,500,000","159,800,000","167,700,000","198,100,000","151,700,000","141,300,000","166,600,000","191,900,000","172,200,000","224,000,000","228,300,000","210,900,000","222,800,000","84,900,000","88,800,000","96,800,000","97,600,000","22,200,000","108,400,000","117,200,000","81,700,000","134,600,000","52,700,000"
	OperatingRevenue,"6,392,247,000","1,369,082,000","1,637,500,000","1,324,961,000","1,966,289,000","1,998,887,000","2,538,626,000","1,950,312,000","1,782,746,000","1,345,912,000","1,580,269,000","1,113,668,000","1,053,908,000","1,366,165,000","1,141,181,000","709,651,000","1,162,429,000","764,034,000","1,153,805,000","775,294,000","2,790,766,000","3,027,439,000","3,022,705,000","2,855,745,000","2,753,457,000","2,821,156,000","2,719,589,000","2,697,937,000","2,148,386,000","2,569,745,000","2,410,703,000","2,902,100,000","3,252,151,000","2,748,999,000","3,028,652,000","2,980,546,000","3,006,245,000","2,977,459,000","2,569,040,000","2,759,884,000","2,024,413,000","1,372,480,000","2,160,303,000","2,139,119,000","131,101,000","-777,616,000","236,058,000","656,497,000","127,716,000","119,816,000","185,865,000","257,907,000","223,944,000","198,950,000","225,375,000","232,628,000","225,279,000","222,540,000","267,441,000","274,693,000","271,470,000","252,941,000","255,796,000","239,687,000","129,365,000","107,655,000","105,375,000","158,559,000","213,576,000","-1,093,158,000","658,172,000","607,670,000","509,908,000","487,053,000","483,756,000","477,420,000","466,073,000","344,297,000","151,816,000","90,000,000","47,209,000","38,867,000","74,181,000","95,372,000","93,356,000","30,974,000","61,494,000","151,036,000","131,794,000","248,042,000","173,555,000","136,935,000","156,955,000","137,300,000","131,300,000","139,500,000","298,600,000","153,000,000","79,100,000","149,700,000","148,700,000","146,600,000","144,300,000","343,500,000","310,600,000","365,700,000","377,800,000","378,600,000","384,500,000","429,900,000","391,000,000","376,800,000","360,700,000","375,200,000","347,300,000","325,600,000","336,100,000","339,800,000","336,100,000","372,100,000","360,100,000","378,500,000","383,500,000","383,700,000","427,300,000","411,400,000","321,400,000","169,300,000","184,500,000","159,800,000","167,700,000","198,100,000","151,700,000","141,300,000","166,600,000","191,900,000","172,200,000","224,000,000","228,300,000","210,900,000","222,800,000","84,900,000","88,800,000","96,800,000","97,600,000","22,200,000","108,400,000","117,200,000","81,700,000","134,600,000","52,700,000"
CostOfRevenue,"4,176,954,000","812,253,000","1,189,289,000","1,142,434,000","1,243,863,000","1,287,664,000","1,581,531,000","1,299,765,000","1,141,078,000","1,005,819,000","1,129,307,000","945,793,000","973,554,000","1,083,214,000","917,968,000","461,764,000","927,679,000","473,778,000","971,197,000","490,338,000","2,584,036,000","2,619,521,000","2,708,454,000","2,641,728,000","2,322,906,000","2,482,309,000","2,378,453,000","2,516,716,000","2,292,459,000","2,381,253,000","2,586,966,000","2,872,698,000","2,610,442,000","2,652,220,000","2,813,964,000","2,794,494,000","2,786,211,000","2,774,733,000","2,457,334,000","2,599,581,000","1,897,718,000","2,167,485,000","1,906,913,000","1,929,722,000","1,874,735,000","97,271,000","103,464,000","103,669,000","96,993,000","94,219,000","102,576,000","208,883,000","194,469,000","166,811,000","183,631,000","189,267,000","193,016,000","204,634,000","227,782,000","230,634,000","232,374,000","230,872,000","215,387,000","198,899,000","108,354,000","95,768,000","91,909,000","123,687,000","170,976,000","-754,468,000","480,694,000","451,448,000","374,192,000","349,478,000","343,273,000","349,626,000","348,259,000",,,,,,,,,,,,,,,,,,,,,,,,,,,,,,,,,,,,,,,,,,,,,,,,,,,,,,,,,,,,,,,,,,,,,,,,,,
GrossProfit,"3,094,009,000","556,829,000","753,511,000","886,938,000","896,731,000","878,665,000","1,122,057,000","760,871,000","684,421,000","371,712,000","562,957,000","484,324,000","249,602,000","427,157,000","277,044,000","300,194,000","531,298,000","303,837,000","272,629,000","332,219,000","362,433,000","576,357,000","433,438,000","347,987,000","757,463,000","460,610,000","505,257,000","324,600,000","-85,150,000","305,007,000","-20,943,000","182,425,000","766,079,000","232,204,000","399,700,000","303,339,000","353,656,000","244,459,000","284,731,000","315,159,000","246,318,000","-795,005,000","253,390,000","211,923,000","549,553,000","199,964,000","132,594,000","552,828,000","30,723,000","491,425,000","83,289,000","203,594,000","179,973,000","136,724,000","97,170,000","95,056,000","57,327,000","62,415,000","39,659,000","44,059,000","39,096,000","22,069,000","40,409,000","40,788,000","21,011,000","11,905,000","13,466,000","34,872,000","42,600,000","-338,690,000","177,478,000","156,222,000","135,716,000","137,575,000","140,483,000","127,794,000","117,814,000",,,,,,,,,,,,,,,,,,,,,,,,,,,,,,,,,,,,,,,,,,,,,,,,,,,,,,,,,,,,,,,,,,,,,,,,,,
OperatingExpense,"1,443,945,000","368,588,000","331,194,000","428,224,000","315,939,000","381,000,000","310,704,000","333,371,000","277,232,000","289,484,000","337,308,000","333,004,000","308,622,000","265,848,000","255,040,000","203,307,000","277,473,000","198,013,000","268,467,000","192,787,000","287,879,000","294,861,000","263,468,000","237,409,000","230,792,000","277,741,000","291,851,000","237,028,000","236,865,000","279,636,000","275,485,000","211,769,000","219,423,000","298,385,000","310,458,000","232,061,000","233,911,000","257,391,000","282,214,000","269,711,000","111,068,000","-47,547,000","117,340,000","118,958,000","162,240,000","109,003,000","86,226,000","102,743,000","78,534,000","161,397,000","110,621,000","91,296,000","105,469,000","112,063,000","97,760,000","193,201,000","105,423,000","114,990,000","95,775,000","106,075,000","89,486,000","89,038,000","98,687,000","81,658,000","77,551,000","76,195,000","61,533,000","79,967,000","87,788,000","-254,890,000","185,634,000","182,303,000","169,695,000","192,627,000","183,771,000","173,044,000","178,173,000","333,002,000","94,506,000","65,045,000","54,301,000","65,738,000","70,047,000","54,239,000","61,610,000","-68,260,000","95,915,000","93,346,000","145,424,000","142,415,000","113,459,000","106,080,000","102,518,000","117,800,000","89,900,000","99,300,000","105,400,000","120,000,000","103,100,000","117,000,000","115,900,000","171,400,000","151,300,000","285,600,000","285,300,000","343,100,000","335,300,000","347,900,000","347,500,000","360,300,000","347,700,000","339,900,000","325,500,000","332,700,000","307,900,000","295,700,000","303,100,000","290,900,000","282,500,000","309,000,000","309,200,000","342,600,000","332,700,000","331,600,000","384,000,000","334,500,000","288,100,000","156,000,000","161,300,000","144,900,000","138,600,000","132,300,000","135,100,000","117,000,000","141,600,000","166,700,000",,,,,,,,,,,,,,,
	SellingGeneralAndAdministration,"1,278,488,000","328,281,000","285,257,000","387,688,000","277,262,000","341,560,000","271,937,000","294,288,000","237,712,000","249,118,000","297,838,000","290,733,000","268,742,000","229,062,000","221,106,000","186,822,000","245,178,000","177,485,000","236,562,000","179,758,000","234,200,000","241,602,000","208,044,000","186,692,000","181,282,000","194,638,000","239,160,000","186,259,000","187,255,000","214,296,000","217,019,000","156,529,000","166,983,000","185,291,000","263,994,000","187,418,000","192,424,000","217,243,000","232,934,000","221,510,000","81,272,000","-6,532,000","86,968,000","78,103,000","122,744,000","88,532,000","67,558,000","84,164,000","60,772,000","141,867,000","90,807,000","69,087,000","83,665,000","93,879,000","81,445,000","177,744,000","90,146,000","100,557,000","81,012,000","92,584,000","78,040,000","76,850,000","88,516,000","74,959,000","71,371,000","70,277,000","55,678,000","70,611,000","79,373,000","-142,670,000","141,830,000","133,636,000","123,179,000","143,615,000","128,453,000","114,069,000","115,048,000",,,,,,,,,,,,,,,,,,,,,,,,,,,,,,,,,,,,,,,,,,,,,,,,,,,,,,,,,,,,,,,,,,,,,,,,,,
		GeneralAndAdministrativeExpense,,,,,,,,,,,,,,,,"186,822,000",,"177,485,000",,"179,758,000",,,,,,,,,,,,,,,,,,,,,,,"86,968,000","78,103,000","122,744,000","88,532,000","67,558,000","84,164,000","60,772,000","141,867,000","90,807,000","69,087,000","83,665,000","93,879,000","81,445,000","177,744,000","90,146,000",,,,,,,,,,,,,,,,,,,,,,,,,,,,,,,,,,,,,,,,,,,,,,,,,,,,,,,,,,,,,,,,,,,,,,,,,,,,,,,,,,,,,,,,,,,,,,
			SalariesAndWages,,,,,,,,,,,,,,,,,,,,,,,,,,,,,,,,,,,,,,,,,,,"30,280,000","18,162,000","46,490,000","23,910,000","9,966,000","33,059,000","16,236,000","47,799,000","21,681,000","12,188,000","24,400,000","22,623,000","30,202,000","27,006,000","20,699,000",,,,,,,,,,,,,,,,,,,,,,,,,,,,,,,,,,,,,,,,,,,,,,,,,,,,,,,,,,,,,,,,,,,,,,,,,,,,,,,,,,,,,,,,,,,,,,
			RentAndLandingFees,,,,,,,,,,,,,,,,"25,809,000",,"25,559,000",,"24,993,000",,,,,,,,,,,,,,,,,,,,,,,,,,,,,,,,,,,,,,,,,,,,,,,,,,,,,,,,,,,,,,,,,,,,,,,,,,,,,,,,,,,,,,,,,,,,,,,,,,,,,,,,,,,,,,,,,,,,,,,,,,,,,,,,,,,
			OtherGandA,,,,,,,,,,,,,,,,"161,013,000",,"151,926,000",,"154,765,000",,,,,,,,,,,,,,,,,,,,,,,"56,688,000","59,941,000","76,254,000","64,622,000","57,592,000","51,105,000","44,536,000","94,068,000","69,126,000","56,899,000","59,265,000","71,256,000","51,243,000","150,738,000","69,447,000",,,,,,,,,,,,,,,,,,,,,,,,,,,,,,,,,,,,,,,,,,,,,,,,,,,,,,,,,,,,,,,,,,,,,,,,,,,,,,,,,,,,,,,,,,,,,,
	DepreciationAmortizationDepletionIncomeStatement,"165,457,000","40,307,000","45,937,000","40,536,000","38,677,000","39,440,000","38,767,000","39,083,000","39,520,000","40,366,000","39,470,000","42,271,000","39,880,000","36,786,000","33,934,000",,"32,295,000",,"31,905,000",,"53,679,000","53,259,000","55,424,000","50,717,000","49,510,000","58,523,000","52,691,000","50,769,000","49,610,000","57,987,000","58,466,000","55,240,000","52,440,000","53,399,000","46,464,000","44,643,000","41,487,000","40,148,000","49,280,000","48,201,000","29,796,000","29,541,000","30,372,000","40,855,000","39,496,000","20,471,000","18,668,000","18,579,000","17,762,000","19,530,000","19,814,000","22,209,000","21,804,000","18,184,000","16,315,000","15,457,000","15,277,000","14,433,000","14,763,000","13,491,000","11,446,000","12,188,000","10,171,000","6,699,000","6,180,000","5,918,000","5,855,000","9,356,000","8,415,000","-112,220,000","43,804,000","48,667,000","46,516,000","49,012,000","55,318,000","58,975,000","63,125,000",,,,,,,,,,,,,,,,,,,,,,,,,,,,,,,,,,,,,,,,,,,,,,,,,,,,,,,,,,,,,,,,,,,,,,,,,,
		DepreciationAndAmortizationInIncomeStatement,"165,457,000","40,307,000","45,937,000","40,536,000","38,677,000","39,440,000","38,767,000","39,083,000","39,520,000","40,366,000","39,470,000","42,271,000","39,880,000","36,786,000","33,934,000",,"32,295,000",,"31,905,000",,"53,679,000","53,259,000","55,424,000","50,717,000","49,510,000","58,523,000","52,691,000","50,769,000","49,610,000","57,987,000","58,466,000","55,240,000","52,440,000","53,399,000","46,464,000","44,643,000","41,487,000","40,148,000","49,280,000","48,201,000","29,796,000","29,541,000","30,372,000","40,855,000","39,496,000","20,471,000","18,668,000","18,579,000","17,762,000","19,530,000","19,814,000","22,209,000","21,804,000","18,184,000","16,315,000","15,457,000","15,277,000","14,433,000","14,763,000","13,491,000","11,446,000","12,188,000","10,171,000","6,699,000","6,180,000","5,918,000","5,855,000","9,356,000","8,415,000","-112,220,000","43,804,000","48,667,000","46,516,000","49,012,000","55,318,000","58,975,000","63,125,000",,,,,,,,,,,,,,,,,,,,,,,,,,,,,,,,,,,,,,,,,,,,,,,,,,,,,,,,,,,,,,,,,,,,,,,,,,
	OtherOperatingExpenses,,,,,,,,,,,,,,,,"16,485,000",,"20,528,000",,"13,029,000",,,,,,,,,,,,,,,,,,,,,,,,,,,,,,,,,,,,,,,,,,,,,,,,,,,,,,,,,,,,,,,,,,,,,,,,,,,,,,,,,,,,,,,,,,,,,,,,,,,,,,,,,,,,,,,,,,,,,,,,,,,,,,,,,,,
OperatingIncome,"1,650,064,000","188,241,000","422,317,000","458,714,000","580,792,000","497,665,000","811,353,000","427,500,000","407,189,000","82,228,000","225,649,000","151,320,000","-59,020,000","161,309,000","22,004,000","96,887,000","253,825,000","105,824,000","4,162,000","139,432,000","74,554,000","281,496,000","169,970,000","110,578,000","526,671,000","182,869,000","213,406,000","87,572,000","-322,015,000","25,371,000","-296,428,000","-29,344,000","546,656,000","-66,181,000","89,242,000","71,278,000","119,745,000","-12,932,000","2,517,000","45,448,000","135,250,000","-747,458,000","136,050,000","92,965,000","387,313,000","90,961,000","46,368,000","450,085,000","-47,811,000","330,028,000","-27,332,000","112,298,000","74,504,000","24,661,000","-590,000","-98,145,000","-48,096,000","-52,575,000","-56,116,000","-62,016,000","-50,390,000","-66,969,000","-58,278,000","-40,870,000","-56,540,000","-64,290,000","-48,067,000","-45,095,000","-45,188,000","-83,800,000","-8,156,000","-26,081,000","-33,979,000","-55,052,000","-43,288,000","-45,250,000","-60,359,000","11,295,000","57,310,000","24,955,000","-7,092,000","-26,871,000","4,134,000","41,133,000","31,746,000","99,234,000","-34,421,000","57,690,000","-13,630,000","105,627,000","60,096,000","30,855,000","54,437,000","19,500,000","41,400,000","40,200,000","193,200,000","33,000,000","-24,000,000","32,700,000","32,800,000","-24,800,000","-7,000,000","57,900,000","25,300,000","22,600,000","42,500,000","30,700,000","37,000,000","69,600,000","43,300,000","36,900,000","35,200,000","42,500,000","39,400,000","29,900,000","33,000,000","48,900,000","53,600,000","63,100,000","50,900,000","35,900,000","50,800,000","52,100,000","43,300,000","76,900,000","33,300,000","13,300,000","23,200,000","14,900,000","29,100,000","65,800,000","16,600,000","24,300,000","25,000,000","25,200,000","172,200,000","-582,300,000","228,300,000","210,900,000","222,800,000","-264,900,000","88,800,000","96,800,000","97,600,000","-265,800,000","108,400,000","117,200,000","81,700,000","-91,800,000","52,700,000"
NetNonOperatingInterestIncomeExpense,,,,,,,"-20,367,000",,,,"-21,554,000",,,,,,,,,,,,,,,,,,,,,,,,,,,,,,,"90,434,000","-21,106,000","-21,373,000","-28,868,000","-27,525,000","-27,538,000","-27,837,000","-28,977,000","-30,475,000","-31,353,000","-31,497,000","-31,491,000","-31,560,000","-31,472,000","-32,384,000","-33,387,000",,,,,,,,,,,,,,,,,,,,,,,,,,,,,,,,,,,,,,,,,,,,,,,,,,,,,,,,,,,,,,,,,,,,,,,,,,,,,,,,,,,,,,,,,,,,,,
	InterestExpenseNonOperating,,,,,,,"20,367,000",,,,"21,554,000",,,,,,,,,,,,,,,,,,,,,,,,,,,,,,,,"21,106,000","21,373,000","28,868,000","27,525,000","27,538,000","27,837,000","28,977,000","30,475,000","31,353,000","31,497,000","31,491,000","31,560,000","31,472,000","32,384,000","33,387,000",,,,,,,,,,,,,,,,,,,,,,,,,,,,,,,,,,,,,,,,,,,,,,,,,,,,,,,,,,,,,,,,,,,,,,,,,,,,,,,,,,,,,,,,,,,,,,
OtherIncomeExpense,"-112,010,000","-21,700,000","-29,985,000","-33,149,000","-27,176,000","-23,526,000","-10,568,000","-5,960,000","5,053,000","-6,721,000","-67,855,000","81,229,000","72,283,000","22,170,000","27,313,000","-18,924,000","18,867,000","-18,723,000","33,353,000","-17,567,000","32,100,000","9,512,000","30,057,000","14,104,000","-128,574,000","46,153,000","36,503,000","51,890,000","20,052,000","15,780,000","24,243,000","29,807,000","40,451,000","54,229,000","28,917,000","35,345,000","20,036,000","29,481,000","23,889,000","34,863,000",,"1,048,964,000","27,192,000",,,,"-296,812,000","96,944,000","156,318,000",,"324,712,000",,,,,,,,"143,841,000","37,626,000","-21,002,000","-101,990,000","84,131,000","108,871,000","80,745,000","82,124,000","65,941,000","117,255,000","186,649,000","-20,975,000","112,185,000","160,187,000","62,025,000","111,767,000","146,754,000","98,023,000","69,683,000",,,,,,,,,,,,,,,,,,,,,,,,,,,,,,,,,,,,,,,,,,,,,,,,,,,,,,,,,,,,,,,,,,,,,,,,,,
	GainOnSaleOfSecurity,,,,,,,,,,,,,,,,,,,,,,,,,,,,,,,,,,,,,,,,,,"396,707,000","27,192,000",,,,,"96,944,000","156,318,000",,,,,,,,,,,,,,,,,,,,,,,,,,,,,,,,,,,,,,,,,,,,,,,,,,,,,,,,,,,,,,,,,,,,,,,,,,,,,,,,,,,,,,,,,,,,,,,,,,,,,,
	EarningsFromEquityInterest,"-112,010,000","-21,700,000","-29,985,000","-33,149,000","-27,176,000","-23,526,000","-10,568,000","-5,960,000","5,053,000","-6,721,000","-67,855,000","81,229,000","72,283,000","22,170,000","27,313,000",,"18,867,000",,"33,353,000",,"32,100,000","9,512,000","30,057,000","14,104,000","-128,574,000","46,153,000","36,503,000","51,890,000","20,052,000","15,780,000","24,243,000","29,807,000","40,451,000","54,229,000","28,917,000","35,345,000","20,036,000","29,481,000","23,889,000","34,863,000",,,,,,,"-296,812,000",,,,"324,712,000",,,,,,,,"159,666,000","-25,235,000","-74,381,000","-48,132,000","8,778,000","4,554,000","12,925,000","13,384,000","1,073,000","9,534,000","13,729,000","-57,095,000","-66,531,000","67,345,000","11,148,000","52,266,000","-3,919,000","4,151,000","23,981,000",,,,,,,,,,,,,,,,,,,,,,,,,,,,,,,,,,,,,,,,,,,,,,,,,,,,,,,,,,,,,,,,,,,,,,,,,,
	SpecialIncomeCharges,,,,,,,,,,,,,,,,,,,,,,,,,,,,,,,,,,,,,,,,,,,,,,,,,,,,,,,,,,,"-15,825,000","62,861,000","53,379,000","-53,858,000","75,353,000","104,317,000","67,820,000","68,740,000","64,868,000","107,721,000","172,920,000","36,120,000","178,716,000","92,842,000","50,877,000","59,501,000","150,673,000","93,872,000","45,702,000",,,,,,,,,,,,,,,,,,,,,,,,,,,,,,,,,,,,,,,,,,,,,,,,,,,,,,,,,,,,,,,,,,,,,,,,,,
	OtherNonOperatingIncomeExpenses,,,,,,,,,,,,,,,,"-18,924,000",,"-18,723,000",,"-17,567,000",,,,,,,,,,,,,,,,,,,,,,,,,,,,,,,,,,,,,,,,,,,,,,,,,,,,,,,,,,,,,,,,,,,,,,,,,,,,,,,,,,,,,,,,,,,,,,,,,,,,,,,,,,,,,,,,,,,,,,,,,,,,,,,,,,,
PretaxIncome,"1,538,054,000","166,541,000","392,332,000","425,565,000","553,616,000","474,139,000","800,785,000","421,540,000","412,242,000","75,507,000","157,794,000","232,549,000","13,263,000","183,479,000","49,317,000","77,963,000","272,692,000","87,101,000","37,515,000","121,865,000","106,654,000","291,008,000","200,027,000","124,682,000","398,097,000","229,022,000","249,909,000","139,462,000","-301,963,000","41,151,000","-272,185,000","463,000","587,107,000","-11,952,000","118,159,000","106,623,000","139,781,000","16,549,000","26,406,000","80,311,000","135,250,000","391,940,000","142,136,000","71,592,000","358,445,000","63,436,000","18,830,000","519,192,000","79,530,000","299,553,000","-58,685,000","80,801,000","43,013,000","-6,899,000","-32,062,000","-130,529,000","-57,179,000","-189,120,000","-108,957,000","-35,698,000","-32,793,000","-74,035,000","-10,868,000","36,611,000","4,129,000","-35,000","-4,969,000","50,559,000","123,671,000","-52,852,000","78,705,000","109,073,000","3,237,000","32,284,000","76,592,000","28,030,000","-11,679,000","-6,067,000","45,394,000","16,102,000","-15,272,000","-35,989,000","-5,545,000","30,831,000","20,521,000","86,365,000","-50,291,000","41,669,000","-29,591,000","90,199,000","43,348,000","14,332,000","39,902,000","6,100,000","29,200,000","24,500,000","178,000,000","16,700,000","-36,300,000","20,300,000","20,600,000","-37,400,000","-19,900,000","44,000,000","10,600,000","8,900,000","29,100,000","17,400,000","23,100,000","55,500,000","29,000,000","24,300,000","23,400,000","30,600,000","28,500,000","19,100,000","22,000,000","40,600,000","41,900,000","53,200,000","41,200,000","44,300,000","33,200,000","38,000,000","28,100,000","61,100,000","19,700,000","2,300,000","11,600,000","2,800,000","15,400,000","55,300,000","5,700,000","11,200,000","10,600,000","10,900,000",,,,,,,,,,,,,,,
TaxProvision,"351,713,000","49,683,000","64,357,000","91,973,000","145,700,000","120,820,000","218,236,000","113,535,000","107,403,000","31,962,000","45,773,000","38,671,000","-36,131,000","-488,797,000","2,302,000","16,313,000","90,391,000","26,923,000","9,598,000","23,857,000","-32,495,000","542,913,000","63,260,000","50,620,000","104,174,000","62,917,000","73,703,000","68,850,000","-83,361,000","2,113,000","-90,273,000","-14,571,000","212,678,000","2,086,000","59,906,000","43,775,000","50,190,000","24,483,000","16,183,000","22,068,000","67,602,000","145,473,000","61,208,000","33,945,000","133,517,000","27,057,000","14,035,000","190,108,000","39,053,000","-1,150,254,000","3,540,000","4,665,000","2,702,000","640,000","1,680,000","29,127,000","-24,304,000","1,971,489,000","-38,753,000","-247,711,000","-11,350,000","-566,712,000","-4,177,000","14,850,000","-3,732,000","-7,100,000","-8,709,000","14,952,000","42,515,000","637,000","-24,883,000","-1,107,460,000","624,000","-20,713,000","1,879,000","-3,889,000","273,000","-34,512,000","-10,696,000","2,493,000","-1,486,000","-160,272,000","-3,061,000","11,402,000","7,778,000","-4,419,000","-18,331,000","15,795,000","-9,693,000","38,504,000","14,557,000","4,804,000","14,891,000","-2,300,000","7,800,000","9,200,000","29,800,000","-4,100,000","-34,300,000","5,500,000","8,000,000","-13,600,000","-8,500,000","16,800,000","4,800,000","1,400,000","9,900,000","4,200,000","7,500,000","3,500,000","7,300,000","6,900,000","7,100,000","7,600,000","7,300,000","6,800,000","7,800,000","15,900,000","9,100,000","20,300,000","15,300,000","0","4,600,000","3,700,000","4,700,000","-6,200,000","4,700,000","900,000","900,000","3,800,000","3,400,000","4,900,000","1,900,000","5,800,000","400,000","5,200,000",,,,,,,,,,,,,,,
EarningsFromEquityInterestNetOfTax,,,,,,,,,,,"-67,855,000",,,,,,,,,,,,,,,,,,,,,,,,,,,,,,"233,122,000","204,043,000","36,017,000","-226,320,000","262,539,000",,,"-145,796,000","-28,048,000",,,,,,,"570,640,000","-82,954,000",,,,,,,,,,,,,,,,,,,,,,,,,,,,,,,,,,,,,,,,,,,,,,,,,,,,,,,,,,,,,,,,,,,,,,,,,,,,,,,,,,,,,,,,,,,,,,
NetIncomeCommonStockholders,"1,169,342,000","114,014,000","325,471,000","322,926,000","404,969,000","350,418,000","579,219,000","305,393,000","302,464,000","44,631,000","112,315,000","194,632,000","48,161,000","666,678,000","44,556,000","61,393,000","191,581,000","60,182,000","721,659,000","98,004,000","124,026,000","-270,519,000","98,983,000","57,974,000","280,270,000","136,597,000","152,298,000","56,517,000","-222,880,000","54,755,000","-173,173,000","16,132,000","373,673,000","-9,357,000","53,415,000","63,517,000","91,919,000","8,243,000","2,879,000","51,015,000","303,111,000","454,166,000","106,674,000","-197,251,000","490,877,000","119,437,000","-291,022,000","186,309,000","10,507,000","1,695,222,000","287,755,000","-235,144,000","191,479,000","-90,935,000","370,199,000","411,023,000","-140,007,000","-2,715,841,000","89,462,000","186,778,000","-95,824,000","445,733,000","3,888,000","26,299,000","8,374,000","11,209,000","60,477,000","37,020,000","80,693,000","258,203,000","104,114,000","1,271,111,000","2,613,000","48,913,000","74,564,000","33,975,000","-11,952,000","39,333,000","56,090,000","15,417,000","-13,786,000","124,283,000","-2,484,000","27,081,000","12,743,000","18,065,000","-31,960,000","25,874,000","-19,487,000","52,116,000","28,791,000","9,528,000","25,573,000","8,300,000","37,000,000","13,200,000","156,300,000","28,900,000","-2,000,000","14,800,000","12,600,000","410,200,000","204,300,000","33,600,000","12,800,000","700,000","19,200,000","13,200,000","15,600,000","52,000,000","21,700,000","17,400,000","16,300,000","23,000,000","21,200,000","12,300,000","14,200,000","24,700,000","32,800,000","32,900,000","145,400,000","44,300,000","28,600,000","34,300,000","23,400,000","66,200,000","14,800,000","1,200,000","12,800,000","-1,300,000","11,600,000","33,100,000","3,800,000","41,900,000","11,800,000","7,000,000",,,,,,,,,,,,,,,
	NetIncome,"1,181,671,000","116,085,000","329,517,000","326,761,000","409,308,000","354,222,000","584,061,000","308,671,000","305,813,000","46,323,000","114,432,000","196,817,000","49,752,000","672,040,000","46,087,000","61,393,000","193,911,000","60,182,000","726,700,000","98,004,000","125,697,000","-270,429,000","100,523,000","59,208,000","282,424,000","138,187,000","155,374,000","58,304,000","-221,864,000","56,611,000","-172,157,000","17,421,000","381,775,000","-8,748,000","55,695,000","66,089,000","95,332,000","9,570,000","3,998,000","53,627,000","305,442,000","454,166,000","106,674,000","-197,251,000","490,877,000","119,437,000","-291,022,000","186,309,000","10,507,000","1,695,222,000","287,755,000","-235,144,000","191,479,000","-90,935,000","370,199,000","411,023,000","-140,007,000","-2,715,841,000","89,462,000","186,778,000","-95,824,000","445,733,000","3,888,000","26,299,000","8,374,000","11,209,000","60,477,000","37,020,000","80,693,000","258,203,000","104,114,000","1,271,111,000","2,613,000","48,913,000","74,564,000","33,975,000","-11,952,000","39,333,000","56,090,000","15,417,000","-13,786,000","124,283,000","-2,484,000","27,081,000","12,743,000","18,065,000","-31,960,000","25,874,000","-19,487,000","52,116,000","28,791,000","9,528,000","25,573,000","8,300,000","37,000,000","13,200,000","156,300,000","28,900,000","-2,000,000","14,800,000","12,600,000","410,200,000","204,300,000","33,600,000","12,800,000","700,000","19,200,000","13,200,000","15,600,000","52,000,000","21,700,000","17,400,000","16,300,000","23,000,000","21,200,000","12,300,000","14,200,000","24,700,000","32,800,000","32,900,000","145,400,000","44,300,000","28,600,000","34,300,000","23,400,000","66,200,000","14,800,000","1,200,000","12,800,000","-1,300,000","11,600,000","33,100,000","3,800,000","41,900,000","11,800,000","7,000,000",,,,,,,,,,,,,,,
		NetIncomeIncludingNoncontrollingInterests,"1,186,341,000","116,858,000","327,975,000","333,592,000","407,916,000","353,319,000","582,549,000","308,005,000","304,839,000","43,545,000","112,021,000","193,878,000","49,394,000","672,276,000","47,015,000","61,650,000","182,301,000","60,178,000","748,944,000","98,008,000","139,149,000","-251,905,000","136,767,000","74,062,000","293,923,000","166,105,000","176,206,000","70,612,000","-218,602,000","42,831,000","-180,183,000","15,034,000","374,429,000","-19,624,000","60,262,000","66,450,000","91,937,000","-11,015,000","14,383,000","58,536,000","300,289,000","450,840,000","114,334,000","-187,768,000","487,235,000","119,064,000","-291,352,000","186,458,000","10,786,000","1,695,039,000","289,970,000","-236,278,000","191,505,000","-91,836,000","369,580,000","410,984,000","-140,133,000","-2,176,773,000","89,462,000","186,778,000","-95,824,000","445,733,000","3,888,000","26,299,000","8,374,000","11,209,000","60,477,000","37,020,000","80,693,000","258,203,000","104,114,000","1,271,111,000","2,613,000","48,913,000","74,564,000","33,975,000","-11,952,000","39,333,000","56,090,000","16,797,000","-12,405,000","125,663,000","-1,104,000","28,461,000","14,124,000","19,445,000","-30,580,000","27,254,000","-18,106,000","53,496,000","30,171,000","10,908,000","26,954,000","9,700,000","38,400,000","14,600,000","157,700,000","30,800,000","100,000","16,900,000","14,700,000","412,300,000","206,200,000","35,700,000","14,600,000","700,000","19,200,000","13,200,000","15,600,000","52,000,000","21,700,000","17,400,000","16,400,000","23,400,000","21,200,000","12,500,000","14,400,000","22,600,000","34,100,000","33,300,000","145,900,000","26,900,000","35,700,000","38,800,000","29,200,000","72,200,000","19,100,000","3,500,000","15,700,000","1,300,000","15,900,000","35,200,000","7,300,000","46,000,000","14,700,000","8,100,000","4,800,000","3,200,000","6,600,000","6,200,000","7,700,000","-20,300,000","-5,600,000","1,600,000","6,200,000","35,100,000","20,500,000","6,700,000","11,200,000","2,800,000","3,700,000"
			NetIncomeContinuousOperations,"1,186,341,000","116,858,000","327,975,000","333,592,000","407,916,000","353,319,000","582,549,000","308,005,000","304,839,000","43,545,000","112,021,000","193,878,000","49,394,000","672,276,000","47,015,000","61,650,000","182,301,000","60,178,000","27,917,000","98,008,000","139,149,000","-251,905,000","136,767,000","74,062,000","293,923,000","166,105,000","176,206,000","70,612,000","-218,602,000","39,038,000","-181,912,000","15,034,000","374,429,000","-14,038,000","58,253,000","62,848,000","89,591,000","-7,934,000","10,223,000","58,243,000","300,770,000","450,510,000","116,945,000","-188,673,000","487,467,000","112,994,000","-292,017,000","183,288,000","12,429,000","1,830,573,000","262,487,000","-245,786,000","191,505,000","-94,506,000","345,775,000","410,984,000","-140,133,000","-2,759,727,000","89,462,000","186,778,000","-95,824,000","444,545,000","2,087,000","26,315,000","7,861,000","7,065,000","3,740,000","35,607,000","81,156,000","-98,622,000","103,588,000","1,216,533,000","2,613,000","52,997,000","74,713,000","31,919,000","-11,952,000","28,445,000","56,090,000","13,609,000","-13,786,000","124,283,000","-2,484,000","19,429,000","12,743,000","90,784,000","-31,960,000","25,874,000","-19,898,000","51,695,000","28,791,000","9,528,000","25,011,000","8,400,000","21,400,000","15,300,000","148,200,000","20,800,000","-2,000,000","14,800,000","12,600,000","-23,800,000","-11,400,000","27,200,000","5,800,000","7,500,000","19,200,000","13,200,000","15,600,000","52,000,000","21,700,000","17,400,000","16,300,000","23,000,000","21,200,000","12,300,000","14,200,000","24,700,000","32,800,000","32,900,000","25,900,000","44,300,000","28,600,000","34,300,000","23,400,000","67,300,000","15,000,000","1,400,000","10,700,000","-1,000,000","12,000,000","50,400,000","3,800,000","5,400,000","10,200,000","5,700,000","3,600,000","3,200,000","6,600,000","6,200,000","7,700,000","-18,400,000","-5,600,000","1,600,000","6,200,000","-10,500,000","11,700,000","6,900,000","11,500,000","3,100,000","2,500,000"
			NetIncomeDiscontinuousOperations,,,,,,,,,,,,"0","0","0","0",,"0",,"721,027,000",,,,,,,"0","0",,,"3,793,000","1,729,000","0","0","-5,586,000","2,009,000","3,602,000","2,346,000","-3,081,000","4,160,000","293,000","-481,000","330,000","-2,611,000","905,000","-232,000","6,070,000","665,000","3,170,000","-1,643,000","-135,534,000","27,483,000","9,508,000",,"2,670,000","23,805,000",,,,,,,"1,188,000","1,801,000","-16,000","513,000","4,144,000","56,737,000","1,413,000","-463,000","356,825,000","526,000","54,578,000",,"-4,084,000","-149,000","2,056,000",,"10,888,000",,"1,808,000",,"0",,"3,140,000",,,,,,,,,,"-15,600,000","15,600,000","500,000","8,100,000",,,,,"434,000,000","215,700,000","8,400,000","7,000,000",,,,,,,,,,,,,,,,,,,,,"-1,100,000","-200,000","-200,000","2,100,000","-300,000","-400,000","-17,300,000",,"36,500,000","1,600,000","1,300,000","1,200,000",,,,,,,,,"45,600,000","8,800,000","-200,000","-300,000","-300,000","1,200,000"
			NetIncomeExtraordinary,,,,,,,,,,,,,,,,,,,,,,,,,,,,,,,,,,,,,,,,,,,,,,,,,,,,,,,,,,,,,,,,,,,,,,,,,,,,,,,,,,,,,,,,,"411,000",,,,,,,,,,,,,,,,,,,,,,,,,,,,,"0",,,"119,500,000",,,,,,,,,,,,,,,,,,,,,,,,,,,,,,
			NetIncomeFromTaxLossCarryforward,,,,,,,,,,,,,,,,,,,,,,,,,,,,,,,,,,,,,,,,,,,,,,,,,,,,,,,,,,,,,,,,,,,,,,,,,,,,,,,,,,,,"4,512,000",,,,,,"421,000",,,"562,000","15,500,000",,"-2,600,000",,,,,,"0",,"-2,000,000",,,,,,,,,,,,,,,,,,,,,,,,,,,,,,,,,,,,,,,,,,,,,,,
		MinorityInterests,"-4,670,000","-773,000","1,542,000","-6,831,000","1,392,000","903,000","1,512,000","666,000","974,000","2,778,000","2,411,000","2,939,000","358,000","-236,000","-928,000","-257,000","11,610,000","4,000","-22,244,000","-4,000","-13,452,000","-18,524,000","-36,244,000","-14,854,000","-11,499,000","-27,918,000","-20,832,000","-12,308,000","-3,262,000","13,780,000","8,026,000","2,387,000","7,346,000","10,876,000","-4,567,000","-361,000","3,395,000","20,585,000","-10,385,000","-4,909,000","5,153,000","3,326,000","-7,660,000","-9,483,000","3,642,000","373,000","330,000","-149,000","-279,000","183,000","-2,215,000","1,134,000","-26,000","901,000","619,000","39,000","126,000",,,,,,,,,,,,,,,,,,,,,"0",,"-1,380,000","-1,381,000","-1,380,000","-1,380,000","-1,380,000","-1,381,000","-1,380,000","-1,380,000","-1,380,000","-1,381,000","-1,380,000","-1,380,000","-1,380,000","-1,381,000","-1,400,000","-1,400,000","-1,400,000","-1,400,000","-1,900,000","-2,100,000","-2,100,000","-2,100,000","-2,100,000","-1,900,000","-2,100,000","-1,800,000",,,,,,,,"-100,000","-400,000",,"-200,000","-200,000",,"-1,300,000","-400,000","-500,000",,"-7,100,000","-4,500,000","-5,800,000","-6,000,000","-4,300,000","-2,300,000","-2,900,000","-2,600,000","-4,300,000","-2,100,000","-3,500,000","-4,100,000","-2,900,000","-1,100,000",,,,,,,,,,,,,,,
	PreferredStockDividends,"7,838,000","2,071,000","2,070,000","1,848,000","1,849,000","1,626,000","1,626,000","1,404,000","1,404,000","1,404,000","1,422,000","1,276,000","1,275,000","1,276,000","1,276,000",,"1,276,000",,"1,171,000",,"1,172,000","1,172,000","1,172,000","1,015,000","1,016,000","1,016,000","1,016,000","1,015,000","1,016,000","1,016,000","1,016,000","1,015,000","1,016,000","1,015,000","1,016,000","1,015,000","1,016,000","1,016,000","1,027,000","1,015,000","339,000",,,,,,,,,,,,,,,,,,,,,,,,,,,,,,,,,,,,,,,,,,,,,,,,,,,,,,,,,,,,,,,,,,,,,,,,,,,,,,,,,,,,,,,,,,,,,,,,,,,,,,,,,,,,,,
	OtherunderPreferredStockDividend,,,"1,976,000","1,987,000","2,490,000","2,178,000","3,216,000","1,874,000","1,945,000","288,000","695,000","909,000","316,000","4,086,000","255,000",,"1,054,000",,"3,870,000",,"499,000","-1,082,000","368,000","219,000","1,138,000","574,000","2,060,000","772,000","0","840,000","0","274,000","7,086,000","-406,000","1,264,000","1,557,000","2,397,000","311,000","92,000","1,597,000","1,992,000",,,,,,,,,,,,,,,,,,,,,,,,,,,,,,,,,,,,,,,,,,,,,,,,,,,,,,,,,,,,,,,,,,,,,,,,,,,,,,,,,,,,,,,,,,,,,,,,,,,,,,,,,,,,,,
AverageDilutionEarnings,,,"2,109,000","1,894,000","1,901,000","1,669,000","1,668,000","1,422,000","1,421,000","-9,000","1,419,000","1,242,000","-7,000","1,319,000","-7,000",,"1,279,000",,"37,000",,"1,171,000","-3,220,000","-2,000","-2,000","1,024,000","-19,000","1,022,000","-9,000","0","-10,000","0","-19,000","1,070,000","-39,000","-16,000","87,000","1,656,000","1,623,000","-62,000","-29,000","1,008,000",,,,,,,"654,000",,,,,,,,,,,,,,,,,,,,,,,,,,,,,,,,,,,,,,,,,,,,,,,,,,,,,,,,,,,,,,,,,,,,,,,,,,,,,,,,,,,,,,,,,,,,,,,,,,,,,,,
DilutedNIAvailtoComStockholders,"1,173,139,000","114,014,000","327,580,000","324,820,000","406,870,000","352,087,000","580,887,000","306,815,000","303,885,000","44,622,000","113,734,000","195,874,000","48,154,000","667,997,000","44,549,000","61,393,000","192,860,000","60,182,000","721,696,000","98,004,000","125,197,000","-273,739,000","98,981,000","57,972,000","281,294,000","136,578,000","153,320,000","56,508,000","-222,880,000","54,745,000","-173,173,000","16,113,000","374,743,000","-9,396,000","53,399,000","63,604,000","93,575,000","9,866,000","2,817,000","50,986,000","304,119,000","456,792,000","106,674,000","-197,251,000","490,877,000","119,437,000","-291,022,000","186,963,000","10,507,000","1,695,222,000","287,755,000","-235,144,000","191,479,000","-90,935,000","370,199,000","411,023,000","-140,007,000","-2,715,841,000","89,462,000","186,778,000","-95,824,000","445,733,000","3,888,000","26,299,000","8,374,000","11,209,000","60,477,000","37,020,000","80,693,000","258,203,000","104,114,000","1,271,111,000","2,613,000","48,913,000","74,564,000","33,975,000","-11,952,000","39,333,000","56,090,000","15,417,000","-13,786,000","124,283,000","-2,484,000","27,081,000","12,743,000","18,065,000","-31,960,000","25,874,000","-19,487,000","52,116,000","28,791,000","9,528,000","25,573,000","8,300,000","37,000,000","13,200,000","156,300,000","28,900,000","-2,000,000","14,800,000","12,600,000","410,200,000","204,300,000","33,600,000","12,800,000","700,000","19,200,000","13,200,000","15,600,000","52,000,000","21,700,000","17,400,000","16,300,000","23,000,000","21,200,000","12,300,000","14,200,000","24,700,000","32,800,000","32,900,000","145,400,000","44,300,000","28,600,000","34,300,000","23,400,000","66,200,000","14,800,000","1,200,000","12,800,000","-1,300,000","11,600,000","33,100,000","3,800,000","41,900,000","11,800,000","7,000,000",,,,,,,,,,,,,,,
BasicEPS,,"0.46","1.26","1.23","1.54","1.33","2.17","1.12","1.08","0.16","0.37","0.63","0.16","2.17","0.14","0.2","0.56","0.181","2.05","0.284","0.34",,"0.27","0.16","0.76",,"0.41","0.15","-0.6",,"-0.47","0.04","1",,"0.14","0.17","0.25",,"0.01","0.14","1.1",,"0.44","-0.81","2.01",,"-1.19","0.76","0.04",,"1.18","-0.97","0.79",,"1.52","1.7","-0.59",,"0.38","0.81","-0.43",,"0.02","0.12","0.04",,"0.28","0.17","0.375",,"0.48","5.905","0.01",,"0.35","0.16","-0.057",,"0.313","0.087","-0.077",,"-0.013","0.163","0.077",,"-0.193","0.157","-0.117",,"0.173","0.057","0.153",,"0.21","0.073","0.85",,"-0.01","0.077","0.067",,"1.077","0.183","0.137",,"0.107","0.073","0.087",,"0.123","0.1","0.093",,"0.123","0.07","0.083",,"0.187","0.19","0.824",,"0.197","0.237","0.323",,"0.107","0.007","0.097",,"0.08","0.227","0.027",,"0.077","0.037","0.033",,"0.043","0.04","0.05",,"-0.037","0.01","0.037",,"0.073","0.037","0.063",,"0.02"
DilutedEPS,,"0.45","1.23","1.2","1.5","1.3","2.13","1.11","1.07","0.16","0.37","0.62","0.15","2.14","0.14","0.2","0.55","0.181","2.03","0.284","0.34",,"0.27","0.16","0.75",,"0.41","0.15","-0.6",,"-0.47","0.04","0.99",,"0.14","0.17","0.25",,"0.01","0.14","1.08",,"0.43","-0.81","1.97",,"-1.19","0.75","0.04",,"1.17","-0.97","0.78",,"1.5","1.67","-0.59",,"0.37","0.76","-0.43",,"0.02","0.12","0.04",,"0.27","0.17","0.36",,"0.465","5.515","0.01",,"0.333","0.157","-0.057",,"0.31","0.087","-0.077",,"-0.013","0.163","0.077",,"-0.193","0.157","-0.117",,"0.173","0.057","0.153",,"0.21","0.073","0.85",,"-0.01","0.077","0.067",,"1.077","0.177","0.137",,"0.103","0.073","0.087",,"0.12","0.1","0.093",,"0.12","0.07","0.083",,"0.183","0.183","0.804",,"0.193","0.237","0.323",,"0.107","0.007","0.097",,"0.08","0.227","0.027",,"0.077","0.037","0.03",,"0.04","0.04","0.047",,"-0.037","0.01","0.037",,"0.073","0.037","0.057",,"0.02"
BasicAverageShares,,"249,142,000","257,552,000","261,637,000","263,087,000","263,280,000","266,386,000","272,901,000","280,695,000","286,764,000","302,406,000","310,266,000","310,288,000","307,010,000","315,175,000","307,515,472","341,434,000","331,415,732","352,049,000","344,540,975","366,427,000",,"367,828,000","369,212,000","369,267,000",,"370,404,000","372,556,000","372,367,000",,"372,547,000","373,654,000","373,541,000",,"373,347,000","371,979,000","368,487,000",,"367,641,000","367,752,000","275,735,000",,"244,583,000","244,583,000","244,583,000",,"244,580,000","244,521,000","244,082,000",,"243,317,000","243,312,000","243,291,000",,"243,238,000","241,095,000","238,499,000",,"235,426,316","230,235,000","222,846,512",,"194,400,000","219,158,333","209,350,000",,"215,989,286","217,764,706","215,181,333",,"216,904,167","215,260,119","261,300,000",,"213,040,000","212,343,750","210,917,647",,"179,010,638","177,888,462","179,817,391",,"186,300,000","165,802,041","166,213,043",,"165,310,345","165,153,191","167,031,429",,"166,101,923","168,141,176","166,780,435",,"176,102,425","179,910,045","183,790,458",,"199,900,050","192,947,005","188,905,547",,"189,657,493","183,181,137","181,380,000",,"181,511,244","181,565,218","181,667,166",,"175,858,017","173,913,043","174,555,579",,"171,805,989","175,626,472","170,314,843",,"175,626,472","173,071,359","176,510,935",,"145,351,053","144,857,149","72,334,967",,"138,680,660","132,347,619","132,347,619",,"144,927,536","145,956,434","142,428,786",,"153,836,125","190,813,684","165,409,296",,"192,095,952","192,095,952","192,095,952",,"166,920,540","166,920,540","165,085,458",,"165,085,458","175,928,036","131,526,236",,"215,988,006"
DilutedAverageShares,,"251,979,000","266,571,000","270,743,000","271,405,000","271,092,000","272,881,000","277,342,000","285,136,000","286,764,000","308,280,000","316,566,000","311,897,000","312,527,000","318,752,000","307,515,472","350,307,000","331,415,732","356,075,000","344,540,975","373,461,000",,"370,198,000","371,552,000","375,721,000",,"374,567,000","372,556,000","372,367,000",,"372,547,000","373,662,000","377,713,000",,"373,375,000","373,179,000","377,348,000",,"367,687,000","367,837,000","281,587,000",,"248,910,000","244,583,000","248,945,000",,"244,580,000","249,026,000","244,620,000",,"247,572,000","243,312,000","247,594,000",,"247,711,000","248,135,000","238,499,000",,"241,789,189","247,234,000","222,846,512",,"194,400,000","219,158,333","209,350,000",,"223,988,889","217,764,706","224,147,222",,"223,901,075","230,482,502","261,300,000",,"223,692,000","216,861,702","210,917,647",,"180,935,484","177,888,462","179,817,391",,"186,300,000","165,802,041","166,213,043",,"165,310,345","165,153,191","167,031,429",,"166,101,923","168,141,176","166,780,435",,"176,102,425","179,910,045","183,790,458",,"199,900,050","192,947,005","188,905,547",,"189,657,493","190,093,632","181,380,000",,"181,511,244","181,565,218","181,667,166",,"180,742,962","173,913,043","174,555,579",,"176,578,377","175,626,472","170,314,843",,"178,819,681","179,364,863","180,905,398",,"147,857,106","144,857,149","72,334,967",,"138,680,660","132,347,619","132,347,619",,"144,927,536","145,956,434","142,428,786",,"153,836,125","190,813,684","165,409,296",,"192,095,952","192,095,952","192,095,952",,"166,920,540","166,920,540","165,085,458",,"165,085,458","175,928,036","131,526,236",,"215,988,006"
RentExpenseSupplemental,,,,,,,,,,,,,,,,"25,809,000",,"25,559,000",,"24,993,000",,,,,,,,,,,,,,,,,,,,,,,,,,,,,,,,,,,,,,,,,,,,,,,,,,,,,,,,,,,,,,,,,,,,,,,,,,,,,,,,,,,,,,,,,,,,,,,,,,,,,,,,,,,,,,,,,,,,,,,,,,,,,,,,,,,
TotalExpenses,"5,620,899,000","1,180,841,000","1,520,483,000","1,570,658,000","1,559,802,000","1,668,664,000","1,892,235,000","1,633,136,000","1,418,310,000","1,295,303,000","1,466,615,000","1,278,797,000","1,282,176,000","1,349,062,000","1,173,008,000","665,071,000","1,205,152,000","671,791,000","1,239,664,000","683,125,000","2,871,915,000","2,914,382,000","2,971,922,000","2,879,137,000","2,553,698,000","2,760,050,000","2,670,304,000","2,753,744,000","2,529,324,000","2,660,889,000","2,862,451,000","3,084,467,000","2,829,865,000","2,950,605,000","3,124,422,000","3,026,555,000","3,020,122,000","3,032,124,000","2,739,548,000","2,869,292,000","2,008,786,000","2,119,938,000","2,024,253,000","2,048,680,000","2,036,975,000","206,274,000","189,690,000","206,412,000","175,527,000","255,616,000","213,197,000","300,179,000","299,938,000","278,874,000","281,391,000","382,468,000","298,439,000","319,624,000","323,557,000","336,709,000","321,860,000","319,910,000","314,074,000","280,557,000","185,905,000","171,963,000","153,442,000","203,654,000","258,764,000","-1,009,358,000","666,328,000","633,751,000","543,887,000","542,105,000","527,044,000","522,670,000","526,432,000","333,002,000","94,506,000","65,045,000","54,301,000","65,738,000","70,047,000","54,239,000","61,610,000","-68,260,000","95,915,000","93,346,000","145,424,000","142,415,000","113,459,000","106,080,000","102,518,000","117,800,000","89,900,000","99,300,000","105,400,000","120,000,000","103,100,000","117,000,000","115,900,000","171,400,000","151,300,000","285,600,000","285,300,000","343,100,000","335,300,000","347,900,000","347,500,000","360,300,000","347,700,000","339,900,000","325,500,000","332,700,000","307,900,000","295,700,000","303,100,000","290,900,000","282,500,000","309,000,000","309,200,000","342,600,000","332,700,000","331,600,000","384,000,000","334,500,000","288,100,000","156,000,000","161,300,000","144,900,000","138,600,000","132,300,000","135,100,000","117,000,000","141,600,000","166,700,000",,,,,,,,,,,,,,,
NetIncomeFromContinuingAndDiscontinuedOperation,"1,181,671,000","116,085,000","329,517,000","326,761,000","409,308,000","354,222,000","584,061,000","308,671,000","305,813,000","46,323,000","114,432,000","196,817,000","49,752,000","672,040,000","46,087,000","61,393,000","193,911,000","60,182,000","726,700,000","98,004,000","125,697,000","-270,429,000","100,523,000","59,208,000","282,424,000","138,187,000","155,374,000","58,304,000","-221,864,000","56,611,000","-172,157,000","17,421,000","381,775,000","-8,748,000","55,695,000","66,089,000","95,332,000","9,570,000","3,998,000","53,627,000","305,442,000","454,166,000","106,674,000","-197,251,000","490,877,000","119,437,000","-291,022,000","186,309,000","10,507,000","1,695,222,000","287,755,000","-235,144,000","191,479,000","-90,935,000","370,199,000","411,023,000","-140,007,000","-2,715,841,000","89,462,000","186,778,000","-95,824,000","445,733,000","3,888,000","26,299,000","8,374,000","11,209,000","60,477,000","37,020,000","80,693,000","258,203,000","104,114,000","1,271,111,000","2,613,000","48,913,000","74,564,000","33,975,000","-11,952,000","39,333,000","56,090,000","15,417,000","-13,786,000","124,283,000","-2,484,000","22,569,000","12,743,000","18,065,000","-31,960,000","25,874,000","-19,898,000","51,695,000","28,791,000","9,528,000","25,011,000","-7,200,000","37,000,000","15,800,000","156,300,000","28,900,000","-2,000,000","14,800,000","12,600,000","410,200,000","204,300,000","35,600,000","12,800,000","7,500,000","19,200,000","13,200,000","15,600,000","52,000,000","21,700,000","17,400,000","16,300,000","23,000,000","21,200,000","12,300,000","14,200,000","24,700,000","32,800,000","32,900,000","25,900,000","44,300,000","28,600,000","34,300,000","23,400,000","66,200,000","14,800,000","1,200,000","12,800,000","-1,300,000","11,600,000","33,100,000","3,800,000","41,900,000","11,800,000","7,000,000",,,,,,,,,,,,,,,
NormalizedIncome,"1,181,671,000","116,085,000","329,517,000","326,761,000","409,308,000","354,222,000","584,061,000","308,671,000","305,813,000","46,323,000","114,432,000","196,817,000","49,752,000","672,040,000","46,087,000","61,393,000","193,911,000","60,182,000","5,673,000","98,004,000","125,697,000","-270,429,000","100,523,000","59,208,000","282,424,000","138,187,000","155,374,000","58,304,000","-221,864,000","52,818,000","-173,886,000","17,421,000","381,775,000","-3,162,000","53,686,000","62,487,000","92,986,000","12,651,000","-162,000","53,334,000","305,923,000","-198,419,918.286","91,610,200","-198,156,000","491,109,000","113,367,000","-291,687,000","121,692,137.768","-89,456,700","1,830,756,000","260,272,000","-244,652,000","191,479,000","-93,605,000","346,394,000","411,023,000","-140,007,000","-2,759,727,000","99,658,483.934","145,918,350","-130,727,970.268","479,552,700","-44,304,877.346","-41,491,050","-36,222,000","-34,179,000","-35,180,800","-40,257,270.397","-32,318,424.239","-120,294,000","-3,641,600","1,160,827,800","-38,456,385.542","17,296,400","-72,263,601.329","-24,404,200","-39,373,200","28,445,000","56,090,000","13,609,000","-13,786,000","124,283,000","-2,484,000","19,429,000","12,743,000","90,784,000","-31,960,000","25,874,000","-19,898,000","51,695,000","28,791,000","9,528,000","25,011,000","8,400,000","21,400,000","15,300,000","148,200,000","20,800,000","-2,000,000","14,800,000","12,600,000","-23,800,000","-11,400,000","27,200,000","5,800,000","7,500,000","19,200,000","13,200,000","15,600,000","52,000,000","21,700,000","17,400,000","16,300,000","23,000,000","21,200,000","12,300,000","14,200,000","24,700,000","32,800,000","32,900,000","25,900,000","44,300,000","28,600,000","34,300,000","23,400,000","67,300,000","15,000,000","1,400,000","10,700,000","-1,000,000","12,000,000","50,400,000","3,800,000","5,400,000","10,200,000","5,700,000",,,,,,,,,,,,,,,
InterestExpense,,,,,,,"20,367,000",,,,"21,554,000",,,,,,,,,,,,,,,,,,,,,,,,,,,,,,,,"21,106,000","21,373,000","28,868,000","27,525,000","27,538,000","27,837,000","28,977,000","30,475,000","31,353,000","31,497,000","31,491,000","31,560,000","31,472,000","32,384,000","33,387,000",,,,,,,,,,,,,,,,,,,,,,,,,,,,,,,,,,,,,,,,,,,,,,,,,,,,,,,,,,,,,,,,,,,,,,,,,,,,,,,,,,,,,,,,,,,,,,
NetInterestIncome,,,,,,,"-20,367,000",,,,"-21,554,000",,,,,,,,,,,,,,,,,,,,,,,,,,,,,,,"90,434,000","-21,106,000","-21,373,000","-28,868,000","-27,525,000","-27,538,000","-27,837,000","-28,977,000","-30,475,000","-31,353,000","-31,497,000","-31,491,000","-31,560,000","-31,472,000","-32,384,000","-33,387,000",,,,,,,,,,,,,,,,,,,,,,,,,,,,,,,,,,,,,,,,,,,,,,,,,,,,,,,,,,,,,,,,,,,,,,,,,,,,,,,,,,,,,,,,,,,,,,
EBIT,"1,650,064,000","188,241,000","422,317,000","458,714,000","580,792,000","497,665,000","811,353,000","427,500,000","407,189,000","82,228,000","225,649,000","151,320,000","-59,020,000","161,309,000","22,004,000","96,887,000","253,825,000","105,824,000","4,162,000","139,432,000","74,554,000","281,496,000","169,970,000","110,578,000","526,671,000","182,869,000","213,406,000","87,572,000","-322,015,000","25,371,000","-296,428,000","-29,344,000","546,656,000","-66,181,000","89,242,000","71,278,000","119,745,000","-12,932,000","2,517,000","45,448,000","135,250,000","-951,154,000","163,242,000","92,965,000","387,313,000","90,961,000","46,368,000","547,029,000","108,507,000","330,028,000","-27,332,000","112,298,000","74,504,000","24,661,000","-590,000","-98,145,000","-23,792,000","-52,575,000","-56,116,000","-62,016,000","-50,390,000","-66,969,000","-58,278,000","-40,870,000","-56,540,000","-64,290,000","-48,067,000","-45,095,000","-45,188,000","-83,800,000","-8,156,000","-26,081,000","-33,979,000","-55,052,000","-43,288,000","-45,250,000","-60,359,000","11,295,000","57,310,000","24,955,000","-7,092,000","-26,871,000","4,134,000","41,133,000","31,746,000","99,234,000","-34,421,000","57,690,000","-13,630,000","105,627,000","60,096,000","30,855,000","54,437,000","19,500,000","41,400,000","40,200,000","193,200,000","33,000,000","-24,000,000","32,700,000","32,800,000","-24,800,000","-7,000,000","57,900,000","25,300,000","22,600,000","42,500,000","30,700,000","37,000,000","69,600,000","43,300,000","36,900,000","35,200,000","42,500,000","39,400,000","29,900,000","33,000,000","48,900,000","53,600,000","63,100,000","50,900,000","35,900,000","50,800,000","52,100,000","43,300,000","76,900,000","33,300,000","13,300,000","23,200,000","14,900,000","29,100,000","65,800,000","16,600,000","24,300,000","25,000,000","25,200,000","172,200,000","-582,300,000","228,300,000","210,900,000","222,800,000","-264,900,000","88,800,000","96,800,000","97,600,000","-265,800,000","108,400,000","117,200,000","81,700,000","-91,800,000","52,700,000"
EBITDA,"1,815,521,000"
ReconciledCostOfRevenue,"4,176,954,000","812,253,000","1,187,822,000","1,157,758,000","1,240,223,000","1,285,797,000","1,577,965,000","1,314,273,000","1,141,948,000","1,006,402,000","1,129,391,000","945,725,000","976,766,000","1,090,687,000","930,456,000","461,764,000","942,891,000","473,778,000","1,008,428,000","490,338,000","2,595,621,000","2,631,220,000","2,719,210,000","2,652,657,000","2,334,393,000","2,494,501,000","2,389,018,000","2,524,320,000","2,306,902,000","2,396,181,000","2,599,319,000","2,885,365,000","2,622,554,000","2,662,020,000","2,823,134,000","2,809,357,000","2,798,627,000","2,780,875,000","2,471,867,000","2,613,823,000","1,891,262,000","2,161,619,000","1,897,073,000","1,926,224,000","1,864,090,000","93,296,000","84,491,000","112,170,000","91,687,000","89,205,000","94,716,000","205,035,000","189,818,000","162,200,000","178,816,000","182,514,000","188,051,000","199,165,000","223,543,000","226,252,000","228,314,000","228,796,000","213,029,000","196,347,000","108,135,000","95,921,000","90,796,000","126,448,000","174,719,000","-754,468,000","478,800,000","449,530,000","372,485,000","349,478,000","340,767,000","348,027,000","346,267,000",,,,,,,,,,,,,,,,,,,,,,,,,,,,,,,,,,,,,,,,,,,,,,,,,,,,,,,,,,,,,,,,,,,,,,,,,,
ReconciledDepreciation,"165,457,000","40,307,000","47,404,000","25,212,000","42,317,000","41,307,000","42,333,000","24,575,000","38,650,000","39,783,000","39,386,000","42,339,000","36,668,000","29,313,000","21,446,000",,"17,083,000",,"-5,326,000",,"42,094,000","41,560,000","44,668,000","39,788,000","38,023,000","46,331,000","42,126,000","43,165,000","35,167,000","43,059,000","46,113,000","42,573,000","40,328,000","43,599,000","37,294,000","29,780,000","29,071,000","34,006,000","34,747,000","33,959,000","36,252,000","35,407,000","40,212,000","44,353,000","50,141,000","24,446,000","37,641,000","10,078,000","23,068,000","24,544,000","27,674,000","26,057,000","26,455,000","22,795,000","21,130,000","22,210,000","20,242,000","19,902,000","19,002,000","17,873,000","15,506,000","14,264,000","12,529,000","9,251,000","6,399,000","5,765,000","6,968,000","6,595,000","4,672,000","44,990,000","45,698,000","50,585,000","48,223,000","49,012,000","57,824,000","60,574,000","65,117,000",,,,,,,,,,,,,,,,,,,,,,,,,,,,,,,,,,,,,,,,,,,,,,,,,,,,,,,,,,,,,,,,,,,,,,,,,,
NetIncomeFromContinuingOperationNetMinorityInterest,"1,181,671,000","116,085,000","329,517,000","326,761,000","409,308,000","354,222,000","584,061,000","308,671,000","305,813,000","46,323,000","114,432,000","196,817,000","49,752,000","672,040,000","46,087,000","61,393,000","193,911,000","60,182,000","5,673,000","98,004,000","125,697,000","-270,429,000","100,523,000","59,208,000","282,424,000","138,187,000","155,374,000","58,304,000","-221,864,000","52,818,000","-173,886,000","17,421,000","381,775,000","-3,162,000","53,686,000","62,487,000","92,986,000","12,651,000","-162,000","53,334,000","305,923,000","453,836,000","109,285,000","-198,156,000","491,109,000","113,367,000","-291,687,000","183,139,000","12,150,000","1,830,756,000","260,272,000","-244,652,000","191,479,000","-93,605,000","346,394,000","411,023,000","-140,007,000","-2,759,727,000","89,462,000","186,778,000","-95,824,000","444,545,000","2,087,000","26,315,000","7,861,000","7,065,000","3,740,000","35,607,000","81,156,000","-98,622,000","103,588,000","1,216,533,000","2,613,000","52,997,000","74,713,000","31,919,000","-11,952,000","28,445,000","56,090,000","13,609,000","-13,786,000","124,283,000","-2,484,000","19,429,000","12,743,000","90,784,000","-31,960,000","25,874,000","-19,898,000","51,695,000","28,791,000","9,528,000","25,011,000","8,400,000","21,400,000","15,300,000","148,200,000","20,800,000","-2,000,000","14,800,000","12,600,000","-23,800,000","-11,400,000","27,200,000","5,800,000","7,500,000","19,200,000","13,200,000","15,600,000","52,000,000","21,700,000","17,400,000","16,300,000","23,000,000","21,200,000","12,300,000","14,200,000","24,700,000","32,800,000","32,900,000","25,900,000","44,300,000","28,600,000","34,300,000","23,400,000","67,300,000","15,000,000","1,400,000","10,700,000","-1,000,000","12,000,000","50,400,000","3,800,000","5,400,000","10,200,000","5,700,000",,,,,,,,,,,,,,,
TotalUnusualItemsExcludingGoodwill,,,,,,,,,,,,,,,,,,,,,,,,,,,,,,,,,,,,,,,,,,"1,037,239,000","27,192,000",,,,,"96,944,000","156,318,000",,,,,,,,,,"-15,825,000","62,861,000","53,379,000","-53,858,000","75,353,000","104,317,000","67,820,000","68,740,000","64,868,000","107,721,000","172,920,000","36,120,000","178,716,000","92,842,000","50,877,000","59,501,000","150,673,000","93,872,000","45,702,000",,,,,,,,,,,,,,,,,,,,,,,,,,,,,,,,,,,,,,,,,,,,,,,,,,,,,,,,,,,,,,,,,,,,,,,,,,
TotalUnusualItems,,,,,,,,,,,,,,,,,,,,,,,,,,,,,,,,,,,,,,,,,,"1,037,239,000","27,192,000",,,,,"96,944,000","156,318,000",,,,,,,,,,"-15,825,000","62,861,000","53,379,000","-53,858,000","75,353,000","104,317,000","67,820,000","68,740,000","64,868,000","107,721,000","172,920,000","36,120,000","178,716,000","92,842,000","50,877,000","59,501,000","150,673,000","93,872,000","45,702,000",,,,,,,,,,,,,,,,,,,,,,,,,,,,,,,,,,,,,,,,,,,,,,,,,,,,,,,,,,,,,,,,,,,,,,,,,,
NormalizedEBITDA,"1,815,521,000","228,548,000","469,721,000","499,250,000","623,109,000","538,972,000","853,686,000","466,583,000","446,709,000","122,594,000","265,119,000","193,659,000","-19,140,000","198,095,000","55,938,000","96,887,000","286,120,000","105,824,000","36,067,000","139,432,000","128,233,000","334,755,000","225,394,000","161,295,000","576,181,000","241,392,000","266,097,000","138,341,000","-272,405,000","83,358,000","-237,962,000","25,896,000","599,096,000","-12,782,000","135,706,000","115,921,000","161,232,000","27,216,000","51,797,000","93,649,000","171,502,000","-1,952,986,000","176,262,000","137,318,000","437,454,000","115,407,000","84,009,000","468,664,000","-24,743,000","354,572,000","342,000","138,355,000","100,959,000","47,456,000","20,540,000","-75,935,000","-3,550,000","-32,673,000","-21,289,000","-107,004,000","-88,263,000","1,153,000","-121,102,000","-135,936,000","-117,961,000","-127,112,000","-105,967,000","-143,460,000","-209,693,000","-74,930,000","-141,174,000","-68,338,000","-36,633,000","-65,541,000","-136,137,000","-78,548,000","-40,944,000","11,295,000","57,310,000","24,955,000","-7,092,000","-26,871,000","4,134,000","41,133,000","31,746,000","99,234,000","-34,421,000","57,690,000","-13,630,000","105,627,000","60,096,000","30,855,000","54,437,000","19,500,000","41,400,000","40,200,000","193,200,000","33,000,000","-24,000,000","32,700,000","32,800,000","-24,800,000","-7,000,000","57,900,000","25,300,000","22,600,000","42,500,000","30,700,000","37,000,000","69,600,000","43,300,000","36,900,000","35,200,000","42,500,000","39,400,000","29,900,000","33,000,000","48,900,000","53,600,000","63,100,000","50,900,000","35,900,000","50,800,000","52,100,000","43,300,000","76,900,000","33,300,000","13,300,000","23,200,000","14,900,000","29,100,000","65,800,000","16,600,000","24,300,000","25,000,000","25,200,000","172,200,000","-582,300,000","228,300,000","210,900,000","222,800,000","-264,900,000","88,800,000","96,800,000","97,600,000","-265,800,000","108,400,000","117,200,000","81,700,000","-91,800,000","52,700,000"
TaxRateForCalcs,"0.229","0.298","0.164","0.216","0.263","0.255","0.273","0.269","0.261","0.27","0.29","0.166","0.27","0.27","0.047","0.209","0.331","0.309","0.256","0.196","0.305","0.4","0.32","0.4","0.262","0.275","0.295","0.4","0.276","0.051","0.332","0.4","0.36","0.35","0.35","0.35","0.359","0.35","0.35","0.275","0.35","0.371","0.35","0.35","0.372","0.35","0.35","0.366","0.35","0.35","0.35","0.058","0.063","0.35","0.35","0.35","0.35","0.35","0.356","0.35","0.346","0.35","0.384","0.35","0.35","0.4","0.4","0.296","0.344","0.4","0.4","0.4","0.193","0.4","0.025","0.4","0.4","0.4","0.4","0.155","0.097","0.4","0.4","0.37","0.379","0.4","0.364","0.379","0.328","0.4","0.336","0.335","0.373","0.4","0.267","0.376","0.167","0.4","0.4","0.271","0.388","0.364","0.4","0.382","0.4","0.157","0.34","0.241","0.325","0.063","0.252","0.284","0.303","0.248","0.256","0.356","0.355","0.392","0.217","0.382","0.371","0","0.139","0.097","0.167","0.4","0.239","0.391","0.078","0.4","0.221","0.089","0.333","0.4","0.038","0.4",,,,,,,,,,,,,,,
TaxEffectOfUnusualItems,"0","0","0","0","0","0","0","0","0","0","0","0","0","0","0","0","0","0","0","0","0","0","0","0","0","0","0","0","0","0","0","0","0","0","0","0","0","0","0","0","0","384,983,081.714","9,517,200","0","0","0","0","35,497,137.768","54,711,300","0","0","0","0","0","0","0","0","0","-5,628,516.066","22,001,350","18,475,029.732","-18,850,300","28,961,122.654","36,510,950","23,737,000","27,496,000","25,947,200","31,856,729.603","59,445,575.761","14,448,000","71,486,400","37,136,800","9,807,614.458","23,800,400","3,696,398.671","37,548,800","18,280,800","0","0","0","0","0","0","0","0","0","0","0","0","0","0","0","0","0","0","0","0","0","0","0","0","0","0","0","0","0","0","0","0","0","0","0","0","0","0","0","0","0","0","0","0","0","0","0","0","0","0","0","0","0","0","0","0","0","0","0",,,,,,,,,,,,,,,