name,ttm,03/31/2022,12/31/2021,09/30/2021,06/30/2021,03/31/2021,12/31/2020,09/30/2020,06/30/2020,03/31/2020,12/31/2019,09/30/2019,06/30/2019,03/31/2019,12/31/2018,09/30/2018,06/30/2018,03/31/2018,12/31/2017,09/30/2017,06/30/2017,03/31/2017,12/31/2016,09/30/2016,06/30/2016,03/31/2016,12/31/2015,09/30/2015,06/30/2015,03/31/2015,12/31/2014,09/30/2014,06/30/2014,03/31/2014,12/31/2013,09/30/2013,06/30/2013,03/31/2013,12/31/2012,09/30/2012,06/30/2012,03/31/2012,12/31/2011,09/30/2011,06/30/2011,03/31/2011,12/31/2010,09/30/2010,06/30/2010,03/31/2010,12/31/2009,09/30/2009,06/30/2009,03/31/2009,12/31/2008,09/30/2008,06/30/2008,03/31/2008,12/31/2007,09/30/2007,06/30/2007,03/31/2007,12/31/2006,09/30/2006,06/30/2006,03/31/2006,12/31/2005,09/30/2005,06/30/2005,03/31/2005,12/31/2004,09/30/2004,06/30/2004,03/31/2004,12/31/2003,09/30/2003,06/30/2003,03/31/2003,12/31/2002,09/30/2002,06/30/2002,03/31/2002,12/31/2001,09/30/2001,06/30/2001,03/31/2001,12/31/2000,09/30/2000,06/30/2000,03/31/2000,12/31/1999,09/30/1999,06/30/1999,03/31/1999,12/31/1998,09/30/1998,06/30/1998,03/31/1998,12/31/1997,09/30/1997,06/30/1997,03/31/1997,12/31/1996,09/30/1996,06/30/1996
TotalRevenue,"20,131,300,000","4,801,400,000","5,945,700,000","4,889,200,000","4,495,000,000","4,037,100,000","4,845,400,000","3,978,100,000","3,670,400,000","4,096,000,000","5,400,500,000","4,495,600,000","4,266,500,000","3,820,600,000","4,889,700,000","3,969,800,000","3,903,700,000","3,555,200,000","2,535,500,000","1,947,000,000","1,834,700,000","1,615,200,000","2,158,200,000","1,705,200,000","1,603,600,000","1,336,800,000","1,887,417,000","1,501,267,000","1,373,475,000","1,203,511,000","1,748,981,000","1,365,975,000","1,277,204,000","1,037,442,000","1,509,418,000","1,106,802,000","989,383,000","855,988,000","1,248,704,000","949,491,000","921,341,000","813,294,000","1,148,176,000","903,210,000","845,295,000","687,864,000","956,252,000","708,379,000","680,319,000","580,662,000","815,085,000","595,302,000","576,138,000","494,211,000","797,067,000","677,084,000","659,515,000","563,920,000","861,784,000","624,151,000","676,086,000","490,054,000","704,374,000","462,317,000","509,789,000","337,098,000","498,962,000","326,384,000","325,088,000","240,176,000","412,382,000","269,917,000","263,994,000","220,663,000","322,068,000","218,152,000","213,842,000","185,017,000","279,782,000","206,139,000","190,275,000","161,960,000","267,505,000","213,778,000","197,240,000","194,593,000","287,663,000","223,491,000","216,936,000","181,040,000","278,906,000","191,801,000","177,274,000","101,240,000","112,784,000","64,366,000","73,030,000","50,373,000","63,701,000","60,143,000","63,066,000","30,312,000","56,122,000","38,991,000","33,947,000"
	OperatingRevenue,"11,809,900,000","4,801,400,000","3,603,600,000","2,804,900,000","2,507,500,000","2,129,600,000","2,747,200,000","2,091,400,000","1,828,500,000","2,233,000,000","3,175,000,000","2,545,800,000","2,348,200,000","1,961,600,000","2,821,400,000","2,213,700,000","2,163,300,000","1,891,100,000","2,535,500,000","1,947,000,000","1,834,700,000","1,615,200,000","2,158,200,000","1,705,200,000","1,603,600,000","1,336,800,000","1,887,417,000","1,501,267,000","1,373,475,000","1,203,511,000","1,748,981,000","1,365,975,000","1,277,204,000","1,037,442,000","1,509,418,000","1,106,802,000","989,383,000","855,988,000","1,248,704,000","949,491,000","921,341,000","813,294,000","1,148,176,000","903,210,000","845,295,000","687,864,000","956,252,000","708,379,000","680,319,000","580,662,000","815,085,000","595,302,000","576,138,000","494,211,000","797,067,000","677,084,000","659,515,000","563,920,000","861,784,000","624,151,000","676,086,000","490,054,000","704,374,000","462,317,000","509,789,000","337,098,000","492,251,000","320,607,000","318,765,000","235,182,000","404,911,000","263,949,000","259,556,000","217,040,000","316,559,000","213,169,000","210,105,000","182,046,000","277,795,000","203,477,000","189,549,000","160,275,000","263,394,000","212,516,000","196,202,000","193,748,000","285,836,000","221,462,000","216,238,000","180,423,000","268,593,000","190,979,000","172,018,000","100,704,000","112,229,000","63,611,000","72,554,000","49,902,000","63,014,000","59,704,000","62,744,000","30,136,000","55,808,000","38,965,000","33,648,000"
CostOfRevenue,,,"2,342,100,000","2,084,300,000","1,987,500,000","1,907,500,000","2,098,200,000","1,886,700,000","1,841,900,000","1,863,000,000","2,225,500,000","1,949,800,000","1,918,300,000","1,859,000,000","2,068,300,000","1,756,100,000","1,740,400,000","1,664,100,000",,,,,,,,,,,,,,,,,,,,,,"0","0","0","0","0","0","0","0","0","0","0","0","0","0","0","0","0","0","0","0","0","0","0","0","0","0","0","0","0","0","0","0","0","0","0","0","0","0","0","0","0","0","0","0","0","0","0","0","0","0","0","0","0","0","0","0","0","0","0","0","0","0","0","0","0","0"
GrossProfit,,,"3,603,600,000","2,804,900,000","2,507,500,000","2,129,600,000","2,747,200,000","2,091,400,000","1,828,500,000","2,233,000,000","3,175,000,000","2,545,800,000","2,348,200,000","1,961,600,000","2,821,400,000","2,213,700,000","2,163,300,000","1,891,100,000",,,,,,,,,,,,,,,,,,,,,,"949,491,000","921,341,000","813,294,000","1,148,176,000","903,210,000","845,295,000","687,864,000","956,252,000","708,379,000","680,319,000","580,662,000","815,085,000","595,302,000","576,138,000","494,211,000","797,067,000","677,084,000","659,515,000","563,920,000","861,784,000","624,151,000","676,086,000","490,054,000","704,374,000","462,317,000","509,789,000","337,098,000","498,962,000","326,384,000","325,088,000","240,176,000","412,382,000","269,917,000","263,994,000","220,663,000","322,068,000","218,152,000","213,842,000","185,017,000","279,782,000","206,139,000","190,275,000","161,960,000","267,505,000","213,778,000","197,240,000","194,593,000","287,663,000","223,491,000","216,936,000","181,040,000","278,906,000","191,801,000","177,274,000","101,240,000","112,784,000","64,366,000","73,030,000","50,373,000","63,701,000","60,143,000","63,066,000","30,312,000","56,122,000","38,991,000","33,947,000"
OperatingExpense,"10,584,400,000","4,606,200,000","3,124,200,000","2,496,400,000","2,265,100,000","2,031,700,000","2,351,800,000","1,903,000,000","1,789,500,000","2,154,300,000","2,736,600,000","2,304,200,000","2,172,400,000","1,917,600,000","2,463,500,000","2,019,100,000","2,024,600,000","1,836,600,000","2,225,900,000","1,825,500,000","1,725,000,000","1,588,400,000","1,899,300,000","1,616,200,000","1,479,400,000","1,299,800,000","1,620,198,000","1,362,842,000","1,268,680,000","1,150,037,000","1,486,040,000","1,238,554,000","1,180,090,000","1,016,750,000","1,309,992,000","1,014,785,000","916,959,000","832,720,000","1,084,761,000","876,819,000","863,259,000","789,771,000","994,974,000","832,825,000","773,616,000","675,798,000","831,896,000","646,144,000","618,982,000","561,547,000","722,321,000","546,493,000","543,396,000","504,698,000","705,073,000","633,147,000","621,318,000","555,997,000","721,414,000","559,641,000","575,091,000","453,607,000","590,613,000","425,030,000","425,472,000","328,384,000","412,531,000","299,059,000","295,184,000","250,458,000","352,666,000","248,677,000","248,670,000","227,423,000","280,000,000","202,083,000","210,767,000","191,994,000","252,733,000","188,846,000","178,375,000","165,914,000","183,452,000","215,207,000","194,788,000","198,038,000","238,357,000","196,037,000","206,815,000","192,416,000","198,189,000","181,422,000","182,019,000","113,711,000","81,592,000","56,603,000","61,992,000","56,414,000","41,859,000","54,301,000","54,208,000","34,978,000","29,499,000","36,252,000","34,311,000"
	SellingGeneralAndAdministration,"10,365,500,000","4,551,800,000","3,067,000,000","2,443,600,000","2,210,600,000","1,978,700,000","2,292,200,000","1,848,100,000","1,732,600,000","2,099,300,000","2,679,800,000","2,250,600,000","2,126,900,000","1,871,100,000","2,408,500,000","1,976,400,000","1,978,300,000","1,794,500,000","2,181,000,000","1,783,700,000","1,683,800,000","1,549,100,000","1,856,000,000","1,580,300,000","1,448,000,000","1,268,600,000","1,589,116,000","1,336,199,000","1,243,185,000","1,125,114,000","1,458,917,000","1,216,531,000","1,157,310,000","994,339,000","1,289,135,000","995,043,000","896,785,000","813,641,000","1,064,661,000","857,730,000","826,693,000","770,112,000","972,642,000","809,990,000","754,266,000","657,483,000","813,312,000","628,401,000","601,450,000","543,834,000","703,594,000","527,773,000","522,029,000","480,178,000","678,397,000","603,953,000","603,050,000","539,739,000","704,662,000","545,748,000","562,782,000","115,736,000","123,632,000","99,796,000","96,894,000","87,663,000","93,750,000","79,702,000","77,460,000","70,022,000","82,992,000","65,227,000","65,271,000","64,267,000","68,384,000","57,201,000","62,524,000","54,727,000","77,965,000","45,451,000","169,025,000","156,443,000","175,662,000","200,306,000","182,697,000","186,707,000","227,020,000","185,739,000","196,018,000","181,722,000","188,239,000","171,757,000","171,913,000","106,756,000","76,314,000","54,004,000","59,030,000","53,798,000","39,261,000","51,760,000","52,028,000","33,204,000","27,497,000","35,083,000","33,177,000"
		GeneralAndAdministrativeExpense,"10,365,500,000","4,551,800,000","3,067,000,000","2,443,600,000","2,210,600,000","1,978,700,000","2,292,200,000","1,848,100,000","1,732,600,000","2,099,300,000","2,679,800,000","2,250,600,000","2,126,900,000","1,871,100,000","2,408,500,000","1,976,400,000","1,978,300,000","1,794,500,000","2,181,000,000","1,783,700,000","1,683,800,000","1,549,100,000","1,856,000,000","1,580,300,000","1,448,000,000","1,268,600,000","1,589,116,000","1,336,199,000","1,243,185,000","1,125,114,000","1,458,917,000","1,216,531,000","1,157,310,000","994,339,000","1,289,135,000","995,043,000","896,785,000","813,641,000","1,064,661,000","857,730,000","826,693,000","770,112,000","972,642,000","809,990,000","754,266,000","657,483,000","813,312,000","628,401,000","601,450,000","543,834,000","703,594,000","527,773,000","522,029,000","480,178,000","678,397,000","603,953,000","603,050,000","539,739,000","704,662,000","545,748,000","562,782,000",,,,,,,,,,,,,,,,,,,,"169,025,000","156,443,000","175,662,000","200,306,000","182,697,000","186,707,000","227,020,000","185,739,000","196,018,000","181,722,000","188,239,000","171,757,000","171,913,000","106,756,000","76,314,000","54,004,000","59,030,000","53,798,000","39,261,000","51,760,000","52,028,000","33,204,000","27,497,000","35,083,000","33,177,000"
			SalariesAndWages,"7,241,700,000","2,410,800,000","2,192,500,000","1,741,700,000","1,551,300,000","1,334,400,000","1,570,300,000","1,198,700,000","1,175,300,000","1,324,500,000","1,805,500,000","1,488,600,000","1,354,800,000","1,163,800,000","1,582,100,000","1,287,000,000","1,240,500,000","1,097,200,000","1,425,600,000","1,132,300,000","1,049,000,000","965,300,000","1,232,700,000","1,012,000,000","928,000,000","810,400,000","1,105,480,000","896,080,000","825,058,000","737,917,000","1,031,869,000","828,241,000","761,224,000","637,340,000","919,708,000","699,031,000","634,600,000","563,720,000","794,161,000","622,360,000","592,928,000","537,516,000","722,469,000","602,473,000","544,222,000","461,357,000","610,327,000","463,065,000","438,408,000","387,381,000","519,835,000","380,029,000","381,376,000","342,555,000","512,440,000","449,186,000","431,175,000","378,873,000","549,332,000","412,920,000","436,265,000",,,,,,,,,,,,,,,,,,,,"119,859,000","110,943,000","152,298,000","130,923,000","129,219,000","134,477,000","174,200,000","134,349,000","142,536,000","130,237,000","142,409,000","135,170,000","124,640,000","75,439,000","56,207,000","37,739,000","41,683,000","37,353,000","18,919,000","37,649,000","38,341,000","23,581,000","15,491,000","24,995,000","24,346,000"
			OtherGandA,"3,123,800,000","2,141,000,000","874,500,000","701,900,000","659,300,000","644,300,000","721,900,000","649,400,000","557,300,000","774,800,000","874,300,000","762,000,000","772,100,000","707,300,000","826,400,000","689,400,000","737,800,000","697,300,000","755,400,000","651,400,000","634,800,000","583,800,000","623,300,000","568,300,000","520,000,000","458,200,000","483,636,000","440,119,000","418,127,000","387,197,000","427,048,000","388,290,000","396,086,000","356,999,000","369,427,000","296,012,000","262,185,000","249,921,000","270,500,000","235,370,000","233,765,000","232,596,000","250,173,000","207,517,000","210,044,000","196,126,000","202,985,000","165,336,000","163,042,000","156,453,000","183,759,000","147,744,000","140,653,000","137,623,000","165,957,000","154,767,000","171,875,000","160,866,000","155,330,000","132,828,000","126,517,000",,,,,,,,,,,,,,,,,,,,"49,166,000","45,500,000","23,364,000","69,383,000","53,478,000","52,230,000","52,820,000","51,390,000","53,482,000","51,485,000","45,830,000","36,587,000","47,273,000","31,317,000","20,107,000","16,265,000","17,347,000","16,445,000","20,342,000","14,111,000","13,687,000","9,623,000","12,006,000","10,088,000","8,831,000"
	DepreciationAmortizationDepletionIncomeStatement,"218,900,000","54,400,000","57,200,000","52,800,000","54,500,000","53,000,000","59,600,000","54,900,000","56,900,000","55,000,000","56,800,000","53,600,000","45,500,000","46,500,000","55,000,000","42,700,000","46,300,000","42,100,000","44,900,000","41,800,000","41,200,000","39,300,000","43,300,000","35,900,000","31,400,000","31,200,000","31,082,000","26,643,000","25,495,000","24,923,000","27,123,000","22,023,000","22,780,000","22,411,000","20,857,000","19,742,000","20,174,000","19,079,000","20,100,000","19,089,000","19,962,000","19,659,000","22,332,000","22,835,000","19,350,000","18,315,000","18,584,000","17,743,000","17,532,000","17,713,000","18,727,000","18,720,000","21,367,000","24,520,000","26,676,000","29,194,000","18,268,000","16,446,000","16,752,000","13,893,000","12,309,000","12,625,000","17,087,000","11,523,000","10,378,000","9,976,000","8,869,000","8,322,000","8,335,000","8,310,000","8,703,000","8,435,000","7,941,000","8,302,000","8,886,000","9,082,000","9,286,000","9,690,000","8,886,000","9,418,000","9,350,000","9,471,000","11,954,000","12,044,000","12,091,000","11,331,000","11,337,000","10,298,000","10,797,000","10,694,000","9,950,000","9,665,000","10,106,000","6,955,000","5,278,000","2,599,000","2,962,000","2,616,000","2,598,000","2,541,000","2,180,000","1,774,000","2,002,000","1,169,000","1,134,000"
		DepreciationAndAmortizationInIncomeStatement,"218,900,000","54,400,000","57,200,000","52,800,000","54,500,000","53,000,000","59,600,000","54,900,000","56,900,000","55,000,000","56,800,000","53,600,000","45,500,000","46,500,000","55,000,000","42,700,000","46,300,000","42,100,000","44,900,000","41,800,000","41,200,000","39,300,000","43,300,000","35,900,000","31,400,000","31,200,000","31,082,000","26,643,000","25,495,000","24,923,000","27,123,000","22,023,000","22,780,000","22,411,000","20,857,000","19,742,000","20,174,000","19,079,000","20,100,000","19,089,000","19,962,000","19,659,000","22,332,000","22,835,000","19,350,000","18,315,000","18,584,000","17,743,000","17,532,000","17,713,000","18,727,000","18,720,000","21,367,000","24,520,000","26,676,000","29,194,000","18,268,000","16,446,000","16,752,000","13,893,000","12,309,000","12,625,000","17,087,000","11,523,000","10,378,000","9,976,000","8,869,000","8,322,000","8,335,000","8,310,000","8,703,000","8,435,000","7,941,000","8,302,000","8,886,000","9,082,000","9,286,000","9,690,000","8,886,000","9,418,000","9,350,000","9,471,000","11,954,000","12,044,000","12,091,000","11,331,000","11,337,000","10,298,000","10,797,000","10,694,000","9,950,000","9,665,000","10,106,000","6,955,000","5,278,000","2,599,000","2,962,000","2,616,000","2,598,000","2,541,000","2,180,000","1,774,000","2,002,000","1,169,000","1,134,000"
	OtherOperatingExpenses,,,,,,,,,,,,,,,,,,,,,,,,,,,,,,,,,,,,,,,,,"16,604,000",,,,,,,,,,,,,,,"449,186,000",,"-188,000","0",,,"325,246,000","449,894,000","313,711,000","318,200,000","230,745,000","309,912,000","211,035,000","209,389,000","172,126,000","260,971,000","175,015,000","175,458,000","154,854,000","202,730,000","135,800,000","138,957,000","127,577,000","165,882,000","133,977,000",,,,"2,857,000",,,,,,,,,,,,,,,,,,,,,
OperatingIncome,"1,225,500,000","195,200,000","479,400,000","308,500,000","242,400,000","97,900,000","395,400,000","188,400,000","39,000,000","78,700,000","438,400,000","241,600,000","175,800,000","44,000,000","357,900,000","194,600,000","138,700,000","54,500,000","309,600,000","121,500,000","109,700,000","26,800,000","258,900,000","89,000,000","124,200,000","37,000,000","267,219,000","138,425,000","104,795,000","53,474,000","262,941,000","127,421,000","97,114,000","20,692,000","199,426,000","92,017,000","72,424,000","23,268,000","163,943,000","72,672,000","58,082,000","23,523,000","153,202,000","70,385,000","71,679,000","12,066,000","124,356,000","62,235,000","61,337,000","19,115,000","92,764,000","48,809,000","32,742,000","-10,487,000","91,994,000","43,937,000","38,197,000","7,923,000","140,370,000","64,510,000","100,995,000","36,447,000","113,761,000","37,287,000","84,317,000","8,714,000","86,431,000","27,325,000","29,904,000","-10,282,000","59,716,000","21,240,000","15,324,000","-6,760,000","42,068,000","16,069,000","3,075,000","-6,977,000","27,049,000","17,293,000","11,900,000","-3,954,000","84,053,000","-1,429,000","2,452,000","-3,445,000","49,306,000","27,454,000","10,121,000","-11,376,000","80,717,000","10,379,000","-4,745,000","-12,471,000","31,192,000","7,763,000","11,038,000","-6,041,000","21,842,000","5,842,000","8,858,000","-4,666,000","26,623,000","2,739,000","-364,000"
NetNonOperatingInterestIncomeExpense,"-39,900,000","-10,200,000","-9,500,000","-9,600,000","-10,600,000","-10,400,000","-11,000,000","-12,300,000","-14,900,000","-14,600,000","-15,200,000","-18,000,000","-13,600,000","-9,600,000","-10,700,000","-12,300,000","-14,300,000","-13,800,000","-13,600,000","-15,000,000","-14,600,000","-13,000,000","-13,100,000","-12,400,000","-10,900,000","-8,900,000","-7,758,000","-6,774,000","-7,558,000","-6,038,000","-6,660,000","-7,361,000","-7,664,000","-6,637,000","-8,115,000","-9,631,000","-9,049,000","-7,923,000","-10,336,000","-9,952,000","-7,459,000","-7,426,000","-8,373,000","-9,667,000","-9,589,000","-7,963,000","-10,064,000","-11,490,000","-12,918,000","-11,330,000","-11,428,000","-16,304,000","-14,528,000","-12,758,000","-13,336,000","-12,496,000","-3,560,000","-1,176,000","-3,018,000","-4,378,000","-3,830,000","-1,838,000","-2,455,000","-4,112,000","-4,478,000","-3,209,000","-980,000","-1,333,000","-1,356,000","-330,000","-820,000","-1,016,000","-3,642,000","-3,814,000","-4,135,000","-4,708,000","-4,935,000","-4,083,000","-4,057,000","-4,688,000","-4,669,000","-3,918,000","-4,372,000","-4,957,000","-5,981,000","-4,846,000","-5,617,000","-8,226,000","-6,664,000","-6,675,000","-5,899,000","-4,967,000","-4,703,000","-2,642,000","-3,161,000","-413,000","-335,000","-244,000","-136,000","-283,000","-1,881,000","-1,695,000","-1,745,000","-1,944,000","-1,104,000"
	InterestExpenseNonOperating,,"10,200,000",,,,,"11,000,000","12,300,000","14,900,000","14,600,000","15,200,000","18,000,000","13,600,000","9,600,000","10,700,000","12,300,000","14,300,000","13,800,000","13,600,000","15,000,000","14,600,000","13,000,000","13,100,000","12,400,000","10,900,000","8,900,000","7,758,000","6,774,000","7,558,000","6,038,000","6,660,000","7,361,000","7,664,000","6,637,000","8,115,000","9,631,000","9,049,000","7,923,000","10,336,000","9,952,000","7,459,000","7,426,000","8,373,000","9,667,000","9,589,000","7,963,000","10,064,000","11,490,000","12,918,000","11,330,000","11,428,000","16,304,000","14,528,000","12,758,000","13,336,000","12,496,000","3,560,000","1,176,000","3,018,000","4,378,000","3,830,000","1,838,000","2,455,000","4,112,000","4,478,000","3,209,000","980,000","1,333,000","1,356,000","330,000","820,000","1,016,000","3,642,000","3,814,000","4,135,000","4,708,000","4,935,000","4,083,000","4,057,000","4,688,000","4,669,000","3,918,000","4,372,000","4,957,000","5,981,000","4,846,000","5,617,000","8,226,000","6,664,000","6,675,000","5,899,000","4,967,000","4,703,000","2,642,000","3,161,000","413,000","335,000","244,000","136,000","283,000","1,881,000","1,695,000","1,745,000","1,944,000","1,104,000"
	TotalOtherFinanceCost,,,"9,500,000","9,600,000","10,600,000","10,400,000","11,000,000","12,300,000","14,900,000","14,600,000","15,200,000","18,000,000","13,600,000","9,600,000","10,700,000","12,300,000","14,300,000","13,800,000","13,600,000","15,000,000","14,600,000","13,000,000","13,100,000","12,400,000","10,900,000","8,900,000","7,758,000","6,774,000","7,558,000","6,038,000","6,660,000","7,361,000","7,664,000","6,637,000","8,115,000","9,631,000","9,049,000","7,923,000","10,337,000",,,,,"-9,667,000",,,,,,,,,,,,"12,496,000",,,,,,,,,,,,,,,,,,,,,,,,,,,,,,,,,,,,,,,,,,,,,,,,,
OtherIncomeExpense,"91,600,000","-800,000","66,800,000","3,100,000","22,500,000","43,100,000","-53,500,000","-15,800,000","-8,300,000","-41,500,000","-65,000,000","-52,200,000","-14,700,000","-13,900,000","-26,400,000","-600,000","23,000,000","15,400,000","-5,700,000","9,200,000","9,100,000","1,100,000","-26,500,000","-12,500,000","12,200,000","5,400,000","302,000","7,254,000","25,296,000","10,584,000","6,220,000","19,589,000","7,033,000","-27,055,000","6,585,000","1,655,000","2,474,000","2,314,000","-11,688,000","3,878,000","-47,000","2,896,000","-30,280,000","-15,517,000","-1,974,000","-1,971,000","-1,327,000","-2,399,000","-6,792,000","-7,247,000","-13,452,000","-9,141,000","-34,634,000","-49,064,000","-23,652,000","-11,154,000","969,000","-2,213,000","736,000","4,979,000","10,071,000","2,558,000","-201,000","773,000","9,593,000","-944,000","5,146,000","1,645,000","4,630,000","-892,000","30,498,000","1,034,000","-4,645,000","2,123,000","8,233,000","-77,000","-285,000","80,000","1,699,000","515,000","659,000","-158,000","-75,349,000","2,820,000","1,341,000","2,516,000","-29,523,000","-17,075,000","-10,118,000","-12,386,000","-34,233,000","-23,371,000","-33,717,000","-53,862,000","-8,450,000","466,000","1,182,000","692,000","1,390,000","109,000","345,000","1,394,000","2,140,000","184,000","784,000"
	GainOnSaleOfSecurity,,,,,,,,"15,000,000","14,700,000","-28,300,000","4,000,000","17,100,000","10,200,000","5,000,000","5,600,000","3,400,000","10,200,000","13,600,000","11,700,000","12,600,000","14,500,000","5,600,000","6,100,000","5,500,000","9,200,000","13,000,000","13,602,000","25,362,000","27,128,000","11,384,000","7,320,000","19,552,000","12,491,000","8,903,000","10,211,000","6,574,000","9,076,000","5,482,000","1,358,000",,,,,,,,,,,,,,,,,,,,,,,"2,425,000",,,,,,,,,,,,,,,,,,,,,,,,,,,,,,,,,,,,,,,,,,,
	EarningsFromEquityInterest,"179,400,000","18,500,000","102,700,000","17,400,000","40,800,000","48,500,000","6,600,000","15,000,000","14,700,000","-28,300,000","4,000,000","17,100,000","10,200,000","5,000,000","5,600,000","3,400,000","10,200,000","13,600,000","11,700,000","12,600,000","14,500,000","5,600,000","6,100,000","5,500,000","9,200,000","13,000,000","13,602,000","25,362,000","27,128,000","11,384,000","7,320,000","19,552,000","12,491,000","8,903,000","10,211,000","6,574,000","9,076,000","5,482,000","1,357,000","10,698,000","-47,000","11,848,000","3,703,000","514,000","4,138,000","-1,971,000","-442,000","-2,014,000","-2,796,000","-6,127,000","-2,637,000","-4,960,000","-19,248,000","-32,022,000","-3,524,000","-693,000","969,000","-2,213,000","736,000","4,979,000","6,368,000","133,000","-201,000","773,000","9,593,000","-944,000","6,052,000","2,366,000","4,630,000","-892,000","7,376,000","1,034,000","6,916,000","2,123,000","8,233,000","-77,000","-285,000","80,000","176,000","987,000","659,000","-158,000","1,883,000","2,820,000","1,341,000","2,516,000","890,000","1,116,000","8,747,000","5,940,000","1,796,000","2,371,000","1,870,000","181,000","1,571,000","466,000","1,182,000","692,000","1,390,000","109,000","345,000","1,394,000","2,140,000","184,000","784,000"
	SpecialIncomeCharges,"-87,000,000","-19,500,000","-33,800,000","-15,600,000","-18,100,000","-17,200,000","-66,600,000","-33,500,000","-28,200,000","-14,100,000","-70,100,000","-70,000,000","-25,700,000","-18,600,000","-45,500,000","-3,700,000","11,100,000","-700,000","-17,400,000","-3,400,000","-5,400,000","-4,500,000","-32,600,000","-18,000,000","-10,300,000","-7,600,000","-13,300,000","-18,108,000","-1,832,000","-800,000","-1,100,000","37,000","-5,458,000","-35,958,000","-3,626,000","-4,919,000","-6,602,000","-3,168,000","-13,045,000","-6,820,000","-16,604,000","-8,952,000","-33,983,000","-16,031,000","-6,112,000","0","-885,000","-385,000","-3,996,000","-1,120,000","-10,815,000","-4,181,000","-15,386,000","-17,042,000","-20,128,000","-10,461,000","0",,"0",,"3,703,000",,,,,,"-906,000","-721,000",,,"23,122,000","0","-11,561,000",,,,,,,"-472,000","0","0",,,"0","0","-30,413,000","-18,191,000","-18,865,000","-18,326,000","-36,029,000","-25,742,000","-35,587,000","-54,043,000",,,,,,,,,,,
		RestructuringAndMergernAcquisition,"87,000,000","19,500,000","33,800,000","15,600,000","18,100,000","17,200,000","66,600,000","33,500,000","28,200,000","14,100,000","70,100,000","70,000,000","25,700,000","18,600,000","45,500,000","3,700,000","-11,100,000","700,000","17,400,000","3,400,000","5,400,000","4,500,000","32,600,000","18,000,000","10,300,000","7,600,000","13,300,000","18,108,000","1,832,000","800,000","1,100,000","-37,000","5,458,000","1,432,000","3,626,000","4,919,000","6,602,000","3,168,000","13,045,000","6,820,000","16,604,000","8,952,000","33,983,000","16,031,000","6,112,000","0","885,000","385,000","3,996,000","1,120,000","10,815,000","4,181,000","15,386,000","17,042,000","20,128,000","10,461,000","0",,,,,,,,,,"906,000","721,000",,,,,,,,,,,,"472,000",,,,,"0","0","30,413,000","18,191,000","18,865,000","18,326,000","36,029,000","25,742,000","35,587,000","54,043,000",,,,,,,,,,,
		ImpairmentOfCapitalAssets,,,,,,,,,,,,,,,,,,,,,,,"0",,,,,,,,,,,,,,,,,,,,,,,,,,,,,,,,,,,,,,,,,,,,,,,,,,,,,,,,,,,,,,,,,,,,,,,,,,,,,,,,,,
		WriteOff,,,,,,,,,,,,,,,,,,,,,,,,,,,"0",,,,"0",,,"34,526,000",,,,,,,,,,,,,,,,,,,,,,,,,,,,,,,,,,,,,,,,,,,,,,,,,,,,,,,,,,,,,,,,,,,,,,,
		OtherSpecialCharges,,,,,,,,,,,,,"25,700,000",,,"3,700,000","-11,100,000",,,"3,400,000","5,400,000",,"32,600,000","18,000,000","10,300,000","7,600,000","59,000","18,108,000","1,832,000","16,000","26,000","-37,000","5,458,000","35,958,000","3,626,000","4,919,000","6,602,000","3,168,000","13,045,000",,,,,,,,,,,,,,,,,,,,,,,,,,,,,,,,,,,,,,,,,,,,,,,,,,,,,,,,,,,,,,,,,,
		GainOnSaleOfBusiness,,,,,,,,,,,,,,,,,,,,,,,,,,,,,,,,,,,,,,,,,,,,,,,,,,"-6,127,000",,,,,,,,,,,,,,,,,,,,,,,,,,,,,,,,,,,,,,,,,,,,,,,,,,,,,,,
	OtherNonOperatingIncomeExpenses,"-800,000","200,000","-2,100,000","1,300,000","-200,000","11,800,000","6,500,000","2,700,000","5,200,000","900,000","1,100,000","700,000","800,000","-300,000","13,500,000","-300,000","1,700,000","2,500,000",,,,,"0",,"13,300,000",,,,,,,,,,,,,,,,,,,,,,,,,,,,,,,,,,,,,,,,,,,,,,,,,,,,,,,,,,,,,,,,,,,,,,,,,,,,,,,,
PretaxIncome,"1,277,200,000","184,200,000","536,700,000","302,000,000","254,300,000","130,600,000","330,900,000","160,300,000","15,800,000","22,600,000","358,200,000","171,400,000","147,500,000","20,500,000","320,800,000","181,700,000","147,400,000","56,100,000","290,300,000","115,700,000","104,200,000","14,900,000","219,300,000","64,100,000","125,500,000","33,500,000","259,704,000","138,905,000","122,533,000","58,004,000","262,475,000","139,649,000","96,483,000","-13,000,000","197,896,000","84,041,000","65,849,000","17,659,000","141,919,000","66,598,000","50,576,000","18,993,000","114,549,000","45,201,000","60,116,000","2,132,000","112,965,000","48,346,000","41,627,000","538,000","67,884,000","23,364,000","-16,420,000","-72,309,000","55,006,000","20,287,000","35,606,000","4,534,000","138,088,000","65,111,000","107,236,000","37,167,000","111,105,000","33,948,000","89,432,000","4,561,000","90,597,000","27,637,000","33,178,000","-11,504,000","66,272,000","21,258,000","7,037,000","-8,451,000","46,166,000","11,284,000","-2,145,000","-10,980,000","24,691,000","13,120,000","7,890,000","-8,030,000","4,332,000","-3,566,000","-2,188,000","-5,775,000","14,166,000","2,153,000","-6,661,000","-30,437,000","40,585,000","-17,959,000","-43,165,000","-68,975,000","19,581,000","7,816,000","11,885,000","-5,593,000","23,096,000","5,668,000","7,322,000","-4,967,000","27,018,000","979,000","-684,000"
TaxProvision,"276,400,000","40,300,000","115,900,000","65,300,000","54,900,000","28,200,000","74,700,000","25,700,000","1,500,000","5,000,000","82,100,000","42,100,000","36,200,000","-700,000","117,600,000","45,600,000","37,600,000","13,500,000","210,500,000","28,200,000","25,500,000","3,600,000","52,700,000","15,900,000","31,100,000","8,300,000","61,229,000","25,720,000","31,123,000","14,733,000","67,699,000","34,912,000","24,121,000","-29,145,000","50,373,000","20,925,000","16,397,000","4,397,000","34,657,000","16,916,000","12,846,000","4,824,000","29,524,000","11,300,000","15,029,000","533,000","28,221,000","11,120,000","9,574,000","124,000","15,483,000","3,505,000","-2,463,000","-10,846,000","13,515,000","5,112,000","8,973,000","1,143,000","31,655,000","17,384,000","28,632,000","9,923,000","30,177,000","9,251,000","23,216,000","1,181,000","23,711,000","7,020,000","8,427,000","-2,922,000","16,316,000","5,953,000","1,970,000","-2,366,000","8,850,000","3,873,000","-730,000","-3,733,000","8,164,000","2,930,000","3,155,000","-3,212,000","7,186,000","2,933,000","-831,000","-2,195,000","15,258,000","7,428,000","4,832,000","-5,465,000","25,371,000","-1,022,000","-5,461,000","-13,560,000","7,792,000","3,010,000","4,575,000","-2,153,000","7,087,000","-1,942,000","382,000","-248,000","1,540,000","56,000","-39,000"
EarningsFromEquityInterestNetOfTax,,,,,,,,,,,,,,,,,,,,,,,,,,,,,,,,,,,,,,,,,,,,,,,,,,,,,,,,,,"-552,000","-977,000","-1,197,000",,,,,,,,,,,,,,,"0","0","0","0","602,000","-21,000","-1,229,000","-63,000","-15,000","318,000","-565,000","34,000","81,000","-60,000",,,,,,,,,,,,,,,,,
NetIncomeCommonStockholders,"1,004,200,000","145,600,000","421,400,000","237,200,000","200,000,000","103,000,000","250,100,000","131,900,000","15,200,000","5,300,000","273,700,000","128,900,000","110,500,000","21,300,000","201,100,000","134,900,000","107,800,000","40,300,000","78,200,000","86,600,000","78,200,000","10,800,000","165,300,000","48,000,000","78,800,000","25,700,000","195,907,000","110,409,000","90,148,000","41,894,000","193,797,000","104,284,000","71,766,000","15,902,000","147,154,000","62,857,000","46,290,000","13,156,000","106,831,000","49,513,000","37,188,000","14,024,000","84,767,000","33,880,000","43,860,000","1,490,000","84,394,000","37,125,000","31,757,000","246,000","52,026,000","19,771,000","-14,433,000","-61,475,000","41,157,000","15,004,000","24,516,000","2,839,000","104,786,000","46,530,000","77,932,000","27,244,000","80,393,000","24,697,000","65,695,000","4,560,000","66,887,000","20,231,000","24,751,000","-8,582,000","49,956,000","15,305,000","5,067,000","-6,085,000","37,316,000","7,411,000","-1,415,000","-7,247,000","17,470,000","10,169,000","3,506,000","-4,035,000","-2,869,000","-6,181,000","-1,922,000","-3,546,000","-15,260,000","-5,335,000","-11,493,000","-24,972,000","15,214,000","-16,937,000","-37,704,000","-55,415,000","11,789,000","4,806,000","7,310,000","-3,440,000","16,009,000","7,610,000","6,940,000","-4,719,000","25,478,000","923,000","-645,000"
	NetIncome,"1,004,200,000","145,600,000","421,400,000","237,200,000","200,000,000","103,000,000","250,100,000","131,900,000","15,200,000","5,300,000","274,400,000","128,900,000","110,700,000","21,300,000","201,300,000","134,900,000","108,000,000","40,300,000","78,400,000","86,600,000","78,400,000","10,800,000","165,500,000","48,000,000","79,000,000","25,700,000","196,058,000","110,409,000","90,311,000","41,894,000","193,935,000","104,284,000","71,942,000","15,902,000","147,322,000","62,857,000","46,531,000","13,156,000","107,072,000","49,513,000","37,441,000","14,024,000","84,918,000","33,880,000","44,096,000","1,490,000","84,990,000","37,125,000","31,975,000","246,000","50,936,000","19,771,000","-14,719,000","-61,475,000","41,522,000","15,004,000","25,519,000","2,839,000","105,456,000","46,530,000","78,604,000","27,244,000","80,928,000","24,697,000","66,216,000","4,560,000","66,886,000","20,617,000","24,751,000","-8,582,000","49,956,000","15,305,000","5,067,000","-6,085,000","37,316,000","7,411,000","-1,415,000","-7,247,000","17,470,000","10,169,000","3,506,000","-4,035,000","-2,869,000","-6,181,000","-1,922,000","-3,546,000","-15,260,000","-5,335,000","-11,493,000","-24,972,000","15,214,000","-16,937,000","-37,704,000","-55,415,000","11,789,000","4,806,000","7,310,000","-3,440,000","16,009,000","7,610,000","6,940,000","-4,719,000","25,478,000","923,000","-645,000"
		NetIncomeIncludingNoncontrollingInterests,"1,000,800,000","143,900,000","420,800,000","236,700,000","199,400,000","102,400,000","256,200,000","134,600,000","14,300,000","17,600,000","276,100,000","129,300,000","111,300,000","21,200,000","203,200,000","136,100,000","109,800,000","42,600,000","79,800,000","87,500,000","78,700,000","11,300,000","166,600,000","48,200,000","94,400,000","25,200,000","198,475,000","113,185,000","91,410,000","43,271,000","194,776,000","104,737,000","72,362,000","16,145,000","147,523,000","63,116,000","49,452,000","13,262,000","107,262,000","49,682,000","37,730,000","14,169,000","85,025,000","33,901,000","45,087,000","1,599,000","84,744,000","37,226,000","32,053,000","414,000","52,401,000","19,859,000","-13,957,000","-61,463,000","41,491,000","15,175,000","26,633,000","2,839,000","105,456,000","46,530,000","78,604,000","27,244,000","80,928,000","24,697,000","66,216,000","4,560,000","66,886,000","20,617,000","24,751,000","-8,582,000","49,956,000","15,305,000","5,067,000","-6,085,000","37,316,000","7,411,000","-1,415,000","-7,247,000","17,470,000","10,169,000","3,506,000","-4,035,000","-2,869,000","-6,181,000","-1,922,000","-3,546,000","-15,260,000","-5,335,000","-11,493,000","-24,972,000","15,214,000","-16,937,000","-37,704,000","-55,415,000","11,789,000","4,806,000","7,310,000","-3,440,000","16,009,000","7,610,000","6,940,000","-4,719,000","25,478,000","923,000","-645,000"
			NetIncomeContinuousOperations,"1,000,800,000","143,900,000","420,800,000","236,700,000","199,400,000","102,400,000","256,200,000","134,600,000","14,300,000","17,600,000","276,100,000","129,300,000","111,300,000","21,200,000","203,200,000","136,100,000","109,800,000","42,600,000","79,800,000","87,500,000","78,700,000","11,300,000","166,600,000","48,200,000","94,400,000","25,200,000","198,475,000","113,185,000","91,410,000","43,271,000","194,776,000","104,737,000","72,362,000","16,145,000","147,523,000","63,116,000","49,452,000","13,262,000","107,262,000","49,682,000","37,730,000","14,169,000","85,025,000","33,901,000","45,087,000","1,599,000","84,744,000","37,226,000","32,053,000","414,000","52,401,000","19,859,000","-13,957,000","-61,463,000","41,491,000","15,175,000","26,633,000","2,839,000","105,456,000","46,530,000","78,604,000","27,244,000","80,928,000","24,697,000","66,216,000","3,380,000","66,886,000","20,617,000","24,751,000","-8,582,000","49,956,000","15,305,000","5,067,000","-6,085,000","37,316,000","7,411,000","-1,415,000","-7,247,000","17,129,000","10,169,000","3,506,000","-4,881,000","-2,869,000","-6,181,000","-1,922,000","-3,546,000","-1,011,000","-5,335,000","-11,493,000","-24,972,000","15,214,000","-16,937,000","-37,704,000","-55,415,000","11,789,000","4,806,000","7,310,000","-3,440,000","16,009,000","7,610,000","6,940,000","-4,719,000","25,478,000","923,000","-645,000"
			NetIncomeExtraordinary,,,,,,,,,,,,,,,,,,,,,,,,,,,,,,,,,,,,,,,,,,,,,,,,,,,,,,,,,,,"0","0","0","0","0","0","0","1,180,000",,,,,,,,,"0","0","0","0","341,000","0","0","846,000","0","0","0","0",,,,,,,,,,,,,,,,,,,
		MinorityInterests,"3,400,000","1,700,000","600,000","500,000","600,000","600,000","-6,100,000","-2,700,000","900,000","-12,300,000","-1,700,000","-400,000","-600,000","100,000","-1,900,000","-1,200,000","-1,800,000","-2,300,000","-1,400,000","-900,000","-300,000","-500,000","-1,100,000","-200,000","-15,400,000","500,000","-2,417,000","-2,776,000","-1,099,000","-1,377,000","-841,000","-453,000","-420,000","-243,000","-201,000","-259,000","-2,921,000","-106,000","-190,000","-169,000","-289,000","-145,000","-107,000","-21,000","-991,000","-109,000","-190,000","-101,000","-78,000","-168,000","-147,000","-88,000","-190,000","-12,000","31,000","-171,000","-1,114,000",,,,,,,,,,,,,,,,,,,,,,,,,,,,,,,,,,,,,,,,,,,,,,,,
	PreferredStockDividends,,,,,,,,,,,,,,,,,,,,,,,,,,,,,,,,,,,,,,,,,"253,000",,,,,,,,"218,000",,,,,,,,,,"670,000",,"672,000",,"535,000",,"521,000",,"-1,000","386,000",,,,,,,,,,,,,,,,,,,,,,,,,,,,,,,,,,,,,
	OtherunderPreferredStockDividend,,,,,,,"0","0","0",,"700,000","0","200,000",,"200,000","0","200,000",,"200,000","0","200,000",,"200,000","0","200,000",,"151,000","0","163,000",,"138,000","0","176,000",,"168,000","0","241,000",,"241,000",,"253,000",,"151,000",,"236,000",,"596,000",,"218,000",,"-1,090,000",,"-286,000",,"365,000",,"1,003,000",,,,,,,,,,,,,,,,,,,,,,,,,,,,,,,,,,,,,,,,,,,,,,,,
DilutedNIAvailtoComStockholders,"1,004,200,000","145,600,000","421,400,000","237,200,000","200,000,000","103,000,000","250,100,000","131,900,000","15,200,000","5,300,000","273,700,000","128,900,000","110,500,000","21,300,000","201,100,000","134,900,000","107,800,000","40,300,000","78,200,000","86,600,000","78,200,000","10,800,000","165,300,000","48,000,000","78,800,000","25,700,000","195,907,000","110,409,000","90,148,000","41,894,000","193,797,000","104,284,000","71,766,000","15,902,000","147,154,000","62,857,000","46,290,000","13,156,000","106,831,000","49,513,000","37,188,000","14,024,000","84,767,000","33,880,000","43,860,000","1,490,000","84,394,000","37,125,000","31,757,000","246,000","52,026,000","19,771,000","-14,433,000","-61,475,000","41,157,000","15,004,000","24,516,000","2,839,000","104,786,000","46,530,000","77,932,000","27,244,000","80,393,000","24,697,000","65,695,000","4,560,000","66,887,000","20,231,000","24,751,000","-8,582,000","49,956,000","15,305,000","5,067,000","-6,085,000","37,316,000","7,411,000","-1,415,000","-7,247,000","17,470,000","10,169,000","3,506,000","-4,035,000","-2,869,000","-6,181,000","-1,922,000","-3,546,000","-15,260,000","-5,335,000","-11,493,000","-24,972,000","15,214,000","-16,937,000","-37,704,000","-55,415,000","11,789,000","4,806,000","7,310,000","-3,440,000","16,009,000","7,610,000","6,940,000","-4,719,000","25,478,000","923,000","-645,000"
BasicEPS,,"2.92","8.37","4.67","3.9","2.01","4.88","2.55","0.29","0.1","5.31","2.5","2.42","0.47","4.41","2.96","2.37","0.89","1.73","1.91","1.73","0.24","3.66","1.06","1.75","0.57","4.35","2.45","2.01","0.93","4.32","2.33","1.61","0.36","3.31","1.42","1.05","0.3","2.43","1.12","0.85","0.32",,"0.78","1.02","0.03",,"0.87","0.76","0.01",,"0.47","-0.4","-1.78",,"0.44","0.77","0.09",,"1.44","2.45","0.85",,"0.77","2.07","0.14",,"0.64","0.8","-0.27",,"0.49","0.17","-0.2",,"0.24","-0.05","-0.24",,"0.33","0.12","-0.13",,"-0.21","-0.06","-0.12",,"-0.21","-0.47","-1.02",,"-0.7","-1.62","-3.09",,"0.3","0.45","-0.21",,"0.51","0.428","-0.291",,"0.057","-0.04"
DilutedEPS,,"2.86","8.16","4.57","3.82","1.97","4.8","2.52","0.29","0.1","5.23","2.47","2.4","0.46","4.37","2.93","2.35","0.88","1.71","1.89","1.71","0.24","3.62","1.05","1.73","0.56","4.31","2.43","1.98","0.92","4.28","2.3","1.58","0.35","3.26","1.39","1.03","0.29","2.38","1.1","0.83","0.31",,"0.76","0.99","0.03",,"0.84","0.72","0.01",,"0.46","-0.4","-1.78",,"0.43","0.73","0.09",,"1.38","2.32","0.81",,"0.73","1.94","0.14",,"0.61","0.74","-0.27",,"0.47","0.16","-0.2",,"0.23","-0.05","-0.24",,"0.32","0.11","-0.13",,"-0.21","-0.06","-0.12",,"-0.21","-0.47","-1.02",,"-0.7","-1.62","-3.09",,"0.29","0.45","-0.21",,"0.51","0.428","-0.291",,"0.057","-0.04"
BasicAverageShares,,"49,781,000","50,373,000","50,851,000","51,288,000","51,173,000","51,222,000","51,761,000","51,635,000","51,612,000","51,542,000","51,528,000","45,749,000","45,674,000","45,580,000","45,549,000","45,493,000","45,443,000","45,369,000","45,349,000","45,288,000","45,258,000","45,210,000","45,188,000","45,120,642","45,094,824","45,043,383","45,001,309","44,868,979","44,843,629","44,824,108","44,809,133","44,586,095","44,513,813","44,440,684","44,407,468","44,101,006","44,080,767","44,051,014","44,015,922","43,718,678","43,605,273",,"43,421,666","42,933,918","42,846,799",,"42,568,764","42,037,112","41,913,100",,"41,762,451","35,835,788","34,617,894",,"34,217,379","31,876,045","31,772,825",,"32,416,773","31,828,364","31,929,818",,"32,106,994","31,688,327","31,511,880",,"31,576,006","31,039,575","31,268,640",,"30,936,792","30,449,030","31,045,367",,"31,181,095","30,719,905","30,715,364",,"30,776,775","30,278,032","30,207,897",,"30,077,867","29,775,259","30,120,466",,"25,168,964","24,559,305","24,395,021",,"24,110,884","23,297,467","17,914,221",,"16,230,358","16,200,000","16,200,000",,"16,200,000","16,200,000","16,200,000",,"16,200,000","16,200,000"
DilutedAverageShares,,"50,957,000","51,619,000","51,944,000","52,324,000","52,175,000","52,075,000","52,247,000","52,173,000","52,458,000","52,368,000","52,104,000","46,040,000","46,019,000","45,987,000","45,965,000","45,951,000","45,905,000","45,877,000","45,814,000","45,782,000","45,689,000","45,642,000","45,612,000","45,573,557","45,483,051","45,491,779","45,452,959","45,434,585","45,373,911","45,331,703","45,290,595","45,278,494","45,201,708","45,146,449","45,063,360","45,141,341","45,055,399","44,953,524","44,826,502","44,847,350","44,685,138",,"44,355,453","44,473,320","44,359,055",,"44,088,989","44,249,698","43,949,850",,"43,299,868","35,835,788","34,617,894",,"35,035,602","33,458,081","33,229,444",,"33,610,782","33,655,359","33,687,389",,"33,751,054","33,821,945","33,681,263",,"33,425,883","33,512,356","31,268,640",,"32,894,416","32,652,871","31,045,367",,"32,409,506","30,719,905","30,715,364",,"32,004,389","31,871,256","30,207,897",,"30,077,867","29,775,259","30,120,466",,"25,168,964","24,559,305","24,395,021",,"24,110,884","23,297,467","17,914,221",,"16,446,906","16,392,626","16,359,961",,"16,200,000","16,200,000","16,200,000",,"16,200,000","16,200,000"
TotalOperatingIncomeAsReported,"1,138,500,000","175,700,000","445,600,000","292,900,000","224,300,000","80,700,000","328,800,000","154,900,000","10,800,000","64,600,000","368,300,000","171,600,000","150,100,000","25,400,000","312,400,000","190,900,000","149,800,000","53,800,000","292,200,000","118,100,000","104,300,000","22,300,000","226,300,000","71,000,000","113,900,000","29,400,000","253,860,000","120,317,000","102,963,000","52,658,000","261,815,000","127,458,000","91,656,000","-15,266,000","195,800,000","87,098,000","65,822,000","20,100,000","150,898,000","65,852,000","58,082,000","14,571,000","119,219,000","54,354,000","65,567,000","12,066,000","123,471,000","61,850,000","57,341,000","17,995,000","81,949,000","44,628,000","17,356,000","-27,529,000","71,866,000","33,476,000","38,197,000","7,923,000","140,370,000","64,510,000","100,995,000","36,447,000","113,761,000","37,287,000","84,317,000","8,714,000","85,525,000","26,604,000","29,904,000","-10,282,000","49,645,000","22,274,000","22,240,000","-4,637,000","50,301,000","15,992,000","2,790,000","-6,897,000","28,748,000","17,808,000","12,559,000","-4,112,000","8,704,000","1,391,000","3,793,000","-929,000","19,783,000","10,379,000","3,000","-23,762,000","46,484,000","-12,992,000","-38,462,000","-66,333,000","22,742,000","8,229,000","12,220,000","-5,349,000","23,232,000","5,951,000","9,203,000","-3,272,000","28,763,000","2,923,000","420,000"
TotalExpenses,"18,905,800,000","4,606,200,000","5,466,300,000","4,580,700,000","4,252,600,000","3,939,200,000","4,450,000,000","3,789,700,000","3,631,400,000","4,017,300,000","4,962,100,000","4,254,000,000","4,090,700,000","3,776,600,000","4,531,800,000","3,775,200,000","3,765,000,000","3,500,700,000","2,225,900,000","1,825,500,000","1,725,000,000","1,588,400,000","1,899,300,000","1,616,200,000","1,479,400,000","1,299,800,000","1,620,198,000","1,362,842,000","1,268,680,000","1,150,037,000","1,486,040,000","1,238,554,000","1,180,090,000","1,016,750,000","1,309,992,000","1,014,785,000","916,959,000","832,720,000","1,084,761,000","876,819,000","863,259,000","789,771,000","994,974,000","832,825,000","773,616,000","675,798,000","831,896,000","646,144,000","618,982,000","561,547,000","722,321,000","546,493,000","543,396,000","504,698,000","705,073,000","633,147,000","621,318,000","555,997,000","721,414,000","559,641,000","575,091,000","453,607,000","590,613,000","425,030,000","425,472,000","328,384,000","412,531,000","299,059,000","295,184,000","250,458,000","352,666,000","248,677,000","248,670,000","227,423,000","280,000,000","202,083,000","210,767,000","191,994,000","252,733,000","188,846,000","178,375,000","165,914,000","183,452,000","215,207,000","194,788,000","198,038,000","238,357,000","196,037,000","206,815,000","192,416,000","198,189,000","181,422,000","182,019,000","113,711,000","81,592,000","56,603,000","61,992,000","56,414,000","41,859,000","54,301,000","54,208,000","34,978,000","29,499,000","36,252,000","34,311,000"
NetIncomeFromContinuingAndDiscontinuedOperation,"1,004,200,000","145,600,000","421,400,000","237,200,000","200,000,000","103,000,000","250,100,000","131,900,000","15,200,000","5,300,000","274,400,000","128,900,000","110,700,000","21,300,000","201,300,000","134,900,000","108,000,000","40,300,000","78,400,000","86,600,000","78,400,000","10,800,000","165,500,000","48,000,000","79,000,000","25,700,000","196,058,000","110,409,000","90,311,000","41,894,000","193,935,000","104,284,000","71,942,000","15,902,000","147,322,000","62,857,000","46,531,000","13,156,000","107,072,000","49,513,000","37,441,000","14,024,000","84,918,000","33,880,000","44,096,000","1,490,000","84,990,000","37,125,000","31,975,000","246,000","50,936,000","19,771,000","-14,719,000","-61,475,000","41,522,000","15,004,000","25,519,000","2,839,000","105,456,000","46,530,000","78,604,000","27,244,000","80,928,000","24,697,000","66,216,000","3,380,000","66,886,000","20,617,000","24,751,000","-8,582,000","49,956,000","15,305,000","5,067,000","-6,085,000","37,316,000","7,411,000","-1,415,000","-7,247,000","17,129,000","10,169,000","3,506,000","-4,881,000","-2,869,000","-6,181,000","-1,922,000","-3,546,000","-1,011,000","-5,335,000","-11,493,000","-24,972,000","15,214,000","-16,937,000","-37,704,000","-55,415,000","11,789,000","4,806,000","7,310,000","-3,440,000","16,009,000","7,610,000","6,940,000","-4,719,000","25,478,000","923,000","-645,000"
NormalizedIncome,"1,072,372,251.801","160,833,713.355","447,900,912.987","249,430,400","214,190,400","116,484,800","301,665,185.857","160,040,000","40,580,000","16,298,000","328,432,970.408","181,750,000","130,103,500","34,878,000","230,120,448.878","137,671,300","99,730,500","40,831,300","88,840,000","89,170,400","82,482,400","14,202,000","190,265,891.473","61,536,000","86,745,600","31,415,200","206,222,331.316","123,917,568","91,677,672","42,490,800","194,751,281.932","104,256,250","76,035,485.858","42,870,500","150,025,027.843","66,551,169","51,489,102","15,535,184.325","116,931,376.053","54,600,708.94","37,441,000","20,702,296.636","110,142,179.827","45,903,338.665","48,680,000","1,490,000","85,653,908.644","37,421,446.655","35,051,940.159","1,107,858.736","59,284,312.047","23,324,778.42","-1,640,900","-46,989,217.511","56,704,540.959","22,828,995.071","25,519,000","2,839,000","105,456,000","46,530,000","75,889,700.586","25,466,436.57","80,928,000","24,697,000","66,216,000","3,380,000","67,554,882.148","21,154,860.73","24,751,000","-8,582,000","32,526,578.344","15,305,000","13,391,511.44","-6,085,000","37,316,000","7,411,000","-1,415,000","-7,247,000","17,129,000","10,535,591.463","3,506,000","-4,881,000","-2,869,000","-6,181,000","-1,922,000","-3,546,000","17,236,800","5,579,600","-174,000","-9,936,455.367","36,831,400","7,340,089.704","-6,619,272.837","-11,996,473.795","11,789,000","4,806,000","7,310,000","-3,440,000","16,009,000","7,610,000","6,940,000","-4,719,000","25,478,000","923,000","-645,000"
InterestExpense,,"10,200,000",,,,,"11,000,000","12,300,000","14,900,000","14,600,000","15,200,000","18,000,000","13,600,000","9,600,000","10,700,000","12,300,000","14,300,000","13,800,000","13,600,000","15,000,000","14,600,000","13,000,000","13,100,000","12,400,000","10,900,000","8,900,000","7,758,000","6,774,000","7,558,000","6,038,000","6,660,000","7,361,000","7,664,000","6,637,000","8,115,000","9,631,000","9,049,000","7,923,000","10,336,000","9,952,000","7,459,000","7,426,000","8,373,000","9,667,000","9,589,000","7,963,000","10,064,000","11,490,000","12,918,000","11,330,000","11,428,000","16,304,000","14,528,000","12,758,000","13,336,000","12,496,000","3,560,000","1,176,000","3,018,000","4,378,000","3,830,000","1,838,000","2,455,000","4,112,000","4,478,000","3,209,000","980,000","1,333,000","1,356,000","330,000","820,000","1,016,000","3,642,000","3,814,000","4,135,000","4,708,000","4,935,000","4,083,000","4,057,000","4,688,000","4,669,000","3,918,000","4,372,000","4,957,000","5,981,000","4,846,000","5,617,000","8,226,000","6,664,000","6,675,000","5,899,000","4,967,000","4,703,000","2,642,000","3,161,000","413,000","335,000","244,000","136,000","283,000","1,881,000","1,695,000","1,745,000","1,944,000","1,104,000"
NetInterestIncome,"-39,900,000","-10,200,000","-9,500,000","-9,600,000","-10,600,000","-10,400,000","-11,000,000","-12,300,000","-14,900,000","-14,600,000","-15,200,000","-18,000,000","-13,600,000","-9,600,000","-10,700,000","-12,300,000","-14,300,000","-13,800,000","-13,600,000","-15,000,000","-14,600,000","-13,000,000","-13,100,000","-12,400,000","-10,900,000","-8,900,000","-7,758,000","-6,774,000","-7,558,000","-6,038,000","-6,660,000","-7,361,000","-7,664,000","-6,637,000","-8,115,000","-9,631,000","-9,049,000","-7,923,000","-10,336,000","-9,952,000","-7,459,000","-7,426,000","-8,373,000","-9,667,000","-9,589,000","-7,963,000","-10,064,000","-11,490,000","-12,918,000","-11,330,000","-11,428,000","-16,304,000","-14,528,000","-12,758,000","-13,336,000","-12,496,000","-3,560,000","-1,176,000","-3,018,000","-4,378,000","-3,830,000","-1,838,000","-2,455,000","-4,112,000","-4,478,000","-3,209,000","-980,000","-1,333,000","-1,356,000","-330,000","-820,000","-1,016,000","-3,642,000","-3,814,000","-4,135,000","-4,708,000","-4,935,000","-4,083,000","-4,057,000","-4,688,000","-4,669,000","-3,918,000","-4,372,000","-4,957,000","-5,981,000","-4,846,000","-5,617,000","-8,226,000","-6,664,000","-6,675,000","-5,899,000","-4,967,000","-4,703,000","-2,642,000","-3,161,000","-413,000","-335,000","-244,000","-136,000","-283,000","-1,881,000","-1,695,000","-1,745,000","-1,944,000","-1,104,000"
EBIT,"1,181,600,000","194,400,000","479,400,000","308,500,000","242,400,000","97,900,000","395,400,000","188,400,000","39,000,000","78,700,000","438,400,000","241,600,000","175,800,000","44,000,000","357,900,000","194,600,000","138,700,000","54,500,000","309,600,000","121,500,000","109,700,000","26,800,000","258,900,000","89,000,000","124,200,000","37,000,000","267,219,000","138,425,000","104,795,000","53,474,000","262,941,000","127,421,000","97,114,000","20,692,000","199,426,000","92,017,000","72,424,000","23,268,000","173,819,000","76,550,000","58,035,000","26,419,000","122,922,000","54,868,000","69,705,000","10,095,000","123,029,000","59,836,000","54,545,000","11,868,000","79,312,000","39,668,000","-1,892,000","-59,551,000","68,342,000","32,783,000","39,166,000","5,710,000","141,106,000","69,489,000","111,066,000","39,005,000","113,560,000","38,060,000","93,910,000","7,770,000","91,577,000","28,970,000","34,534,000","-11,174,000","67,092,000","22,274,000","10,679,000","-4,637,000","50,301,000","15,992,000","2,790,000","-6,897,000","28,748,000","17,808,000","12,559,000","-4,112,000","8,704,000","1,391,000","3,793,000","-929,000","19,783,000","10,379,000","3,000","-23,762,000","46,484,000","-12,992,000","-38,462,000","-66,333,000","22,742,000","8,229,000","12,220,000","-5,349,000","23,232,000","5,951,000","9,203,000","-3,272,000","28,763,000","2,923,000","420,000"
EBITDA,"1,400,500,000"
ReconciledCostOfRevenue,,,"2,342,100,000","2,084,300,000","1,987,500,000","1,907,500,000","2,098,200,000","1,886,700,000","1,841,900,000","1,863,000,000","2,225,500,000","1,949,800,000","1,918,300,000","1,859,000,000","2,068,300,000","1,756,100,000","1,740,400,000","1,664,100,000",,,,,,,,,,,,,,,,,,,,,,"0","0","0","0","0","0","0","0","0","0","0","0","0","0","0","0","0","0","0","0","22,686,000","0","0","0","0","0","0","0","0","0","0","10,887,000","0","3,544,000","0","8,660,000","0","0","0","0","0","0","0","0","0","0","0","0","0","0","0","0","0","0","0","0","0","0","0","0","0","0","0","0","0","0"
ReconciledDepreciation,"218,900,000","54,400,000","57,200,000","52,800,000","54,500,000","53,000,000","59,600,000","54,900,000","56,900,000","55,000,000","56,800,000","53,600,000","45,500,000","46,500,000","55,000,000","42,700,000","46,300,000","42,100,000","44,900,000","41,800,000","41,200,000","39,300,000","43,300,000","35,900,000","31,400,000","31,200,000","31,082,000","26,642,000","25,495,000","24,923,000","27,123,000","22,023,000","22,780,000","22,411,000","20,857,000","19,742,000","20,175,000","19,079,000","20,100,000","19,089,000","19,962,000","19,659,000","32,185,000","28,732,000","37,602,000","18,315,000","32,699,000","25,143,000","25,591,000","29,370,000","31,735,000","26,829,000","31,849,000","38,831,000","49,802,000","37,229,000","49,791,000","16,446,000","16,752,000","-8,793,000","22,393,000","25,228,000","34,712,000","21,477,000","19,513,000","17,818,000","25,130,000","12,906,000","13,733,000","13,660,000","-2,184,000","19,077,000","4,397,000","11,846,000","226,000","11,585,000","12,488,000","12,645,000","20,817,000","9,418,000","9,350,000","9,471,000","11,954,000","12,044,000","12,091,000","11,331,000","11,337,000","10,298,000","10,797,000","10,694,000","9,950,000","9,665,000","10,106,000","6,955,000","5,278,000","2,599,000","2,962,000","2,616,000","2,598,000","2,541,000","2,180,000","1,774,000","2,002,000","1,169,000","1,134,000"
NetIncomeFromContinuingOperationNetMinorityInterest,"1,004,200,000","145,600,000","421,400,000","237,200,000","200,000,000","103,000,000","250,100,000","131,900,000","15,200,000","5,300,000","274,400,000","128,900,000","110,700,000","21,300,000","201,300,000","134,900,000","108,000,000","40,300,000","78,400,000","86,600,000","78,400,000","10,800,000","165,500,000","48,000,000","79,000,000","25,700,000","196,058,000","110,409,000","90,311,000","41,894,000","193,935,000","104,284,000","71,942,000","15,902,000","147,322,000","62,857,000","46,531,000","13,156,000","107,072,000","49,513,000","37,441,000","14,024,000","84,918,000","33,880,000","44,096,000","1,490,000","84,990,000","37,125,000","31,975,000","246,000","50,936,000","19,771,000","-14,719,000","-61,475,000","41,522,000","15,004,000","25,519,000","2,839,000","105,456,000","46,530,000","78,604,000","27,244,000","80,928,000","24,697,000","66,216,000","3,380,000","66,886,000","20,617,000","24,751,000","-8,582,000","49,956,000","15,305,000","5,067,000","-6,085,000","37,316,000","7,411,000","-1,415,000","-7,247,000","17,129,000","10,169,000","3,506,000","-4,881,000","-2,869,000","-6,181,000","-1,922,000","-3,546,000","-1,011,000","-5,335,000","-11,493,000","-24,972,000","15,214,000","-16,937,000","-37,704,000","-55,415,000","11,789,000","4,806,000","7,310,000","-3,440,000","16,009,000","7,610,000","6,940,000","-4,719,000","25,478,000","923,000","-645,000"
TotalUnusualItemsExcludingGoodwill,"-87,000,000","-19,500,000","-33,800,000","-15,600,000","-18,100,000","-17,200,000","-66,600,000","-33,500,000","-28,200,000","-14,100,000","-70,100,000","-70,000,000","-25,700,000","-18,600,000","-45,500,000","-3,700,000","11,100,000","-700,000","-17,400,000","-3,400,000","-5,400,000","-4,500,000","-32,600,000","-18,000,000","-10,300,000","-7,600,000","-13,300,000","-18,108,000","-1,832,000","-800,000","-1,100,000","37,000","-5,458,000","-35,958,000","-3,626,000","-4,919,000","-6,602,000","-3,168,000","-13,045,000","-6,820,000","-16,604,000","-8,952,000","-33,983,000","-16,031,000","-6,112,000","0","-885,000","-385,000","-3,996,000","-1,120,000","-10,815,000","-4,181,000","-15,386,000","-17,042,000","-20,128,000","-10,461,000","0",,"0",,"3,703,000","2,425,000",,,,,"-906,000","-721,000",,,"23,122,000","0","-11,561,000",,,,,,,"-472,000","0","0",,,"0","0","-30,413,000","-18,191,000","-18,865,000","-18,326,000","-36,029,000","-25,742,000","-35,587,000","-54,043,000",,,,,,,,,,,
TotalUnusualItems,"-87,000,000","-19,500,000","-33,800,000","-15,600,000","-18,100,000","-17,200,000","-66,600,000","-33,500,000","-28,200,000","-14,100,000","-70,100,000","-70,000,000","-25,700,000","-18,600,000","-45,500,000","-3,700,000","11,100,000","-700,000","-17,400,000","-3,400,000","-5,400,000","-4,500,000","-32,600,000","-18,000,000","-10,300,000","-7,600,000","-13,300,000","-18,108,000","-1,832,000","-800,000","-1,100,000","37,000","-5,458,000","-35,958,000","-3,626,000","-4,919,000","-6,602,000","-3,168,000","-13,045,000","-6,820,000","-16,604,000","-8,952,000","-33,983,000","-16,031,000","-6,112,000","0","-885,000","-385,000","-3,996,000","-1,120,000","-10,815,000","-4,181,000","-15,386,000","-17,042,000","-20,128,000","-10,461,000","0",,"0",,"3,703,000","2,425,000",,,,,"-906,000","-721,000",,,"23,122,000","0","-11,561,000",,,,,,,"-472,000","0","0",,,"0","0","-30,413,000","-18,191,000","-18,865,000","-18,326,000","-36,029,000","-25,742,000","-35,587,000","-54,043,000",,,,,,,,,,,
NormalizedEBITDA,"1,487,500,000","268,300,000","570,400,000","376,900,000","315,000,000","168,100,000","521,600,000","276,800,000","124,100,000","147,800,000","565,300,000","365,200,000","247,000,000","109,100,000","458,400,000","241,000,000","173,900,000","97,300,000","371,900,000","166,700,000","156,300,000","70,600,000","334,800,000","142,900,000","165,900,000","75,800,000","311,601,000","183,176,000","132,122,000","79,197,000","291,164,000","149,407,000","125,352,000","79,061,000","223,909,000","116,678,000","99,201,000","45,515,000","206,964,000","102,459,000","77,997,000","55,030,000","189,090,000","99,631,000","113,419,000","28,410,000","156,613,000","85,364,000","84,132,000","42,358,000","121,862,000","70,678,000","45,343,000","-3,678,000","138,272,000","80,473,000","88,957,000","22,156,000","157,858,000","83,382,000","129,756,000","61,808,000","148,272,000","59,537,000","113,423,000","25,588,000","117,613,000","42,597,000","48,267,000","2,486,000","52,673,000","41,351,000","30,181,000","7,209,000","59,187,000","27,577,000","15,278,000","5,748,000","49,565,000","27,698,000","21,909,000","5,359,000","20,658,000","13,435,000","15,884,000","10,402,000","61,533,000","38,868,000","29,665,000","5,258,000","92,463,000","22,415,000","7,231,000","-5,335,000","28,020,000","10,828,000","15,182,000","-2,733,000","25,830,000","8,492,000","11,383,000","-1,498,000","30,765,000","4,092,000","1,554,000"
TaxRateForCalcs,"0.216","0.219","0.216","0.216","0.216","0.216","0.226","0.16","0.1","0.22","0.229","0.245","0.245","0.27","0.367","0.251","0.255","0.241","0.4","0.244","0.244","0.244","0.24","0.248","0.248","0.248","0.236","0.254","0.254","0.254","0.258","0.25","0.25","0.25","0.255","0.249","0.249","0.249","0.244","0.254","0.254","0.254","0.258","0.25","0.25","0.25","0.25","0.23","0.23","0.23","0.228","0.15","0.15","0.15","0.246","0.252","0.252","0.252","0.229","0.267","0.267","0.267","0.272","0.273","0.26","0.259","0.262","0.254","0.254","0.254","0.246","0.28","0.28","0.28","0.192","0.343","0.34","0.34","0.331","0.223","0.4","0.4","0.4","0.4","0.38","0.38","0.4","0.4","0.4","0.18","0.4","0.057","0.127","0.197","0.398","0.385","0.385","0.385","0.307","0.4","0.052","0.05","0.057","0.057","0.057"
TaxEffectOfUnusualItems,"-18,827,748.199","-4,266,286.645","-7,299,087.013","-3,369,600","-3,909,600","-3,715,200","-15,034,814.143","-5,360,000","-2,820,000","-3,102,000","-16,067,029.592","-17,150,000","-6,296,500","-5,022,000","-16,679,551.122","-928,700","2,830,500","-168,700","-6,960,000","-829,600","-1,317,600","-1,098,000","-7,834,108.527","-4,464,000","-2,554,400","-1,884,800","-3,135,668.684","-4,599,432","-465,328","-203,200","-283,718.068","9,250","-1,364,514.142","-8,989,500","-922,972.157","-1,224,831","-1,643,898","-788,815.675","-3,185,623.947","-1,732,291.06","0","-2,273,703.364","-8,758,820.173","-4,007,661.335","-1,528,000","0","-221,091.356","-88,553.345","-919,059.841","-258,141.264","-2,466,687.953","-627,221.58","-2,307,900","-2,556,217.511","-4,945,459.041","-2,636,004.929","0","0","0","0","988,700.586","647,436.57","0","0","0","0","-237,117.852","-183,139.27","0","0","5,692,578.344","0","-3,236,488.56","0","0","0","0","0","0","-105,408.537","0","0","0","0","0","0","-12,165,200","-7,276,400","-7,546,000","-3,290,455.367","-14,411,600","-1,464,910.296","-4,502,272.837","-10,624,473.795","0","0","0","0","0","0","0","0","0","0","0"