name,ttm,04/30/2022,01/31/2022,10/31/2021,07/31/2021,04/30/2021,01/31/2021,10/31/2020,07/31/2020,04/30/2020,01/31/2020,10/31/2019,07/31/2019,04/30/2019,01/31/2019,10/31/2018,07/31/2018,04/30/2018,01/31/2018,10/31/2017,07/31/2017,04/30/2017,01/31/2017,10/31/2016,07/31/2016,04/30/2016,01/31/2016,10/31/2015,07/31/2015,04/30/2015,01/31/2015,10/31/2014,07/31/2014,04/30/2014,01/31/2014,10/31/2013,07/31/2013,04/30/2013,01/31/2013,10/31/2012,07/31/2012,04/30/2012,01/31/2012,10/31/2011,07/31/2011,04/30/2011,01/31/2011,10/31/2010,07/31/2010,04/30/2010,01/31/2010,10/31/2009,07/31/2009,04/30/2009,01/31/2009,10/31/2008,07/31/2008,04/30/2008,01/31/2008,10/31/2007,07/31/2007,04/30/2007,01/31/2007,10/31/2006,07/31/2006,04/30/2006,01/31/2006,10/31/2005,07/31/2005,04/30/2005,01/31/2005,10/31/2004,07/31/2004,04/30/2004,01/31/2004,10/31/2003,07/31/2003,04/30/2003,01/31/2003,10/31/2002,07/31/2002,04/30/2002,01/31/2002,10/31/2001,07/31/2001,04/30/2001,01/31/2001,10/31/2000,07/31/2000,04/30/2000,01/31/2000,10/31/1999,07/31/1999,04/30/1999,01/31/1999,10/31/1998,07/31/1998,04/30/1998,01/31/1998,10/31/1997,07/31/1997,04/30/1997,01/31/1997,10/31/1996,07/31/1996,04/30/1996,01/31/1996,10/31/1995,07/31/1995,04/30/1995,01/31/1995,10/31/1994,07/31/1994,04/30/1994,01/31/1994,10/31/1993,07/31/1993,04/30/1993,01/31/1993,10/31/1992,07/31/1992,04/30/1992,01/31/1992,10/31/1991,07/31/1991,04/30/1991,01/31/1991,10/31/1990,07/31/1990,04/30/1990,01/31/1990,10/31/1989,07/31/1989,04/30/1989,01/31/1989,10/31/1988,07/31/1988,04/30/1988,01/31/1988,10/31/1987,07/31/1987,04/30/1987,01/31/1987,10/31/1986,07/31/1986,04/30/1986,01/31/1986,10/31/1985
TotalRevenue,"15,349,000,000","3,569,000,000","4,486,000,000","3,637,000,000","3,657,000,000","3,009,000,000","3,645,000,000","3,089,000,000","1,862,000,000","2,119,000,000","4,537,000,000","3,672,000,000","3,872,000,000","3,443,000,000","4,483,000,000","3,748,000,000","4,067,000,000","3,561,000,000","4,702,000,000","3,629,000,000","3,793,000,000","3,354,000,000","4,316,000,000","3,542,000,000","3,651,000,000","3,249,000,000","4,193,000,000","3,328,000,000","3,701,000,000","3,215,000,000","4,043,000,000","3,140,000,000","3,392,000,000","2,931,000,000","3,711,000,000","2,884,000,000","3,196,000,000","2,749,000,000","3,702,000,000","2,808,000,000","3,009,000,000","2,629,000,000","3,266,000,000","2,478,000,000","2,810,000,000","2,323,000,000","2,916,000,000","2,182,000,000","2,515,000,000","2,087,000,000","2,640,000,000","1,963,000,000","2,232,000,000","1,792,000,000","2,602,000,000","1,805,000,000","2,287,000,000","1,879,000,000","2,514,186,000","1,970,444,000","2,389,498,000","1,953,872,000","2,630,904,000","1,872,103,000","2,270,468,000","1,787,223,000","2,295,818,000","1,666,130,000","2,106,438,000","1,654,474,000","2,100,343,000","1,542,075,000","1,953,480,000","1,535,490,000","1,932,549,000","1,420,610,000","1,794,975,000","1,343,539,000","1,750,586,000","1,323,201,000","1,655,528,000","1,245,761,000","1,631,090,000","1,239,241,000","1,545,759,000","1,218,040,000","1,678,447,000","1,254,296,000","1,449,458,000","1,146,336,000","1,531,600,000","1,110,100,000","1,443,400,000","1,039,100,000","1,446,100,000","1,094,300,000","1,447,300,000","1,040,200,000","1,454,700,000","1,089,800,000","1,353,300,000","953,700,000","1,321,200,000","984,400,000","1,241,500,000","906,000,000","1,241,800,000","906,800,000","1,149,200,000","815,600,000","1,191,000,000","862,000,000","1,079,500,000","762,100,000","1,107,400,000","769,400,000","1,017,600,000","695,600,000","1,069,300,000","737,300,000","951,600,000","663,800,000","978,000,000","687,100,000","904,100,000","610,600,000","902,200,000","634,900,000","801,800,000","555,000,000","857,500,000","572,400,000","729,100,000","512,200,000","765,100,000","485,800,000","644,900,000","432,100,000","601,100,000","411,300,000","538,400,000","369,400,000","529,900,000","359,100,000","448,800,000","302,200,000","435,800,000","292,100,000"
	OperatingRevenue,"15,349,000,000","3,569,000,000","4,486,000,000","3,637,000,000","3,657,000,000","3,009,000,000","3,645,000,000","3,089,000,000","1,862,000,000","2,119,000,000","4,537,000,000","3,672,000,000","3,872,000,000","3,443,000,000","4,483,000,000","3,748,000,000","4,067,000,000","3,561,000,000","4,702,000,000","3,629,000,000","3,793,000,000","3,354,000,000","4,316,000,000","3,542,000,000","3,651,000,000","3,249,000,000","4,193,000,000","3,328,000,000","3,701,000,000","3,215,000,000","4,043,000,000","3,140,000,000","3,392,000,000","2,931,000,000","3,711,000,000","2,884,000,000","3,196,000,000","2,749,000,000","3,702,000,000","2,808,000,000","3,009,000,000","2,629,000,000","3,266,000,000","2,478,000,000","2,810,000,000","2,323,000,000","2,916,000,000","2,182,000,000","2,515,000,000","2,087,000,000","2,640,000,000","1,963,000,000","2,232,000,000","1,792,000,000","2,602,000,000","1,805,000,000","2,287,000,000","1,879,000,000","2,514,186,000","1,970,444,000","2,389,498,000","1,953,872,000","2,630,904,000","1,872,103,000","2,270,468,000","1,787,223,000","2,295,818,000","1,666,130,000","2,106,438,000","1,654,474,000","2,100,343,000","1,542,075,000","1,953,480,000","1,535,490,000","1,932,549,000","1,420,610,000","1,794,975,000","1,343,539,000","1,750,586,000","1,323,201,000","1,655,528,000","1,245,761,000","1,631,090,000","1,239,241,000","1,545,759,000","1,218,040,000","1,678,447,000","1,254,296,000","1,449,458,000","1,146,336,000","1,531,600,000","1,110,100,000","1,443,400,000","1,039,100,000","1,446,100,000","1,094,300,000","1,447,300,000","1,040,200,000","1,454,700,000","1,089,800,000","1,353,300,000","953,700,000","1,321,200,000","984,400,000","1,241,500,000","906,000,000","1,241,800,000","906,800,000","1,149,200,000","815,600,000","1,191,000,000","862,000,000","1,079,500,000","762,100,000","1,107,400,000","769,400,000","1,017,600,000","695,600,000","1,069,300,000","737,300,000","951,600,000","663,800,000","978,000,000","687,100,000","904,100,000","610,600,000","902,200,000","634,900,000","801,800,000","555,000,000","857,500,000","572,400,000","729,100,000","512,200,000","765,100,000","485,800,000","644,900,000","432,100,000","601,100,000","411,300,000","538,400,000","369,400,000","529,900,000","359,100,000","448,800,000","302,200,000","435,800,000","292,100,000"
CostOfRevenue,"9,656,000,000","2,331,000,000","2,698,000,000","2,294,000,000","2,332,000,000","2,019,000,000","2,365,000,000","2,019,000,000","1,406,000,000","1,810,000,000","2,883,000,000","2,344,000,000","2,476,000,000","2,228,000,000","2,844,000,000","2,435,000,000","2,589,000,000","2,288,000,000","2,969,000,000","2,315,000,000","2,451,000,000","2,155,000,000","2,720,000,000","2,261,000,000","2,359,000,000","2,100,000,000","2,700,000,000","2,142,000,000","2,327,000,000","1,999,000,000","2,494,000,000","1,961,000,000","2,130,000,000","1,822,000,000","2,269,000,000","1,791,000,000","2,004,000,000","1,673,000,000","2,239,000,000","1,730,000,000","1,879,000,000","1,584,000,000","1,973,000,000","1,511,000,000","1,723,000,000","1,385,000,000","1,758,000,000","1,331,000,000","1,565,000,000","1,243,000,000","1,593,000,000","1,210,000,000","1,418,000,000","1,107,000,000","1,565,000,000","1,185,000,000","1,488,000,000","1,179,000,000","1,568,822,000","1,228,506,000","1,513,920,000","1,214,752,000","1,624,190,000","1,160,123,000","1,446,633,000","1,123,003,000","1,435,891,000","1,058,452,000","1,347,515,000","1,046,165,000","1,330,656,000","984,908,000","1,270,892,000","970,460,000","1,221,988,000","911,314,000","1,192,195,000","888,458,000","1,168,963,000","873,847,000","1,104,265,000","824,297,000","1,089,560,000","836,961,000","1,040,908,000","798,430,000","1,074,125,000","774,769,000","908,480,000","700,192,000","961,100,000","670,800,000","897,300,000","643,200,000","909,400,000","672,900,000","928,300,000","657,200,000","957,400,000","681,900,000","886,800,000","609,900,000","898,400,000","624,700,000","823,800,000","579,000,000","822,700,000","577,100,000","748,100,000","524,200,000","764,600,000","540,900,000","698,100,000","485,200,000","723,100,000","498,500,000","686,100,000","458,100,000","709,300,000","471,300,000","627,600,000","428,100,000","658,500,000","439,300,000","587,000,000","388,500,000","610,600,000","410,400,000","532,700,000","360,800,000","581,900,000","368,300,000","482,800,000",,,,,,,,,,,,,,,
GrossProfit,"5,693,000,000","1,238,000,000","1,788,000,000","1,343,000,000","1,325,000,000","990,000,000","1,280,000,000","1,070,000,000","456,000,000","309,000,000","1,654,000,000","1,328,000,000","1,396,000,000","1,215,000,000","1,639,000,000","1,313,000,000","1,478,000,000","1,273,000,000","1,733,000,000","1,314,000,000","1,342,000,000","1,199,000,000","1,596,000,000","1,281,000,000","1,292,000,000","1,149,000,000","1,493,000,000","1,186,000,000","1,374,000,000","1,216,000,000","1,549,000,000","1,179,000,000","1,262,000,000","1,109,000,000","1,442,000,000","1,093,000,000","1,192,000,000","1,076,000,000","1,463,000,000","1,078,000,000","1,130,000,000","1,045,000,000","1,293,000,000","967,000,000","1,087,000,000","938,000,000","1,158,000,000","851,000,000","950,000,000","844,000,000","1,047,000,000","753,000,000","814,000,000","685,000,000","1,037,000,000","620,000,000","799,000,000","700,000,000","945,364,000","741,938,000","875,578,000","739,120,000","1,006,714,000","711,980,000","823,835,000","664,220,000","859,927,000","607,678,000","758,923,000","608,309,000","769,687,000","557,167,000","682,588,000","565,030,000","710,561,000","509,296,000","602,780,000","455,081,000","581,623,000","449,354,000","551,263,000","421,464,000","541,530,000","402,280,000","504,851,000","419,610,000","604,322,000","479,527,000","540,978,000","446,144,000","570,500,000","439,300,000","546,100,000","395,900,000","536,700,000","421,400,000","519,000,000","383,000,000","497,300,000","407,900,000","466,500,000","343,800,000","422,800,000","359,700,000","417,700,000","327,000,000","419,100,000","329,700,000","401,100,000","291,400,000","426,400,000","321,100,000","381,400,000","276,900,000","384,300,000","270,900,000","331,500,000","237,500,000","360,000,000","266,000,000","324,000,000","235,700,000","319,500,000","247,800,000","317,100,000","222,100,000","291,600,000","224,500,000","269,100,000","194,200,000","275,600,000","204,100,000","246,300,000",,,,,,,,,,,,,,,
OperatingExpense,"5,043,000,000","1,165,000,000","1,489,000,000","1,216,000,000","1,174,000,000","1,075,000,000","1,250,000,000","964,000,000","826,000,000","1,122,000,000","1,355,000,000","1,135,000,000","1,180,000,000","1,138,000,000","1,306,000,000","1,208,000,000","1,232,000,000","1,120,000,000","1,382,000,000","1,106,000,000","1,125,000,000","1,048,000,000","1,172,000,000","1,029,000,000","1,071,000,000","1,043,000,000","1,150,000,000","999,000,000","1,048,000,000","971,000,000","1,084,000,000","917,000,000","931,000,000","844,000,000","955,000,000","840,000,000","857,000,000","801,000,000","965,000,000","801,000,000","840,000,000","765,000,000","876,000,000","727,000,000","767,000,000","666,000,000","752,000,000","630,000,000","678,000,000","625,000,000","737,000,000","581,000,000","608,000,000","539,000,000","661,000,000","567,000,000","604,000,000","545,000,000","637,220,000","552,632,000","636,134,000","534,014,000","684,881,000","538,210,000","579,552,000","494,220,000","602,280,000","481,768,000","551,196,000","465,503,000","565,497,000","465,769,000","536,233,000","455,206,000","562,407,000","450,622,000","504,656,000","426,030,000","499,180,000","433,228,000","496,685,000","384,875,000","468,920,000","399,568,000","457,441,000","396,706,000","568,608,000","485,395,000","474,674,000","410,321,000","481,300,000","398,200,000","439,400,000","359,400,000","437,300,000","372,400,000","422,400,000","350,400,000","415,400,000","368,400,000","388,000,000","310,900,000","370,500,000","329,300,000","366,900,000","306,900,000","351,800,000","302,800,000","331,500,000","269,400,000","326,400,000","274,700,000","293,200,000","239,800,000","296,000,000","242,100,000","273,200,000","232,700,000","285,400,000","240,300,000","266,600,000","212,600,000","264,800,000","227,800,000","244,300,000","190,600,000","230,000,000","200,500,000","220,600,000","182,400,000","220,200,000","174,700,000","189,900,000",,,,,,,,,,,,,,,
	SellingGeneralAndAdministration,"5,043,000,000","1,165,000,000","1,489,000,000","1,216,000,000","1,174,000,000","1,075,000,000","1,250,000,000","964,000,000","826,000,000","1,122,000,000","1,355,000,000","1,135,000,000","1,180,000,000","1,138,000,000","1,306,000,000","1,208,000,000","1,232,000,000","1,120,000,000","1,382,000,000","1,106,000,000","1,125,000,000","1,048,000,000","1,172,000,000","1,029,000,000","1,071,000,000","1,043,000,000","1,150,000,000","999,000,000","1,048,000,000","971,000,000","1,084,000,000","917,000,000","931,000,000","844,000,000","955,000,000","840,000,000","857,000,000","801,000,000","965,000,000","801,000,000","840,000,000","765,000,000","876,000,000","727,000,000","767,000,000","666,000,000","752,000,000","630,000,000","678,000,000","625,000,000","737,000,000","581,000,000","608,000,000","539,000,000","670,000,000","567,000,000","604,000,000","545,000,000","637,220,000","552,632,000","636,134,000","534,014,000","684,881,000","538,210,000","579,552,000","494,220,000","602,280,000","481,768,000","551,196,000","465,422,000","565,497,000","465,769,000","536,233,000","455,206,000","562,407,000","450,622,000","504,656,000","426,030,000","499,180,000","433,228,000","496,685,000","384,875,000","468,920,000","399,568,000","457,441,000","396,706,000","517,053,000","436,296,000","428,841,000","364,858,000","432,000,000","351,200,000","393,400,000","314,400,000","388,300,000","328,200,000","379,500,000","309,300,000","372,100,000","326,200,000","350,400,000","274,300,000","331,300,000","288,600,000","328,800,000","268,800,000","314,000,000","267,600,000","299,800,000","239,800,000","294,500,000","246,300,000","267,600,000","214,900,000","267,700,000","216,300,000","248,300,000","208,200,000","257,700,000","213,400,000","242,200,000","188,800,000","238,100,000","203,400,000","221,200,000","168,800,000","206,200,000","177,800,000","200,700,000","163,200,000","200,000,000","157,300,000","173,200,000",,,,,,,,,,,,,,,
		GeneralAndAdministrativeExpense,,,,,,,,,,,,,,,,,,,,,,,,,,,,,,,,,,,,,,,,,,,,,,,,,,,,,"77,000,000",,,,,,,,,,,,,,,,,,,,,,,,,,,,,,,,,,,,,,,,,,,,,,,,,,,,,,,,,,,,,,,,,,,,,,,,,,,,,,,,,,,,,,,,,,,,,,,
			OtherGandA,,,,,,,,,,,,,,,,,,,,,,,,,,,,,,,,,,,,,,,,,,,,,,,,,,,,,"77,000,000",,,,,,,,,,,,,,,,,,,,,,,,,,,,,,,,,,,,,,,,,,,,,,,,,,,,,,,,,,,,,,,,,,,,,,,,,,,,,,,,,,,,,,,,,,,,,,,
		SellingAndMarketingExpense,,,,,,,,,,,,,,,,,,,,,,,,,,,,,,,,,,,,,,,,,,,,,,,,,,,,,"531,000,000",,,,,,,,,,,,,,,,,,,,,,,,,,,,,,,,,,,,,,,,,,,,,,,,,,,,,,,,,,,,,,,,,,,,,,,,,,,,,,,,,,,,,,,,,,,,,,,
	DepreciationAmortizationDepletionIncomeStatement,,,,,,,,,,,,,,,,,,,,,,,,,,,,,,,,,,,,,,,,,,,,,,,,,,,,,,,,,,,,,,,,,,,,,,,,,,,,,,,,,,,,,,,"51,555,000","49,099,000","45,833,000","45,463,000","49,300,000","47,000,000","46,000,000","45,000,000","49,000,000","44,200,000","42,900,000","41,100,000","43,300,000","42,200,000","37,600,000","36,600,000","39,200,000","40,700,000","38,100,000","38,100,000","37,800,000","35,200,000","31,700,000","29,600,000","31,900,000","28,400,000","25,600,000","24,900,000","28,300,000","25,800,000","24,900,000","24,500,000","27,700,000","26,900,000","24,400,000","23,800,000","26,700,000","24,400,000","23,100,000","21,800,000","23,800,000","22,700,000","19,900,000","19,200,000","20,200,000","17,400,000","16,700,000",,,,,,,,,,,,,,,
		DepreciationAndAmortizationInIncomeStatement,,,,,,,,,,,,,,,,,,,,,,,,,,,,,,,,,,,,,,,,,,,,,,,,,,,,,,,,,,,,,,,,,,,,,,,,,,,,,,,,,,,,,,,"51,555,000","49,099,000","45,833,000","45,463,000","49,300,000","47,000,000","46,000,000","45,000,000","49,000,000","44,200,000","42,900,000","41,100,000","43,300,000","42,200,000","37,600,000","36,600,000","39,200,000","40,700,000","38,100,000","38,100,000","37,800,000","35,200,000","31,700,000","29,600,000","31,900,000","28,400,000","25,600,000","24,900,000","28,300,000","25,800,000","24,900,000","24,500,000","27,700,000","26,900,000","24,400,000","23,800,000","26,700,000","24,400,000","23,100,000","21,800,000","23,800,000","22,700,000","19,900,000","19,200,000","20,200,000","17,400,000","16,700,000",,,,,,,,,,,,,,,
	OtherOperatingExpenses,,,,,,,,,,,,,,,,,,,,,,,,,,,,,,,,,,,,,,,,,,,,,,,,,,,,,,,,,,,,,,,,,,,,,,"81,000",,,,,,,,,,,,,,,,,,,,,,,,,,,,,,,,,,,,,,,,,,,,,,,,,,,,,,,,,,,,,,,,,,,,,,,,,,,,,,
OperatingIncome,"650,000,000","73,000,000","299,000,000","127,000,000","151,000,000","-85,000,000","30,000,000","106,000,000","-370,000,000","-813,000,000","299,000,000","193,000,000","216,000,000","77,000,000","333,000,000","105,000,000","246,000,000","153,000,000","351,000,000","208,000,000","217,000,000","151,000,000","424,000,000","252,000,000","221,000,000","106,000,000","343,000,000","187,000,000","326,000,000","245,000,000","465,000,000","262,000,000","331,000,000","265,000,000","487,000,000","253,000,000","335,000,000","275,000,000","498,000,000","277,000,000","290,000,000","280,000,000","417,000,000","240,000,000","320,000,000","272,000,000","406,000,000","221,000,000","272,000,000","219,000,000","310,000,000","172,000,000","206,000,000","146,000,000","376,000,000","53,000,000","195,000,000","155,000,000","308,144,000","189,306,000","239,444,000","205,106,000","321,833,000","173,770,000","244,283,000","170,000,000","257,647,000","125,910,000","207,727,000","142,806,000","204,190,000","91,398,000","146,355,000","109,824,000","148,154,000","58,674,000","98,124,000","29,051,000","82,443,000","16,126,000","54,578,000","36,589,000","72,610,000","2,712,000","47,410,000","22,904,000","35,714,000","-5,868,000","66,304,000","35,823,000","89,200,000","41,100,000","106,700,000","36,500,000","99,400,000","49,000,000","96,600,000","32,600,000","81,900,000","39,500,000","78,500,000","32,900,000","52,300,000","30,400,000","50,800,000","20,100,000","67,300,000","26,900,000","69,600,000","22,000,000","100,000,000","46,400,000","88,200,000","37,100,000","88,300,000","28,800,000","58,300,000","4,800,000","74,600,000","25,700,000","57,400,000","23,100,000","54,700,000","20,000,000","72,800,000","31,500,000","61,600,000","24,000,000","48,500,000","11,800,000","55,400,000","29,400,000","56,400,000","512,200,000","-1,382,000,000","485,800,000","644,900,000","432,100,000","-1,177,300,000","411,300,000","538,400,000","369,400,000","-974,400,000","359,100,000","448,800,000","302,200,000","-784,800,000","292,100,000"
NetNonOperatingInterestIncomeExpense,"-144,000,000","-35,000,000","-33,000,000","-36,000,000","-40,000,000","-137,000,000","-48,000,000","-48,000,000","-51,000,000","-34,000,000","-36,000,000","-20,000,000","-23,000,000","-24,000,000","-23,000,000","-25,000,000","-28,000,000","-28,000,000","-32,000,000","-28,000,000","-29,000,000","-48,000,000","-31,000,000","-30,000,000","-30,000,000","-31,000,000","-31,000,000","-30,000,000","-32,000,000","-33,000,000","-34,000,000","-34,000,000","-35,000,000","-35,000,000","-50,000,000","-35,000,000","-37,000,000","-39,000,000","-42,000,000","-38,000,000","-40,000,000","-40,000,000","-38,000,000","-31,000,000","-30,000,000","-31,000,000","-33,000,000","-31,000,000","-32,000,000","-31,000,000","-40,000,000","-38,000,000","-36,000,000","-31,000,000",,,,,,,,,,,,,,,,,,,,,,,,,,,,,,,,,,,,,,,,,,,,,,,,,,,,,,,,,,,,,,,,,,,,,,,,,,,,,,,,,,,,,,,,,,,,,,
	InterestExpenseNonOperating,"145,000,000","35,000,000","34,000,000","36,000,000","40,000,000","137,000,000","51,000,000","48,000,000","51,000,000","34,000,000","46,000,000","20,000,000","23,000,000","24,000,000","38,000,000","25,000,000","28,000,000","28,000,000","37,000,000","28,000,000","29,000,000","48,000,000","32,000,000","30,000,000","30,000,000","31,000,000","31,000,000","30,000,000","32,000,000","33,000,000","35,000,000","34,000,000","35,000,000","35,000,000","51,000,000","35,000,000","37,000,000","39,000,000","44,000,000","38,000,000","40,000,000","40,000,000","38,000,000",,"30,000,000",,,"31,000,000","32,000,000","31,000,000",,"38,000,000","36,000,000",,,,,,,,,,,,,,,,,,,,,,,,,,,,,,,,,,,,,,,,,,,,,,,,,,,,,,,,,,,,,,,,,,,,,,,,,,,,,,,,,,,,,,,,,,,,,,,
	TotalOtherFinanceCost,,,,,,,,,,"34,000,000","36,000,000","20,000,000","23,000,000","24,000,000","23,000,000","25,000,000","28,000,000","28,000,000","31,000,000","28,000,000","29,000,000","48,000,000","31,000,000","30,000,000","30,000,000","31,000,000","30,000,000","30,000,000","32,000,000","33,000,000","34,000,000","34,000,000","35,000,000","35,000,000","50,000,000","35,000,000","37,000,000","39,000,000","42,000,000","38,000,000","40,000,000","40,000,000","38,000,000","31,000,000","30,000,000","31,000,000",,"31,000,000","32,000,000","31,000,000",,"38,000,000","36,000,000","31,000,000",,,,,,,,,,,,,,,,,,,,,,,,,,,,,,,,,,,,,,,,,,,,,,,,,,,,,,,,,,,,,,,,,,,,,,,,,,,,,,,,,,,,,,,,,,,,,,
OtherIncomeExpense,,,,,,,,,,,,,,,,,,,,,,,"0","-197,000,000",,,,"-32,000,000","51,000,000",,,,,,,,,,,,,,,,,,,,,,,,,,"-211,000,000","74,000,000","74,000,000","72,000,000","76,129,000","102,704,000","70,316,000","55,851,000","65,017,000","58,819,000","60,851,000","53,838,000","61,302,000","47,350,000","44,970,000","42,732,000","45,453,000","45,000,000","43,002,000","39,487,000","40,801,000","42,576,000","36,081,000","35,632,000","37,326,000","35,006,000","35,341,000","33,304,000","29,050,000","32,317,000","35,368,000","37,155,000","27,745,000","16,343,000","22,493,000","31,162,000","32,800,000","27,000,000","22,000,000","27,200,000","22,200,000","26,900,000","27,600,000","30,400,000","26,400,000","27,800,000","26,500,000","27,900,000","26,800,000","34,500,000","33,700,000","34,600,000","32,400,000","32,400,000","29,100,000","31,300,000","23,300,000","24,400,000","23,200,000","23,700,000","20,600,000","22,700,000","21,700,000","23,500,000","17,400,000","23,000,000","21,900,000","23,900,000","22,700,000","23,400,000","19,400,000","21,800,000","22,500,000","21,400,000","20,100,000","20,700,000","4,500,000","17,400,000","17,400,000",,,,,,,,,,,,,,,
	SpecialIncomeCharges,,,,,,,,,,,,,,,,,,,"0","0",,,"0","-197,000,000",,,,"-32,000,000","51,000,000",,,,,,,,,,,,,,,,,,,,,,,,,,"-211,000,000","74,000,000","74,000,000","72,000,000","76,129,000","102,704,000","70,316,000","55,851,000","65,017,000","58,819,000","60,851,000","53,838,000","61,302,000","47,350,000","44,970,000","42,732,000","45,453,000","45,000,000","43,002,000","39,487,000","40,801,000","42,576,000","36,081,000","35,632,000","37,326,000","35,006,000","35,341,000","33,304,000","29,050,000","32,317,000","35,368,000","37,155,000","27,745,000","16,343,000","22,493,000","31,162,000","32,800,000","27,000,000","22,000,000","27,200,000","22,200,000","26,900,000","27,600,000","30,400,000","26,400,000","27,800,000","26,500,000","27,900,000","26,800,000","34,500,000","33,700,000","34,600,000","32,400,000","32,400,000","29,100,000","31,300,000","23,300,000","24,400,000","23,200,000","23,700,000","20,600,000","22,700,000","21,700,000","23,500,000","17,400,000","23,000,000","21,900,000","23,900,000","22,700,000","23,400,000","19,400,000","21,800,000","22,500,000","21,400,000","20,100,000","20,700,000","4,500,000","17,400,000","17,400,000",,,,,,,,,,,,,,,
		RestructuringAndMergernAcquisition,,,,,,,,,,,,,,,,,,,,,,,,,,,,,,,,,,,,,,,,,,,,,,,,,,,,,,,,,,,"-75,000","-33,925,000",,,,,,,,,,,,,,,,,,,,,,,,,,,,,,,,,,,,,,,,,,,,,,,,,,,,,,,,,,,,,,,,,,,,,,,,,,,,,,,,,,,,,,,,
		ImpairmentOfCapitalAssets,,,,,,,,,,,,,,,,,,,"0","0",,,"0","197,000,000",,,,,,,,,,,,,,,,,,,,,,,,,,,,,,,,,,,,,,,,,,,,,,,,,,,,,,,,,,,,,,,,,,,,,,,,,,,,,,,,,,,,,,,,,,,,,,,,,,,,,,,,,,,,,,,,,,,,,,,,,,,,
		OtherSpecialCharges,,,,,,,,,,,,,,,,,,,,,,,,,,,,"32,000,000","-51,000,000",,,,,,,,,,,,,,,,,,,,,,,,,,,,,,"-76,054,000","-68,779,000",,,,,,,,,,,,,,,,,,,,,,,,,,,,,,,,,,,,,,,,,,,,,,,,,,,,,,,,,,,,,,,,,,,,,,,,,,,,,,,,,,,,,,,,
PretaxIncome,"506,000,000","38,000,000","266,000,000","91,000,000","111,000,000","-222,000,000","-18,000,000","58,000,000","-421,000,000","-847,000,000","263,000,000","173,000,000","193,000,000","53,000,000","310,000,000","80,000,000","218,000,000","125,000,000","319,000,000","180,000,000","188,000,000","103,000,000","393,000,000","25,000,000","191,000,000","75,000,000","293,000,000","125,000,000","345,000,000","212,000,000","431,000,000","228,000,000","296,000,000","230,000,000","437,000,000","218,000,000","298,000,000","236,000,000","456,000,000","239,000,000","250,000,000","240,000,000","379,000,000","209,000,000","290,000,000","241,000,000","373,000,000","190,000,000","240,000,000","188,000,000","277,000,000","134,000,000","170,000,000","115,000,000","123,000,000","94,000,000","269,000,000","196,000,000","354,704,000","271,602,000","292,949,000","253,745,000","379,045,000","221,170,000","292,351,000","213,087,000","307,440,000","163,012,000","241,793,000","172,980,000","236,475,000","122,913,000","175,266,000","112,627,000","171,046,000","74,569,000","108,071,000","44,455,000","98,334,000","30,300,000","59,193,000","7,797,000","83,339,000","17,095,000","63,499,000","40,555,000","44,348,000","-5,520,000","74,501,000","53,689,000","109,200,000","55,000,000","116,200,000","51,700,000","108,600,000","63,200,000","113,100,000","52,800,000","97,500,000","59,600,000","96,700,000","53,300,000","70,800,000","55,700,000","74,100,000","45,200,000","89,000,000","48,500,000","89,100,000","45,700,000","115,500,000","63,100,000","104,200,000","52,800,000","100,300,000","42,100,000","70,200,000","18,400,000","81,100,000","37,700,000","68,000,000","35,300,000","64,000,000","31,300,000","80,500,000","41,400,000","70,100,000","31,500,000","56,100,000","20,600,000","46,900,000","34,800,000","61,200,000",,,,,,,,,,,,,,,
TaxProvision,"142,000,000","18,000,000","66,000,000","27,000,000","31,000,000","-56,000,000","-51,000,000","5,000,000","-166,000,000","-326,000,000","71,000,000","47,000,000","52,000,000","16,000,000","62,000,000","13,000,000","56,000,000","38,000,000","168,000,000","66,000,000","78,000,000","40,000,000","192,000,000","35,000,000","74,000,000","29,000,000","113,000,000","44,000,000","134,000,000","84,000,000","176,000,000","86,000,000","113,000,000","90,000,000","169,000,000","81,000,000","114,000,000","91,000,000","172,000,000","93,000,000","94,000,000","91,000,000","143,000,000","82,000,000","115,000,000","96,000,000","141,000,000","71,000,000","94,000,000","72,000,000","105,000,000","51,000,000","65,000,000","34,000,000","55,000,000","23,000,000","92,000,000","77,000,000","142,655,000","105,878,000","112,519,000","96,948,000","146,704,000","85,497,000","113,597,000","81,856,000","117,010,000","55,559,000","92,875,000","68,442,000","96,495,000","45,085,000","68,351,000","43,900,000","66,700,000","29,100,000","42,200,000","17,300,000","38,300,000","11,873,000","22,858,000","19,010,000","32,600,000","6,600,000","24,800,000","15,800,000","17,300,000","-2,200,000","29,100,000","20,900,000","42,600,000","21,400,000","45,400,000","20,200,000","42,100,000","24,500,000","43,900,000","20,500,000","38,400,000","23,500,000","38,100,000","21,000,000","28,000,000","21,700,000","29,300,000","17,900,000","34,900,000","19,100,000","35,200,000","18,000,000","45,600,000","25,000,000","41,200,000","20,800,000","39,300,000","16,600,000","27,500,000","7,100,000","31,200,000","14,300,000","26,300,000","13,700,000","23,200,000","11,900,000","30,600,000","15,700,000","23,800,000","11,100,000","20,200,000","7,400,000","15,500,000","12,800,000","22,700,000",,,,,,,,,,,,,,,
NetIncomeCommonStockholders,"364,000,000","20,000,000","200,000,000","64,000,000","80,000,000","-166,000,000","33,000,000","53,000,000","-255,000,000","-521,000,000","192,000,000","126,000,000","141,000,000","37,000,000","248,000,000","67,000,000","162,000,000","87,000,000","151,000,000","114,000,000","110,000,000","63,000,000","201,000,000","-10,000,000","117,000,000","46,000,000","180,000,000","81,000,000","211,000,000","128,000,000","255,000,000","142,000,000","183,000,000","140,000,000","268,000,000","137,000,000","184,000,000","145,000,000","284,000,000","146,000,000","156,000,000","149,000,000","236,000,000","127,000,000","175,000,000","145,000,000","232,000,000","119,000,000","146,000,000","116,000,000","172,000,000","83,000,000","105,000,000","81,000,000","68,000,000","71,000,000","143,000,000","119,000,000","212,049,000","165,724,000","180,430,000","156,797,000","232,341,000","135,673,000","178,754,000","131,231,000","190,430,000","107,453,000","148,918,000","104,538,000","139,980,000","77,828,000","106,915,000","68,727,000","104,346,000","45,469,000","65,871,000","27,155,000","60,034,000","18,427,000","36,335,000","-24,572,000","50,739,000","10,495,000","38,699,000","24,755,000","27,048,000","-3,320,000","45,401,000","32,789,000","66,600,000","33,600,000","70,800,000","31,500,000","66,500,000","38,700,000","69,200,000","32,300,000","59,100,000","36,100,000","58,600,000","32,300,000","42,800,000","34,000,000","44,800,000","25,800,000","54,100,000","29,400,000","53,900,000","27,700,000","69,900,000","38,100,000","63,000,000","32,000,000","61,000,000","25,500,000","42,700,000","11,300,000","49,900,000","23,400,000","41,700,000","21,600,000","40,800,000","19,400,000","49,900,000","25,700,000","46,300,000","20,400,000","35,900,000","13,200,000","31,400,000","22,000,000","38,500,000",,,,,,,,,,,,,,,
	NetIncome,"364,000,000","20,000,000","200,000,000","64,000,000","80,000,000","-166,000,000","33,000,000","53,000,000","-255,000,000","-521,000,000","192,000,000","126,000,000","141,000,000","37,000,000","248,000,000","67,000,000","162,000,000","87,000,000","151,000,000","114,000,000","110,000,000","63,000,000","201,000,000","-10,000,000","117,000,000","46,000,000","180,000,000","81,000,000","211,000,000","128,000,000","255,000,000","142,000,000","183,000,000","140,000,000","268,000,000","137,000,000","184,000,000","145,000,000","284,000,000","146,000,000","156,000,000","149,000,000","236,000,000","127,000,000","175,000,000","145,000,000","232,000,000","119,000,000","146,000,000","116,000,000","172,000,000","83,000,000","105,000,000","81,000,000","68,000,000","71,000,000","143,000,000","119,000,000","212,049,000","165,724,000","180,430,000","156,797,000","232,341,000","135,673,000","178,754,000","131,231,000","190,430,000","107,453,000","148,918,000","104,538,000","139,980,000","77,828,000","106,915,000","68,727,000","104,346,000","45,469,000","65,871,000","27,155,000","60,034,000","18,427,000","36,335,000","-24,572,000","50,739,000","10,495,000","38,699,000","24,755,000","27,048,000","-3,320,000","45,401,000","32,789,000","66,600,000","33,600,000","70,800,000","31,500,000","66,500,000","38,700,000","69,200,000","32,300,000","59,100,000","36,100,000","58,600,000","32,300,000","42,800,000","34,000,000","44,800,000","25,800,000","54,100,000","29,400,000","53,900,000","27,700,000","69,900,000","38,100,000","63,000,000","32,000,000","61,000,000","25,500,000","42,700,000","11,300,000","49,900,000","23,400,000","41,700,000","21,600,000","40,800,000","19,400,000","49,900,000","25,700,000","46,300,000","20,400,000","35,900,000","13,200,000","31,400,000","22,000,000","38,500,000",,,,,,,,,,,,,,,
		NetIncomeIncludingNoncontrollingInterests,"364,000,000","20,000,000","200,000,000","64,000,000","80,000,000","-166,000,000","33,000,000","53,000,000","-255,000,000","-521,000,000","192,000,000","126,000,000","141,000,000","37,000,000","248,000,000","67,000,000","162,000,000","87,000,000","151,000,000","114,000,000","110,000,000","63,000,000","201,000,000","-10,000,000","117,000,000","46,000,000","180,000,000","81,000,000","211,000,000","128,000,000","255,000,000","142,000,000","183,000,000","140,000,000","268,000,000","137,000,000","184,000,000","145,000,000","284,000,000","146,000,000","156,000,000","149,000,000","236,000,000","127,000,000","175,000,000","145,000,000","232,000,000","119,000,000","146,000,000","116,000,000","172,000,000","83,000,000","105,000,000","81,000,000","68,000,000","71,000,000","143,000,000","119,000,000","212,049,000","165,724,000","180,430,000","156,797,000","232,341,000","135,673,000","178,754,000","131,231,000","190,430,000","107,453,000","148,918,000","104,538,000","139,980,000","77,828,000","106,915,000","68,727,000","104,346,000","45,469,000","65,871,000","27,155,000","60,034,000","18,427,000","47,456,000","17,475,000","50,739,000","10,495,000","38,699,000","24,755,000","27,048,000","-3,320,000","45,401,000","32,789,000","66,600,000","33,600,000","70,800,000","31,500,000","66,500,000","38,700,000","69,200,000","32,300,000","59,100,000","36,100,000","58,600,000","32,300,000","42,800,000","34,000,000","44,800,000","25,800,000","54,100,000","29,400,000","53,900,000","27,700,000","69,900,000","38,100,000","63,000,000","32,000,000","61,000,000","25,500,000","42,700,000","11,300,000","49,900,000","23,400,000","41,700,000","21,600,000","40,800,000","19,400,000","49,900,000","25,700,000","46,300,000","20,400,000","35,900,000","13,200,000","31,400,000","22,000,000","38,500,000","23,000,000","47,500,000","19,900,000","36,700,000","19,200,000","33,300,000","19,800,000","24,500,000","15,200,000","26,200,000","16,700,000","20,500,000","9,400,000","18,700,000","10,100,000"
			NetIncomeContinuousOperations,"364,000,000","20,000,000","200,000,000","64,000,000","80,000,000","-166,000,000","33,000,000","53,000,000","-255,000,000","-521,000,000","192,000,000","126,000,000","141,000,000","37,000,000","248,000,000","67,000,000","162,000,000","87,000,000","151,000,000","114,000,000","110,000,000","63,000,000","201,000,000","-10,000,000","117,000,000","46,000,000","180,000,000","81,000,000","211,000,000","128,000,000","255,000,000","142,000,000","183,000,000","140,000,000","268,000,000","137,000,000","184,000,000","145,000,000","284,000,000","146,000,000","156,000,000","149,000,000","236,000,000","127,000,000","175,000,000","145,000,000","232,000,000","119,000,000","146,000,000","116,000,000","172,000,000","83,000,000","105,000,000","81,000,000","68,000,000","71,000,000","143,000,000","119,000,000","212,049,000","165,724,000","180,430,000","156,797,000","232,341,000","135,673,000","178,754,000","131,231,000","190,430,000","107,453,000","148,918,000","104,538,000","139,980,000","77,828,000","106,915,000","68,727,000","104,346,000","45,469,000","65,871,000","27,155,000","60,034,000","18,427,000","36,335,000","-11,213,000","50,739,000","10,495,000","38,699,000","24,755,000","27,048,000","-3,320,000","45,401,000","32,789,000","66,600,000","33,600,000","70,800,000","31,500,000","66,500,000","38,700,000","69,200,000","32,300,000","59,100,000","36,100,000","58,600,000","32,300,000","42,800,000","34,000,000","44,800,000","27,300,000","54,100,000","29,400,000","53,900,000","27,700,000","69,900,000","38,100,000","63,000,000","32,000,000","61,000,000","25,500,000","42,700,000","11,300,000","49,900,000","23,400,000","41,700,000","21,600,000","40,800,000","19,400,000","49,900,000","25,700,000","46,300,000","20,400,000","35,900,000","13,200,000","31,400,000","22,000,000","38,500,000","23,000,000","47,500,000","19,900,000","36,700,000","19,200,000","33,300,000","19,800,000","24,500,000","15,200,000","26,200,000","16,700,000","20,500,000","9,400,000","18,700,000","10,100,000"
			NetIncomeExtraordinary,,,,,,,,,,,,,,,,,,,,,,,,,,,,,,,,,,,,,,,,,,,,,,,,,,,,,,,,,,,,,,,,,,,,,,,,,,,,,,,"0",,,"-13,359,000",,,,,,,,,,,,,,,,,,,,,,,,,,,,,,,,,,,,,,,,,,,,,,,,,,,,,,,,,,,,,,,,,,
			NetIncomeFromTaxLossCarryforward,,,,,,,,,,,,,,,,,,,,,,,,,,,,,,,,,,,,,,,,,,,,,,,,,,,,,,,,,,,,,,,,,,,,,,,,,,,,,,,,,,,,,,,,,,,,,,,,,,,,,,,,,,"-1,500,000",,,,,,,,,,,,,,,,,,,,,,,,,,,,,,,,,,,,,,,,,,
		MinorityInterests,,,,,,,,,,,,,,,,,,,,,,,,,,,,,,,,,,,,,,,,,,,,,,,,,,,,,,,,,,,,,,,,,,,,,,,,,,,,,,,"0",,"-11,121,000","-42,047,000",,,,,,,,,,,,,,,,,,,,,,,,,,,,,,,,,,,,,,,,,,,,,,,,,,,,,,,,,,,,,,,,,,
DilutedNIAvailtoComStockholders,"364,000,000","20,000,000","200,000,000","64,000,000","80,000,000","-166,000,000","33,000,000","53,000,000","-255,000,000","-521,000,000","192,000,000","126,000,000","141,000,000","37,000,000","248,000,000","67,000,000","162,000,000","87,000,000","151,000,000","114,000,000","110,000,000","63,000,000","201,000,000","-10,000,000","117,000,000","46,000,000","180,000,000","81,000,000","211,000,000","128,000,000","255,000,000","142,000,000","183,000,000","140,000,000","268,000,000","137,000,000","184,000,000","145,000,000","284,000,000","146,000,000","156,000,000","149,000,000","236,000,000","127,000,000","175,000,000","145,000,000","232,000,000","119,000,000","146,000,000","116,000,000","172,000,000","83,000,000","105,000,000","81,000,000","68,000,000","71,000,000","143,000,000","119,000,000","212,049,000","165,724,000","180,430,000","156,797,000","232,341,000","135,673,000","178,754,000","131,231,000","190,430,000","107,453,000","148,918,000","104,538,000","139,980,000","77,828,000","106,915,000","68,727,000","104,346,000","45,469,000","65,871,000","27,155,000","60,034,000","18,427,000","36,335,000","-24,572,000","50,739,000","10,495,000","38,699,000","24,755,000","27,048,000","-3,320,000","45,401,000","32,789,000","66,600,000","33,600,000","70,800,000","31,500,000","66,500,000","38,700,000","69,200,000","32,300,000","59,100,000","36,100,000","58,600,000","32,300,000","42,800,000","34,000,000","44,800,000","25,800,000","54,100,000","29,400,000","53,900,000","27,700,000","69,900,000","38,100,000","63,000,000","32,000,000","61,000,000","25,500,000","42,700,000","11,300,000","49,900,000","23,400,000","41,700,000","21,600,000","40,800,000","19,400,000","49,900,000","25,700,000","46,300,000","20,400,000","35,900,000","13,200,000","31,400,000","22,000,000","38,500,000",,,,,,,,,,,,,,,
BasicEPS,,"0.13",,"0.4","0.5","-1.05","0.21","0.34","-1.62","-3.33","1.24","0.81","0.91","0.24","1.5","0.4","0.97","0.52","0.9","0.68","0.66","0.38","1.17","-0.06","0.67","0.27","1.01","0.43","1.11","0.67","1.35","0.74","0.97","0.74","1.39","0.7","0.94","0.74","1.43","0.73","0.76","0.72","1.13","0.6","0.81","0.66",,"0.54","0.67","0.53",,"0.38","0.49","0.38",,"0.33","0.66","0.54",,"0.69","0.72","0.61",,"0.53","0.68","0.49",,"0.4","0.54","0.385",,"0.275","0.38","0.245",,"0.165","0.24","0.1",,"0.07","0.135","-0.09",,"0.04","0.145","0.09",,"-0.015","0.175","0.125",,"0.125","0.255","0.11",,"0.135","0.235","0.11",,"0.12","0.19","0.105",,"0.105","0.14","0.075",,"0.09","0.165","0.085",,"0.115","0.195","0.1",,"0.08","0.13","0.035",,"0.075","0.13","0.065",,"0.06","0.155","0.08",,"0.065","0.11","0.04",,"0.07","0.12","0.07",,"0.06","0.115","0.06",,"0.06","0.075","0.05",,"0.055","0.065","0.035",,"0.035"
DilutedEPS,,"0.13",,"0.39","0.49","-1.05","0.21","0.34","-1.62","-3.33","1.23","0.81","0.9","0.23","1.48","0.39","0.95","0.51","0.89","0.67","0.65","0.37","1.15","-0.06","0.67","0.26","1","0.42","1.09","0.66","1.32","0.73","0.95","0.72","1.37","0.69","0.93","0.73","1.4","0.71","0.75","0.7","1.11","0.59","0.8","0.65",,"0.53","0.66","0.52",,"0.38","0.48","0.37",,"0.33","0.65","0.54",,"0.68","0.71","0.6",,"0.52","0.67","0.48",,"0.39","0.53","0.375",,"0.27","0.375","0.24",,"0.165","0.24","0.1",,"0.07","0.135","-0.09",,"0.04","0.145","0.09",,"-0.015","0.175","0.125",,"0.125","0.255","0.11",,"0.135","0.235","0.11",,"0.12","0.19","0.105",,"0.105","0.14","0.075",,"0.09","0.165","0.085",,"0.115","0.195","0.1",,"0.08","0.13","0.035",,"0.075","0.13","0.065",,"0.06","0.155","0.08",,"0.065","0.11","0.04",,"0.07","0.12","0.07",,"0.06","0.115","0.06",,"0.06","0.075","0.05",,"0.055","0.065","0.035",,"0.035"
BasicAverageShares,,"160,100,000",,"159,200,000","159,000,000","158,500,000","157,900,000","157,500,000","157,200,000","156,400,000","155,500,000","155,200,000","155,000,000","155,000,000","164,800,000","168,800,000","167,800,000","167,800,000","166,900,000","166,600,000","166,400,000","167,300,000","172,700,000","173,400,000","173,500,000","173,100,000","178,100,000","187,200,000","189,400,000","190,600,000","189,900,000","190,700,000","189,600,000","189,800,000","192,700,000","194,300,000","195,500,000","195,600,000","198,900,000","200,900,000","205,200,000","207,300,000","208,200,000","210,900,000","215,900,000","219,000,000",,"219,000,000","219,200,000","218,400,000",,"217,100,000","216,500,000","215,900,000",,"215,600,000","216,500,000","218,600,000",,"241,521,000","251,022,000","257,948,000",,"256,757,000","261,512,000","267,490,000",,"271,599,000","273,379,000","273,070,000",,"281,396,000","281,470,000","278,220,000",,"272,607,674","274,462,500","271,550,000",,"263,242,857","269,148,148","273,022,222",,"262,375,000","266,889,655","275,055,556",,"221,333,333","259,434,286","262,312,000",,"268,800,000","277,647,059","286,363,636",,"286,666,667","294,468,085","293,636,364",,"300,833,333","308,421,053","307,619,048",,"323,809,524","320,000,000","344,000,000",,"326,666,667","326,666,667","325,882,353",,"331,304,348","323,076,923","320,000,000",,"318,750,000","328,461,538","322,857,143",,"312,000,000","320,769,231","332,307,692",,"323,333,333","321,935,484","321,250,000",,"313,846,154","326,363,636","330,000,000",,"314,285,714","320,833,333","325,716,000",,"325,644,000","325,484,000","325,148,000",,"324,604,000","324,440,000","323,840,000",,"323,712,000","298,032,000","298,016,000",,"297,856,000"
DilutedAverageShares,,"162,900,000",,"162,500,000","162,800,000","158,500,000","160,900,000","158,200,000","157,200,000","156,400,000","156,600,000","155,800,000","155,600,000","156,200,000","167,100,000","172,400,000","170,300,000","170,200,000","169,400,000","168,800,000","168,500,000","169,100,000","175,700,000","173,400,000","174,800,000","175,700,000","180,700,000","191,300,000","193,500,000","194,900,000","194,300,000","194,700,000","192,700,000","192,700,000","195,800,000","197,300,000","198,800,000","199,000,000","202,400,000","204,700,000","208,700,000","211,400,000","212,300,000","215,000,000","220,300,000","223,300,000",,"222,500,000","222,800,000","222,400,000",,"220,700,000","218,800,000","217,400,000",,"218,100,000","219,500,000","221,700,000",,"245,344,000","255,354,000","262,731,000",,"261,616,000","266,226,000","272,831,000",,"277,293,000","279,169,000","278,394,000",,"286,298,000","286,994,000","283,950,000",,"276,206,200","274,462,500","271,550,000",,"263,242,857","269,148,148","273,022,222",,"262,375,000","266,889,655","275,055,556",,"221,333,333","259,434,286","262,312,000",,"268,800,000","277,647,059","286,363,636",,"286,666,667","294,468,085","293,636,364",,"300,833,333","308,421,053","307,619,048",,"323,809,524","320,000,000","344,000,000",,"326,666,667","326,666,667","325,882,353",,"331,304,348","323,076,923","320,000,000",,"318,750,000","328,461,538","322,857,143",,"312,000,000","320,769,231","332,307,692",,"323,333,333","321,935,484","321,250,000",,"313,846,154","326,363,636","330,000,000",,"314,285,714","320,833,333","325,716,000",,"325,644,000","325,484,000","325,148,000",,"324,604,000","324,440,000","323,840,000",,"323,712,000","298,032,000","298,016,000",,"297,856,000"
TotalExpenses,"14,699,000,000","3,496,000,000","4,187,000,000","3,510,000,000","3,506,000,000","3,094,000,000","3,615,000,000","2,983,000,000","2,232,000,000","2,932,000,000","4,238,000,000","3,479,000,000","3,656,000,000","3,366,000,000","4,150,000,000","3,643,000,000","3,821,000,000","3,408,000,000","4,351,000,000","3,421,000,000","3,576,000,000","3,203,000,000","3,892,000,000","3,290,000,000","3,430,000,000","3,143,000,000","3,850,000,000","3,141,000,000","3,375,000,000","2,970,000,000","3,578,000,000","2,878,000,000","3,061,000,000","2,666,000,000","3,224,000,000","2,631,000,000","2,861,000,000","2,474,000,000","3,204,000,000","2,531,000,000","2,719,000,000","2,349,000,000","2,849,000,000","2,238,000,000","2,490,000,000","2,051,000,000","2,510,000,000","1,961,000,000","2,243,000,000","1,868,000,000","2,330,000,000","1,791,000,000","2,026,000,000","1,646,000,000","2,226,000,000","1,752,000,000","2,092,000,000","1,724,000,000","2,206,042,000","1,781,138,000","2,150,054,000","1,748,766,000","2,309,071,000","1,698,333,000","2,026,185,000","1,617,223,000","2,038,171,000","1,540,220,000","1,898,711,000","1,511,668,000","1,896,153,000","1,450,677,000","1,807,125,000","1,425,666,000","1,784,395,000","1,361,936,000","1,696,851,000","1,314,488,000","1,668,143,000","1,307,075,000","1,600,950,000","1,209,172,000","1,558,480,000","1,236,529,000","1,498,349,000","1,195,136,000","1,642,733,000","1,260,164,000","1,383,154,000","1,110,513,000","1,442,400,000","1,069,000,000","1,336,700,000","1,002,600,000","1,346,700,000","1,045,300,000","1,350,700,000","1,007,600,000","1,372,800,000","1,050,300,000","1,274,800,000","920,800,000","1,268,900,000","954,000,000","1,190,700,000","885,900,000","1,174,500,000","879,900,000","1,079,600,000","793,600,000","1,091,000,000","815,600,000","991,300,000","725,000,000","1,019,100,000","740,600,000","959,300,000","690,800,000","994,700,000","711,600,000","894,200,000","640,700,000","923,300,000","667,100,000","831,300,000","579,100,000","840,600,000","610,900,000","753,300,000","543,200,000","802,100,000","543,000,000","672,700,000",,,,,,,,,,,,,,,
NetIncomeFromContinuingAndDiscontinuedOperation,"364,000,000","20,000,000","200,000,000","64,000,000","80,000,000","-166,000,000","33,000,000","53,000,000","-255,000,000","-521,000,000","192,000,000","126,000,000","141,000,000","37,000,000","248,000,000","67,000,000","162,000,000","87,000,000","151,000,000","114,000,000","110,000,000","63,000,000","201,000,000","-10,000,000","117,000,000","46,000,000","180,000,000","81,000,000","211,000,000","128,000,000","255,000,000","142,000,000","183,000,000","140,000,000","268,000,000","137,000,000","184,000,000","145,000,000","284,000,000","146,000,000","156,000,000","149,000,000","236,000,000","127,000,000","175,000,000","145,000,000","232,000,000","119,000,000","146,000,000","116,000,000","172,000,000","83,000,000","105,000,000","81,000,000","68,000,000","71,000,000","143,000,000","119,000,000","212,049,000","165,724,000","180,430,000","156,797,000","232,341,000","135,673,000","178,754,000","131,231,000","190,430,000","107,453,000","148,918,000","104,538,000","139,980,000","77,828,000","106,915,000","68,727,000","104,346,000","45,469,000","65,871,000","27,155,000","60,034,000","18,427,000","36,335,000","-11,213,000","50,739,000","10,495,000","38,699,000","24,755,000","27,048,000","-3,320,000","45,401,000","32,789,000","66,600,000","33,600,000","70,800,000","31,500,000","66,500,000","38,700,000","69,200,000","32,300,000","59,100,000","36,100,000","58,600,000","32,300,000","42,800,000","34,000,000","44,800,000","27,300,000","54,100,000","29,400,000","53,900,000","27,700,000","69,900,000","38,100,000","63,000,000","32,000,000","61,000,000","25,500,000","42,700,000","11,300,000","49,900,000","23,400,000","41,700,000","21,600,000","40,800,000","19,400,000","49,900,000","25,700,000","46,300,000","20,400,000","35,900,000","13,200,000","31,400,000","22,000,000","38,500,000",,,,,,,,,,,,,,,
NormalizedIncome,"364,000,000","20,000,000","200,000,000","64,000,000","80,000,000","-166,000,000","33,000,000","53,000,000","-255,000,000","-521,000,000","192,000,000","126,000,000","141,000,000","37,000,000","248,000,000","67,000,000","162,000,000","87,000,000","151,000,000","114,000,000","110,000,000","63,000,000","201,000,000","108,200,000","117,000,000","46,000,000","180,000,000","101,736,000","179,839,000","128,000,000","255,000,000","142,000,000","183,000,000","140,000,000","268,000,000","137,000,000","184,000,000","145,000,000","284,000,000","146,000,000","156,000,000","149,000,000","236,000,000","127,000,000","175,000,000","145,000,000","232,000,000","119,000,000","146,000,000","116,000,000","172,000,000","83,000,000","105,000,000","81,000,000","205,150,000","15,106,382.979","94,308,550.186","75,285,714.286","166,371,600","103,056,870.539","137,121,724.908","122,284,914.059","192,487,909.214","99,591,478.153","141,547,492.569","98,074,521.294","152,459,209.407","76,241,190.133","121,221,406.385","78,713,524.246","112,708,200","49,334,187.303","80,683,107.733","44,631,329.788","79,455,496.007","19,507,968.687","43,879,054.418","5,389,462.715","37,246,062.115","-2,861,962.442","14,641,299.14","-31,195,400","33,052,587.276","-9,345,123.72","17,144,231.704","2,075,379.115","10,126,227.654","-13,149,485.507","31,693,738.446","13,757,712.064","46,595,604.396","17,105,454.545","57,395,524.957","14,927,466.151","52,906,077.348","22,228,006.329","52,312,997.347","13,703,030.303","43,097,538.462","19,261,409.396","42,541,054.809","15,392,495.31","26,598,870.056","12,940,754.039","24,425,371.12","6,402,212.389","34,405,168.539","9,759,587.629","36,296,296.296","8,728,227.571","55,798,961.039","23,367,194.929","48,973,128.599","17,636,363.636","48,471,585.244","11,750,593.824","29,500,712.251","-3,132,065.217","39,193,958.076","9,124,137.931","28,270,147.059","6,975,637.394","26,328,750","4,896,485.623","37,874,409.938","12,167,149.758","31,439,087.019","6,540,952.381","23,037,433.155","-64,077.67","28,387,206.823","11,000,000","27,553,921.569",,,,,,,,,,,,,,,
InterestExpense,"145,000,000","35,000,000","34,000,000","36,000,000","40,000,000","137,000,000","51,000,000","48,000,000","51,000,000","34,000,000","46,000,000","20,000,000","23,000,000","24,000,000","38,000,000","25,000,000","28,000,000","28,000,000","37,000,000","28,000,000","29,000,000","48,000,000","32,000,000","30,000,000","30,000,000","31,000,000","31,000,000","30,000,000","32,000,000","33,000,000","35,000,000","34,000,000","35,000,000","35,000,000","51,000,000","35,000,000","37,000,000","39,000,000","44,000,000","38,000,000","40,000,000","40,000,000","38,000,000",,"30,000,000",,,"31,000,000","32,000,000","31,000,000",,"38,000,000","36,000,000",,,,,,,,,,,,,,,,,,,,,,,,,,,,,,,,,,,,,,,,,,,,,,,,,,,,,,,,,,,,,,,,,,,,,,,,,,,,,,,,,,,,,,,,,,,,,,,
NetInterestIncome,"-144,000,000","-35,000,000","-33,000,000","-36,000,000","-40,000,000","-137,000,000","-48,000,000","-48,000,000","-51,000,000","-34,000,000","-36,000,000","-20,000,000","-23,000,000","-24,000,000","-23,000,000","-25,000,000","-28,000,000","-28,000,000","-32,000,000","-28,000,000","-29,000,000","-48,000,000","-31,000,000","-30,000,000","-30,000,000","-31,000,000","-31,000,000","-30,000,000","-32,000,000","-33,000,000","-34,000,000","-34,000,000","-35,000,000","-35,000,000","-50,000,000","-35,000,000","-37,000,000","-39,000,000","-42,000,000","-38,000,000","-40,000,000","-40,000,000","-38,000,000","-31,000,000","-30,000,000","-31,000,000","-33,000,000","-31,000,000","-32,000,000","-31,000,000","-40,000,000","-38,000,000","-36,000,000","-31,000,000",,,,,,,,,,,,,,,,,,,,,,,,,,,,,,,,,,,,,,,,,,,,,,,,,,,,,,,,,,,,,,,,,,,,,,,,,,,,,,,,,,,,,,,,,,,,,,
EBIT,"651,000,000","73,000,000","300,000,000","127,000,000","151,000,000","-85,000,000","33,000,000","106,000,000","-370,000,000","-813,000,000","309,000,000","193,000,000","216,000,000","77,000,000","348,000,000","105,000,000","246,000,000","153,000,000","356,000,000","208,000,000","217,000,000","151,000,000","425,000,000","55,000,000","221,000,000","106,000,000","324,000,000","155,000,000","377,000,000","245,000,000","466,000,000","262,000,000","331,000,000","265,000,000","488,000,000","253,000,000","335,000,000","275,000,000","500,000,000","277,000,000","290,000,000","280,000,000","419,000,000","240,000,000","320,000,000","272,000,000","412,000,000","221,000,000","272,000,000","219,000,000","320,000,000","172,000,000","206,000,000","146,000,000","376,000,000","53,000,000","195,000,000","155,000,000","308,144,000","189,306,000","239,444,000","205,106,000","321,833,000","173,770,000","244,283,000","170,000,000","257,647,000","125,910,000","207,727,000","142,806,000","204,190,000","91,398,000","146,355,000","109,824,000","148,154,000","58,674,000","98,124,000","29,051,000","82,443,000","16,126,000","54,578,000","36,589,000","72,610,000","2,712,000","47,410,000","22,904,000","35,714,000","-5,868,000","66,304,000","35,823,000","89,200,000","41,100,000","106,700,000","36,500,000","99,400,000","49,000,000","96,600,000","32,600,000","81,900,000","39,500,000","78,500,000","32,900,000","52,300,000","30,400,000","50,800,000","20,100,000","67,300,000","26,900,000","69,600,000","22,000,000","100,000,000","46,400,000","88,200,000","37,100,000","88,300,000","28,800,000","58,300,000","4,800,000","74,600,000","25,700,000","57,400,000","23,100,000","54,700,000","20,000,000","72,800,000","31,500,000","61,600,000","24,000,000","48,500,000","11,800,000","55,400,000","29,400,000","56,400,000","512,200,000","-1,382,000,000","485,800,000","644,900,000","432,100,000","-1,177,300,000","411,300,000","538,400,000","369,400,000","-974,400,000","359,100,000","448,800,000","302,200,000","-784,800,000","292,100,000"
EBITDA,"1,435,000,000"
ReconciledCostOfRevenue,"9,656,000,000","2,331,000,000","2,698,000,000","2,294,000,000","2,332,000,000","2,019,000,000","2,365,000,000","2,019,000,000","1,406,000,000","1,810,000,000","2,883,000,000","2,344,000,000","2,476,000,000","2,228,000,000","2,844,000,000","2,435,000,000","2,589,000,000","2,288,000,000","2,969,000,000","2,315,000,000","2,451,000,000","2,155,000,000","2,720,000,000","2,261,000,000","2,359,000,000","2,100,000,000","2,700,000,000","2,142,000,000","2,327,000,000","1,999,000,000","2,494,000,000","1,961,000,000","2,130,000,000","1,822,000,000","2,269,000,000","1,791,000,000","2,004,000,000","1,673,000,000","2,239,000,000","1,730,000,000","1,879,000,000","1,584,000,000","1,973,000,000","1,511,000,000","1,723,000,000","1,385,000,000","1,758,000,000","1,331,000,000","1,565,000,000","1,243,000,000","1,593,000,000","1,210,000,000","1,418,000,000","1,107,000,000","1,565,000,000","1,185,000,000","1,488,000,000","1,179,000,000","1,568,822,000","1,228,506,000","1,513,920,000","1,214,752,000","1,624,190,000","1,160,123,000","1,446,633,000","1,123,003,000","1,435,891,000","1,058,452,000","1,347,515,000","1,046,165,000","1,330,656,000","984,908,000","1,270,892,000","970,460,000","1,221,988,000","911,314,000","1,192,195,000","888,458,000","1,168,963,000","873,847,000","1,104,265,000","824,297,000","1,089,560,000","836,961,000","1,040,908,000","798,430,000","1,074,125,000","774,769,000","908,480,000","700,192,000","961,100,000","670,800,000","897,300,000","643,200,000","909,400,000","672,900,000","928,300,000","657,200,000","957,400,000","681,900,000","886,800,000","609,900,000","898,400,000","624,700,000","823,800,000","579,000,000","822,700,000","577,100,000","748,100,000","524,200,000","764,600,000","540,900,000","698,100,000","485,200,000","723,100,000","498,500,000","686,100,000","458,100,000","709,300,000","471,300,000","627,600,000","428,100,000","658,500,000","439,300,000","587,000,000","388,500,000","610,600,000","410,400,000","532,700,000","360,800,000","581,900,000","368,300,000","482,800,000",,,,,,,,,,,,,,,
ReconciledDepreciation,"784,000,000","199,000,000","183,000,000","196,000,000","206,000,000","205,000,000","199,000,000","206,000,000","216,000,000","222,000,000","240,000,000","200,000,000","249,000,000","165,000,000","171,000,000","160,000,000","169,000,000","169,000,000","187,000,000","159,000,000","159,000,000","161,000,000","165,000,000","161,000,000","164,000,000","155,000,000","152,000,000","147,000,000","140,000,000","137,000,000","132,000,000","132,000,000","126,000,000","118,000,000","122,000,000","112,000,000","111,000,000","109,000,000","115,000,000","107,000,000","106,000,000","101,000,000","139,000,000","81,000,000","79,000,000","72,000,000","123,000,000","69,000,000","71,000,000","64,000,000","68,000,000","69,000,000","67,000,000","67,000,000","59,000,000","96,000,000","64,000,000","62,000,000","60,667,000","56,601,000","55,372,000","60,360,000","67,666,000","58,209,000","60,604,000","61,748,000","62,813,000","58,393,000","59,471,000","62,301,000","61,852,000","56,994,000","58,294,000","56,251,000","58,124,000","54,486,000","53,935,000","56,426,000","56,339,000","52,550,000","51,906,000","50,957,000","54,981,000","53,196,000","49,246,000","51,758,000","51,555,000","49,099,000","45,833,000","45,463,000","49,300,000","47,000,000","46,000,000","45,000,000","49,000,000","44,200,000","42,900,000","41,100,000","43,300,000","42,200,000","37,600,000","36,600,000","39,200,000","40,700,000","38,100,000","38,100,000","37,800,000","35,200,000","31,700,000","29,600,000","31,900,000","28,400,000","25,600,000","24,900,000","28,300,000","25,800,000","24,900,000","24,500,000","27,700,000","26,900,000","24,400,000","23,800,000","26,700,000","24,400,000","23,100,000","21,800,000","23,800,000","22,700,000","19,900,000","19,200,000","20,200,000","17,400,000","16,700,000",,,,,,,,,,,,,,,
NetIncomeFromContinuingOperationNetMinorityInterest,"364,000,000","20,000,000","200,000,000","64,000,000","80,000,000","-166,000,000","33,000,000","53,000,000","-255,000,000","-521,000,000","192,000,000","126,000,000","141,000,000","37,000,000","248,000,000","67,000,000","162,000,000","87,000,000","151,000,000","114,000,000","110,000,000","63,000,000","201,000,000","-10,000,000","117,000,000","46,000,000","180,000,000","81,000,000","211,000,000","128,000,000","255,000,000","142,000,000","183,000,000","140,000,000","268,000,000","137,000,000","184,000,000","145,000,000","284,000,000","146,000,000","156,000,000","149,000,000","236,000,000","127,000,000","175,000,000","145,000,000","232,000,000","119,000,000","146,000,000","116,000,000","172,000,000","83,000,000","105,000,000","81,000,000","68,000,000","71,000,000","143,000,000","119,000,000","212,049,000","165,724,000","180,430,000","156,797,000","232,341,000","135,673,000","178,754,000","131,231,000","190,430,000","107,453,000","148,918,000","104,538,000","139,980,000","77,828,000","106,915,000","68,727,000","104,346,000","45,469,000","65,871,000","27,155,000","60,034,000","18,427,000","36,335,000","-11,213,000","50,739,000","10,495,000","38,699,000","24,755,000","27,048,000","-3,320,000","45,401,000","32,789,000","66,600,000","33,600,000","70,800,000","31,500,000","66,500,000","38,700,000","69,200,000","32,300,000","59,100,000","36,100,000","58,600,000","32,300,000","42,800,000","34,000,000","44,800,000","27,300,000","54,100,000","29,400,000","53,900,000","27,700,000","69,900,000","38,100,000","63,000,000","32,000,000","61,000,000","25,500,000","42,700,000","11,300,000","49,900,000","23,400,000","41,700,000","21,600,000","40,800,000","19,400,000","49,900,000","25,700,000","46,300,000","20,400,000","35,900,000","13,200,000","31,400,000","22,000,000","38,500,000",,,,,,,,,,,,,,,
TotalUnusualItemsExcludingGoodwill,,,,,,,,,,,,,,,,,,,"0","0",,,"0","-197,000,000",,,,"-32,000,000","51,000,000",,,,,,,,,,,,,,,,,,,,,,,,,,"-211,000,000","74,000,000","74,000,000","72,000,000","76,129,000","102,704,000","70,316,000","55,851,000","65,017,000","58,819,000","60,851,000","53,838,000","61,302,000","47,350,000","44,970,000","42,732,000","45,453,000","45,000,000","43,002,000","39,487,000","40,801,000","42,576,000","36,081,000","35,632,000","37,326,000","35,006,000","35,341,000","33,304,000","29,050,000","32,317,000","35,368,000","37,155,000","27,745,000","16,343,000","22,493,000","31,162,000","32,800,000","27,000,000","22,000,000","27,200,000","22,200,000","26,900,000","27,600,000","30,400,000","26,400,000","27,800,000","26,500,000","27,900,000","26,800,000","34,500,000","33,700,000","34,600,000","32,400,000","32,400,000","29,100,000","31,300,000","23,300,000","24,400,000","23,200,000","23,700,000","20,600,000","22,700,000","21,700,000","23,500,000","17,400,000","23,000,000","21,900,000","23,900,000","22,700,000","23,400,000","19,400,000","21,800,000","22,500,000","21,400,000","20,100,000","20,700,000","4,500,000","17,400,000","17,400,000",,,,,,,,,,,,,,,
TotalUnusualItems,,,,,,,,,,,,,,,,,,,"0","0",,,"0","-197,000,000",,,,"-32,000,000","51,000,000",,,,,,,,,,,,,,,,,,,,,,,,,,"-211,000,000","74,000,000","74,000,000","72,000,000","76,129,000","102,704,000","70,316,000","55,851,000","65,017,000","58,819,000","60,851,000","53,838,000","61,302,000","47,350,000","44,970,000","42,732,000","45,453,000","45,000,000","43,002,000","39,487,000","40,801,000","42,576,000","36,081,000","35,632,000","37,326,000","35,006,000","35,341,000","33,304,000","29,050,000","32,317,000","35,368,000","37,155,000","27,745,000","16,343,000","22,493,000","31,162,000","32,800,000","27,000,000","22,000,000","27,200,000","22,200,000","26,900,000","27,600,000","30,400,000","26,400,000","27,800,000","26,500,000","27,900,000","26,800,000","34,500,000","33,700,000","34,600,000","32,400,000","32,400,000","29,100,000","31,300,000","23,300,000","24,400,000","23,200,000","23,700,000","20,600,000","22,700,000","21,700,000","23,500,000","17,400,000","23,000,000","21,900,000","23,900,000","22,700,000","23,400,000","19,400,000","21,800,000","22,500,000","21,400,000","20,100,000","20,700,000","4,500,000","17,400,000","17,400,000",,,,,,,,,,,,,,,
NormalizedEBITDA,"1,435,000,000","272,000,000","483,000,000","323,000,000","357,000,000","120,000,000","232,000,000","312,000,000","-154,000,000","-591,000,000","549,000,000","393,000,000","465,000,000","242,000,000","519,000,000","265,000,000","415,000,000","322,000,000","543,000,000","367,000,000","376,000,000","312,000,000","590,000,000","413,000,000","385,000,000","261,000,000","476,000,000","334,000,000","466,000,000","382,000,000","598,000,000","394,000,000","457,000,000","383,000,000","610,000,000","365,000,000","446,000,000","384,000,000","615,000,000","384,000,000","396,000,000","381,000,000","558,000,000","321,000,000","399,000,000","344,000,000","535,000,000","290,000,000","343,000,000","283,000,000","388,000,000","241,000,000","273,000,000","213,000,000","646,000,000","75,000,000","185,000,000","145,000,000","292,682,000","143,203,000","224,500,000","209,615,000","324,482,000","173,160,000","244,036,000","177,910,000","259,158,000","136,953,000","222,228,000","162,375,000","220,589,000","103,392,000","161,647,000","126,588,000","165,477,000","70,584,000","115,978,000","49,845,000","101,456,000","33,670,000","71,143,000","54,242,000","98,541,000","23,591,000","61,288,000","37,507,000","59,524,000","26,888,000","89,644,000","50,124,000","105,700,000","61,100,000","130,700,000","54,300,000","126,200,000","66,300,000","111,900,000","43,300,000","98,800,000","53,900,000","89,600,000","41,600,000","64,700,000","36,600,000","55,200,000","23,600,000","72,700,000","29,700,000","72,200,000","20,300,000","108,600,000","50,400,000","90,600,000","38,300,000","96,000,000","31,900,000","61,500,000","5,800,000","84,900,000","29,600,000","59,900,000","23,000,000","58,700,000","21,000,000","76,500,000","31,500,000","62,900,000","25,300,000","48,300,000","10,300,000","71,100,000","29,400,000","55,700,000","512,200,000","-1,382,000,000","485,800,000","644,900,000","432,100,000","-1,177,300,000","411,300,000","538,400,000","369,400,000","-974,400,000","359,100,000","448,800,000","302,200,000","-784,800,000","292,100,000"
TaxRateForCalcs,"0.281","0.4","0.248","0.299","0.279","0.254","0.27","0.079","0.395","0.384","0.27","0.269","0.272","0.31","0.2","0.164","0.257","0.304","0.27","0.367","0.4","0.387","0.4","0.4","0.387","0.384","0.386","0.352","0.389","0.398","0.4","0.379","0.38","0.392","0.387","0.372","0.382","0.385","0.377","0.389","0.376","0.379","0.377","0.392","0.397","0.398","0.378","0.374","0.392","0.383","0.379","0.381","0.382","0.296","0.35","0.245","0.342","0.393","0.4","0.39","0.384","0.382","0.387","0.387","0.389","0.384","0.381","0.341","0.384","0.396","0.4","0.367","0.39","0.39","0.39","0.39","0.39","0.389","0.389","0.392","0.386","0.4","0.391","0.386","0.391","0.39","0.39","0.399","0.391","0.389","0.39","0.389","0.391","0.391","0.388","0.388","0.388","0.388","0.394","0.394","0.394","0.394","0.395","0.39","0.395","0.396","0.392","0.394","0.395","0.394","0.395","0.396","0.395","0.394","0.392","0.394","0.392","0.386","0.385","0.379","0.387","0.388","0.363","0.38","0.38","0.379","0.34","0.352","0.36","0.359","0.33","0.368","0.371",,,,,,,,,,,,,,,
TaxEffectOfUnusualItems,"0","0","0","0","0","0","0","0","0","0","0","0","0","0","0","0","0","0","0","0","0","0","0","-78,800,000","0","0","0","-11,264,000","19,839,000","0","0","0","0","0","0","0","0","0","0","0","0","0","0","0","0","0","0","0","0","0","0","0","0","0","-73,850,000","18,106,382.979","25,308,550.186","28,285,714.286","30,451,600","40,036,870.539","27,007,724.908","21,338,914.059","25,163,909.214","22,737,478.153","23,644,492.569","20,681,521.294","23,331,209.407","16,138,190.133","17,273,406.385","16,907,524.246","18,181,200","16,506,187.303","16,770,107.733","15,391,329.788","15,910,496.007","16,614,968.687","14,089,054.418","13,866,462.715","14,538,062.115","13,717,037.558","13,647,299.14","13,321,600","11,363,587.276","12,476,876.28","13,813,231.704","14,475,379.115","10,823,227.654","6,513,514.493","8,785,738.446","12,130,712.064","12,795,604.396","10,505,454.545","8,595,524.957","10,627,466.151","8,606,077.348","10,428,006.329","10,712,997.347","11,803,030.303","10,397,538.462","10,961,409.396","10,441,054.809","10,992,495.31","10,598,870.056","13,440,754.039","13,325,371.12","13,702,212.389","12,705,168.539","12,759,587.629","11,496,296.296","12,328,227.571","9,198,961.039","9,667,194.929","9,173,128.599","9,336,363.636","8,071,585.244","8,950,593.824","8,500,712.251","9,067,934.783","6,693,958.076","8,724,137.931","8,470,147.059","9,275,637.394","8,228,750","8,896,485.623","7,374,409.938","8,267,149.758","7,639,087.019","7,540,952.381","7,237,433.155","7,435,922.33","1,487,206.823","6,400,000","6,453,921.569",,,,,,,,,,,,,,,