name,ttm,03/31/2022,12/31/2021,09/30/2021,06/30/2021,03/31/2021,12/31/2020,09/30/2020,06/30/2020,03/31/2020,12/31/2019,09/30/2019,06/30/2019,03/31/2019,12/31/2018,09/30/2018,06/30/2018,03/31/2018,12/31/2017,09/30/2017,06/30/2017,03/31/2017,12/31/2016,09/30/2016,06/30/2016,03/31/2016,12/31/2015,09/30/2015,06/30/2015,03/31/2015,12/31/2014,09/30/2014,06/30/2014,03/31/2014,12/31/2013,09/30/2013,06/30/2013,03/31/2013,12/31/2012,09/30/2012,06/30/2012,03/31/2012,12/31/2011,09/30/2011,06/30/2011,03/31/2011,12/31/2010,09/30/2010,06/30/2010,03/31/2010,12/31/2009,09/30/2009,06/30/2009,03/31/2009,12/31/2008,09/30/2008,06/30/2008,03/31/2008,12/31/2007,09/30/2007,06/30/2007,03/31/2007,12/31/2006,09/30/2006,06/30/2006,03/31/2006,12/31/2005,09/30/2005,06/30/2005,03/31/2005,12/31/2004,09/30/2004,06/30/2004,03/31/2004,12/31/2003,09/30/2003,06/30/2003,03/31/2003,12/31/2002,09/30/2002,06/30/2002,03/31/2002,12/31/2001,09/30/2001,06/30/2001,03/31/2001,12/31/2000,09/30/2000,06/30/2000,03/31/2000,12/31/1999,09/30/1999,06/30/1999,03/31/1999,12/31/1998,09/30/1998,06/30/1998,03/31/1998,12/31/1997,09/30/1997,06/30/1997,03/31/1997,12/31/1996,09/30/1996,06/30/1996,03/31/1996,12/31/1995,09/30/1995,06/30/1995,03/31/1995,12/31/1994,09/30/1994,06/30/1994,03/31/1994,12/31/1993,09/30/1993,06/30/1993,03/31/1993,12/31/1992,09/30/1992,06/30/1992,03/31/1992,12/31/1991,09/30/1991,06/30/1991,03/31/1991,12/31/1990,09/30/1990,06/30/1990,03/31/1990,12/31/1989,09/30/1989,06/30/1989,03/31/1989,12/31/1988,09/30/1988,06/30/1988,03/31/1988,12/31/1987,09/30/1987,06/30/1987,03/31/1987,12/31/1986,09/30/1986,06/30/1986,03/31/1986,12/31/1985,09/30/1985
TotalRevenue,"695,425,000","158,048,000","175,147,000","179,836,000","182,394,000","171,616,000","185,288,000","213,959,000","177,890,000","207,322,000","237,792,000","182,670,000","174,712,000","457,388,000","500,911,000","443,058,000","468,129,000","463,327,000","473,916,000","447,046,000","449,006,000","435,941,000","433,062,000","453,474,000","470,642,000","451,198,000","452,277,000","433,742,000","446,324,000","442,782,000","459,609,000","462,332,000","459,089,000","413,932,000","438,343,000","423,663,000","431,725,000","388,075,000","384,013,000","414,613,000","405,480,000","388,722,000","378,724,000","356,520,000","385,086,000","377,823,000","365,109,000","359,545,000","317,087,000","276,772,000","269,072,000","289,901,000","293,223,000","294,035,000","316,396,000","335,133,000","316,285,000","285,781,000","272,263,000","274,856,000","319,953,000","317,318,000","308,940,000","307,610,000","292,976,000","296,637,000","288,516,000","278,111,000","271,263,000","263,306,000","256,326,000","246,017,000","247,171,000","245,678,000","238,854,000","223,324,000","216,311,000","216,010,000","229,268,000","218,767,000","209,378,000","223,363,000","217,117,000","219,419,000","194,641,000","244,692,000","263,131,000","251,776,000","256,351,000","259,976,000","243,400,000","242,600,000","246,700,000","249,800,000","269,800,000","249,700,000","247,400,000","239,100,000","272,400,000","270,000,000","250,200,000","252,200,000","239,100,000","228,000,000","246,500,000","240,000,000","241,600,000","226,000,000","221,900,000","210,000,000","214,600,000","199,200,000","209,000,000","198,000,000","198,300,000","203,000,000","194,900,000","197,900,000","199,400,000","189,800,000","188,300,000","205,500,000","198,800,000","189,700,000","194,900,000","195,000,000","211,000,000","203,300,000","207,100,000","203,900,000","203,100,000","190,200,000","204,000,000","203,600,000","191,100,000","190,100,000","195,300,000","190,700,000","188,300,000","175,800,000","173,300,000","169,600,000","162,800,000","138,700,000","143,000,000","143,300,000","144,000,000","137,400,000"
	OperatingRevenue,"695,425,000","158,048,000","175,147,000","179,836,000","182,394,000","171,616,000","185,288,000","213,959,000","177,890,000","207,322,000","237,792,000","182,670,000","174,712,000","457,388,000","500,911,000","443,058,000","468,129,000","463,327,000","473,916,000","447,046,000","449,006,000","435,941,000","433,062,000","453,474,000","470,642,000","451,198,000","452,277,000","433,742,000","446,324,000","442,782,000","459,609,000","462,332,000","459,089,000","413,932,000","438,343,000","423,663,000","431,725,000","388,075,000","384,013,000","414,613,000","405,480,000","388,722,000","378,724,000","356,520,000","385,086,000","377,823,000","365,109,000","359,545,000","317,087,000","276,772,000","269,072,000","289,901,000","293,223,000","294,035,000","316,396,000","335,133,000","316,285,000","285,781,000","272,263,000","274,856,000","319,953,000","317,318,000","308,940,000","307,610,000","292,967,000","296,637,000","288,516,000","278,111,000","271,263,000","263,306,000","256,326,000","246,017,000","247,171,000","245,678,000","238,854,000","223,324,000","216,311,000","216,010,000","229,268,000","218,767,000","209,378,000","223,363,000","217,117,000","219,419,000","194,641,000","244,692,000","263,131,000","251,776,000","256,351,000","259,976,000","243,400,000","242,600,000","246,700,000","249,800,000","269,800,000","249,700,000","247,400,000","239,100,000","272,400,000","270,000,000","250,200,000","252,200,000","239,100,000","228,000,000","246,500,000","240,000,000","241,600,000","226,000,000","221,900,000","210,000,000","214,600,000","199,200,000","209,000,000","198,000,000","198,300,000","203,000,000","194,900,000","197,900,000","199,400,000","189,800,000","188,300,000","205,500,000","198,800,000","189,700,000","194,900,000","195,000,000","211,000,000","203,300,000","207,100,000","203,900,000","203,100,000","190,200,000","204,000,000","203,600,000","191,100,000","190,100,000","195,300,000","190,700,000","188,300,000","175,800,000","173,300,000","169,600,000","162,800,000","138,700,000","143,000,000","143,300,000","144,000,000","137,400,000"
CostOfRevenue,"461,125,000","107,461,000","116,445,000","116,771,000","120,448,000","118,711,000","130,951,000","147,084,000","121,222,000","139,620,000","165,230,000","121,537,000","122,123,000","320,603,000","349,182,000","314,500,000","332,486,000","329,220,000","325,158,000","308,111,000","314,043,000","311,125,000","297,656,000","317,984,000","326,876,000","316,768,000","324,832,000","303,816,000","314,372,000","314,871,000","325,370,000","332,827,000","329,755,000","299,071,000","322,099,000","304,806,000","310,468,000","277,809,000","278,741,000","299,309,000","290,151,000","282,654,000","272,301,000","255,219,000","278,917,000","273,545,000","257,080,000","265,782,000","233,827,000","204,017,000","195,992,000","213,209,000","214,752,000","216,340,000","235,995,000","246,260,000","230,013,000","209,190,000","197,520,000","198,399,000","231,774,000","228,189,000","222,630,000","223,484,000","212,462,000","215,292,000","205,502,000","215,899,000","200,573,000","192,411,000","200,003,000","195,365,000","191,894,000","183,023,000","185,535,000","168,584,000","160,414,000","159,956,000","170,799,000","160,961,000","228,800,000","162,683,000","158,982,000","164,243,000","167,865,000","182,692,000","197,157,000","184,443,000","189,326,000","191,708,000","186,600,000","176,100,000","179,600,000","181,800,000","196,000,000","182,300,000","179,200,000","173,200,000","201,000,000","203,300,000","185,400,000","186,100,000","171,600,000","167,400,000","182,700,000","174,500,000","176,700,000","165,600,000","162,400,000","149,400,000","159,500,000","144,000,000","152,800,000","142,500,000","144,000,000","150,400,000","139,100,000","140,900,000","148,600,000","133,900,000","134,700,000","151,400,000","149,300,000","137,700,000","140,000,000","141,900,000","156,500,000","148,900,000","152,500,000","151,700,000",,,,,,,,,,,,,,,,,,
GrossProfit,"234,300,000","50,587,000","58,702,000","63,065,000","61,946,000","52,905,000","54,337,000","66,875,000","56,668,000","67,702,000","72,562,000","61,133,000","52,589,000","136,785,000","151,729,000","128,558,000","135,643,000","134,107,000","148,758,000","138,935,000","134,963,000","124,816,000","135,406,000","135,490,000","143,766,000","134,430,000","127,445,000","129,926,000","131,952,000","127,911,000","134,239,000","129,505,000","129,334,000","114,861,000","116,244,000","118,857,000","121,257,000","110,266,000","105,272,000","115,304,000","115,329,000","106,068,000","106,423,000","101,301,000","106,169,000","104,278,000","108,029,000","93,763,000","83,260,000","72,755,000","73,080,000","76,692,000","78,471,000","77,695,000","80,401,000","88,873,000","86,272,000","76,591,000","74,743,000","76,457,000","88,179,000","89,129,000","86,310,000","84,126,000","80,514,000","81,345,000","83,014,000","62,212,000","70,690,000","70,895,000","56,323,000","50,652,000","55,277,000","62,655,000","53,319,000","54,740,000","55,897,000","56,054,000","58,469,000","57,806,000","-19,422,000","60,680,000","58,135,000","55,176,000","26,776,000","62,000,000","65,974,000","67,333,000","67,025,000","68,268,000","56,800,000","66,500,000","67,100,000","68,000,000","73,800,000","67,400,000","68,200,000","65,900,000","71,400,000","66,700,000","64,800,000","66,100,000","67,500,000","60,600,000","63,800,000","65,500,000","64,900,000","60,400,000","59,500,000","60,600,000","55,100,000","55,200,000","56,200,000","55,500,000","54,300,000","52,600,000","55,800,000","57,000,000","50,800,000","55,900,000","53,600,000","54,100,000","49,500,000","52,000,000","54,900,000","53,100,000","54,500,000","54,400,000","54,600,000","52,200,000",,,,,,,,,,,,,,,,,,
OperatingExpense,"181,324,000","47,301,000","44,930,000","44,499,000","44,594,000","44,991,000","48,813,000","45,224,000","44,880,000","60,989,000","49,573,000","43,855,000","41,808,000","113,216,000","108,566,000","110,246,000","114,339,000","111,753,000","106,359,000","106,349,000","107,556,000","110,628,000","108,741,000","104,404,000","113,905,000","116,108,000","105,383,000","100,153,000","101,953,000","105,554,000","98,346,000","103,502,000","101,590,000","93,761,000","89,870,000","87,436,000","90,219,000","96,420,000","83,138,000","90,142,000","86,838,000","88,912,000","84,348,000","80,959,000","83,067,000","80,696,000","74,563,000","74,171,000","72,070,000","68,838,000","59,370,000","62,026,000","62,304,000","68,292,000","60,368,000","64,425,000","71,681,000","62,808,000","58,791,000","59,449,000","71,472,000","72,099,000","69,485,000","68,543,000","67,008,000","70,074,000","63,004,000","67,036,000","64,023,000","62,178,000","57,972,000","63,922,000","58,047,000","59,427,000","51,058,000","53,415,000","49,908,000","49,137,000","49,772,000","48,191,000","50,083,000","51,407,000","49,081,000","43,352,000","47,272,000","49,047,000","53,808,000","52,511,000","52,740,000","54,890,000","52,600,000","53,600,000","54,100,000","55,900,000","60,500,000","54,300,000","55,000,000","54,100,000","57,100,000","53,200,000","52,100,000","54,000,000","52,500,000","48,100,000","51,500,000","54,000,000","54,100,000","50,400,000","49,500,000","49,300,000","45,800,000","46,600,000","47,700,000","47,300,000","48,100,000","114,600,000","45,700,000","48,400,000","43,400,000","46,800,000","43,900,000","45,500,000","43,100,000","42,500,000","44,900,000","44,200,000","44,500,000","43,100,000","43,700,000","42,000,000",,,,,,,,,,,,,,,,,,
	SellingGeneralAndAdministration,"154,067,000","39,721,000","36,292,000","39,335,000","38,719,000","44,991,000","48,813,000","45,224,000","44,880,000","60,989,000","49,573,000","43,855,000","41,808,000","113,216,000","108,566,000","110,246,000","114,339,000","111,753,000","106,359,000","106,349,000","107,556,000","110,628,000","108,741,000","104,404,000","113,905,000","116,108,000","105,383,000","100,153,000","101,953,000","105,554,000","98,346,000","103,502,000","101,590,000","93,761,000","89,870,000","87,436,000","90,219,000","96,420,000","83,138,000","90,142,000","86,838,000","88,912,000","84,398,000","80,945,000","83,033,000","80,694,000","74,048,000","74,166,000","72,014,000","68,838,000","59,333,000","62,023,000","62,251,000","68,385,000","68,084,000","64,726,000","63,774,000","62,698,000","61,370,000","59,450,000","71,472,000","72,099,000","69,485,000","68,543,000","67,008,000","70,074,000","63,004,000","67,036,000","64,023,000","62,178,000","57,972,000","63,922,000","58,047,000","59,427,000","51,058,000","53,415,000","49,908,000","49,137,000","49,772,000","48,191,000","50,083,000","51,407,000","49,081,000","43,352,000","47,272,000","49,047,000","50,835,000","49,631,000","49,875,000","51,978,000","49,600,000","50,600,000","51,000,000","53,000,000","57,200,000","51,700,000","52,300,000","51,600,000","53,900,000","50,200,000","49,100,000","51,000,000","49,100,000","45,100,000","48,500,000","51,000,000","50,600,000","46,800,000","46,700,000","46,500,000","42,100,000","43,500,000","44,600,000","44,200,000","44,300,000","111,400,000","42,400,000","45,000,000","40,000,000","41,800,000","40,600,000","42,200,000","39,500,000","39,100,000","41,600,000","40,900,000","40,300,000","40,000,000","40,700,000","38,800,000",,,,,,,,,,,,,,,,,,
		GeneralAndAdministrativeExpense,,,,,"38,719,000",,,,,,,,,,,,,,,,,,,,,,,,,,,,,,,,,,,,,,,,,,,,,,,,,,,,,,,,,,,,,,,,,,,,,,,,,,,,,,,,,,,,,,,,,,,,,,,,,,,,,,,,,,,,,,,,,,,,,,,,,,,,,,,,,,,,,,,,,,,,,,,
			OtherGandA,,,,,"38,719,000",,,,,,,,,,,,,,,,,,,,,,,,,,,,,,,,,,,,,,,,,,,,,,,,,,,,,,,,,,,,,,,,,,,,,,,,,,,,,,,,,,,,,,,,,,,,,,,,,,,,,,,,,,,,,,,,,,,,,,,,,,,,,,,,,,,,,,,,,,,,,,,
	ResearchAndDevelopment,"16,959,000","5,113,000","6,068,000","2,540,000","3,238,000",,,,,,,,,,,,,,,,,,,,,,,,,,,,,,,,,,,,,,,,,,,,,,,,,,,,,,,,,,,,,,,,,,,,,,,,,,,,,,,,,,,,,,,,,,,,,,,,,,,,,,,,,,,,,,,,,,,,,,,,,,,,,,,,,,,,,,,,,,,,,,,
	DepreciationAmortizationDepletionIncomeStatement,"10,298,000","2,467,000","2,570,000","2,624,000","2,637,000",,,,,,,,,,,,,,,,,,,,,,,,,,,,,,,,,,,,,,,,,,,,,,,,,,,,,,,,,,,,,,,,,,,,,,,,,,,,,,,,,,"2,973,000","2,880,000","2,865,000","2,912,000","3,000,000","3,000,000","3,100,000","2,900,000","3,300,000","2,600,000","2,700,000","2,500,000","3,200,000","3,000,000","3,000,000","3,000,000","3,400,000","3,000,000","3,000,000","3,000,000","3,500,000","3,600,000","2,800,000","2,800,000","3,700,000","3,100,000","3,100,000","3,100,000","3,800,000","3,200,000","3,300,000","3,400,000","3,400,000","5,000,000","3,300,000","3,300,000","3,600,000","3,400,000","3,300,000","3,300,000","4,200,000","3,100,000","3,000,000","3,200,000",,,,,,,,,,,,,,,,,,
		DepreciationAndAmortizationInIncomeStatement,"10,298,000","2,467,000","2,570,000","2,624,000","2,637,000",,,,,,,,,,,,,,,,,,,,,,,,,,,,,,,,,,,,,,,,,,,,,,,,,,,,,,,,,,,,,,,,,,,,,,,,,,,,,,,,,,"2,973,000","2,880,000","2,865,000","2,912,000","3,000,000","3,000,000","3,100,000","2,900,000","3,300,000","2,600,000","2,700,000","2,500,000","3,200,000","3,000,000","3,000,000","3,000,000","3,400,000","3,000,000","3,000,000","3,000,000","3,500,000","3,600,000","2,800,000","2,800,000","3,700,000","3,100,000","3,100,000","3,100,000","3,800,000","3,200,000","3,300,000","3,400,000","3,400,000","5,000,000","3,300,000","3,300,000","3,600,000","3,400,000","3,300,000","3,300,000","4,200,000","3,100,000","3,000,000","3,200,000",,,,,,,,,,,,,,,,,,
			Amortization,"10,298,000","2,467,000","2,570,000","2,624,000","2,637,000",,,,,,,,,,,,,,,,,,,,,,,,,,,,,,,,,,,,,,,,,,,,,,,,,,,,,,,,,,,,,,,,,,,,,,,,,,,,,,,,,,,,,,,,,,,,,,,,,,,,,,,,,,,,,,,,,,,,,,,,,,,,,,,,,,,,,,,,,,,,,,,
				AmortizationOfIntangiblesIncomeStatement,"10,298,000","2,467,000","2,570,000","2,624,000","2,637,000",,,,,,,,,,,,,,,,,,,,,,,,,,,,,,,,,,,,,,,,,,,,,,,,,,,,,,,,,,,,,,,,,,,,,,,,,,,,,,,,,,,,,,,,,,,,,,,,,,,,,,,,,,,,,,,,,,,,,,,,,,,,,,,,,,,,,,,,,,,,,,,
	OtherOperatingExpenses,,,,,,,,,,,,,,,,,,,,,,,,,,,,,,,,,,,,,,,,,,,,"14,000","34,000","2,000",,"5,000","56,000",,,"3,000","53,000","-93,000",,"-301,000","7,907,000","110,000",,"-1,000",,,,,,,,,,,,,,,,,,,,,,,,,,,,,,,,,,,,,,,,,,,,,,,,,,,,,,,,,,,,,,,,,,,,,,,,,,,,,,,,,,,,,,,,
OperatingIncome,"52,976,000","3,286,000","13,772,000","18,566,000","17,352,000","7,914,000","5,524,000","21,651,000","11,788,000","6,713,000","22,989,000","17,278,000","10,781,000","23,569,000","43,163,000","18,312,000","21,304,000","22,354,000","42,399,000","32,586,000","27,407,000","14,188,000","26,665,000","31,086,000","29,861,000","18,322,000","22,062,000","29,773,000","29,999,000","22,357,000","35,893,000","26,003,000","27,744,000","21,100,000","26,374,000","31,421,000","31,038,000","13,846,000","22,134,000","25,162,000","28,491,000","17,156,000","22,075,000","20,342,000","23,102,000","23,582,000","33,466,000","19,592,000","11,190,000","3,917,000","13,710,000","14,666,000","16,167,000","9,403,000","20,033,000","24,448,000","14,591,000","13,783,000","15,952,000","17,008,000","16,707,000","17,030,000","16,825,000","15,583,000","13,506,000","11,271,000","20,010,000","-4,824,000","6,667,000","8,717,000","-1,649,000","-13,270,000","-2,770,000","3,228,000","2,261,000","1,325,000","5,989,000","6,917,000","8,697,000","9,615,000","-69,505,000","9,273,000","9,054,000","11,824,000","-20,496,000","12,953,000","12,166,000","14,822,000","14,285,000","13,378,000","4,200,000","12,900,000","13,000,000","12,100,000","13,300,000","13,100,000","13,200,000","11,800,000","14,300,000","13,500,000","12,700,000","12,100,000","15,000,000","12,500,000","12,300,000","11,500,000","10,800,000","10,000,000","10,000,000","11,300,000","9,300,000","8,600,000","8,500,000","8,200,000","6,200,000","-62,000,000","10,100,000","8,600,000","7,400,000","9,100,000","9,700,000","8,600,000","6,400,000","9,500,000","10,000,000","8,900,000","10,000,000","11,300,000","10,900,000","10,200,000","-569,500,000","190,200,000","204,000,000","203,600,000","-524,100,000","190,100,000","195,300,000","190,700,000","-468,300,000","175,800,000","173,300,000","169,600,000","-387,000,000","138,700,000","143,000,000","143,300,000","-374,000,000","137,400,000"
NetNonOperatingInterestIncomeExpense,"-14,520,000","-2,481,000","-4,058,000","-3,646,000","-4,335,000","-4,251,000","-4,888,000","-5,327,000","-5,808,000","-3,247,000","-2,607,000","-4,058,000","-5,236,000","-5,313,000","-4,658,000","-5,085,000","-5,002,000","-5,352,000","-5,035,000","-5,264,000","-6,122,000","-4,160,000","-3,787,000","-4,165,000","-3,988,000","-3,807,000","-3,387,000","-3,208,000","-3,222,000","-3,327,000","-3,322,000","-3,444,000","-3,297,000","-3,109,000","-3,215,000","-3,113,000","-3,163,000","-3,068,000","-3,551,000","-2,924,000","-2,831,000","-2,879,000","-20,316,000","2,733,000","2,821,000","3,070,000","-4,349,000","-3,529,000","2,337,000","-2,054,000","-1,791,000","-1,270,000","-866,000","-1,104,000",,,,,,,,,,,,,,,,,,,,,,,,,,,,,,,,,,,,,,,,,,,,,,,,,,,,,,,,,,,,,,,,,,,,,,,,,,,,,,,,,,,,,,,,,,,,,,
	InterestExpenseNonOperating,"14,520,000","2,481,000","4,058,000","3,646,000","4,335,000","4,251,000","4,888,000","5,327,000","5,808,000","3,247,000","2,607,000","4,058,000","5,236,000","5,313,000","4,658,000","5,085,000","5,002,000","5,352,000","5,035,000","5,264,000","6,122,000","4,160,000","3,787,000","4,165,000","3,988,000","3,807,000","3,387,000","3,208,000","3,222,000","3,327,000","3,322,000","3,444,000","3,297,000","3,109,000","3,215,000","3,113,000","3,163,000","3,068,000","3,551,000","2,924,000","2,831,000",,,,,,,,,,,,,,,,,,,,,,,,,,,,,,,,,,,,,,,,,,,,,,,,,,,,,,,,,,,,,,,,,,,,,,,,,,,,,,,,,,,,,,,,,,,,,,,,,,,,,,,,,,,
	TotalOtherFinanceCost,,,,,,,,,,,"2,607,000","4,058,000","5,236,000","5,313,000","4,658,000","5,085,000","5,002,000","5,352,000","5,035,000","5,264,000","6,122,000","4,160,000","3,787,000","4,165,000","3,988,000","3,807,000","3,387,000","3,208,000","3,222,000","3,327,000","3,322,000","3,444,000","3,297,000","3,109,000","3,215,000","3,113,000","3,163,000","3,068,000",,,,"2,879,000","20,316,000","-2,733,000","-2,821,000","-3,070,000","4,349,000","3,529,000","-2,337,000","2,054,000","1,791,000","1,270,000","866,000","1,104,000",,,,,,,,,,,,,,,,,,,,,,,,,,,,,,,,,,,,,,,,,,,,,,,,,,,,,,,,,,,,,,,,,,,,,,,,,,,,,,,,,,,,,,,,,,,,,,
OtherIncomeExpense,"19,196,000","4,530,000","6,131,000","4,194,000","4,341,000","4,528,000","-38,764,000","-54,152,000","-7,338,000","-4,316,000","-5,380,000","-793,000","357,000","-15,000","-5,887,000","-7,902,000","2,249,000","1,741,000","-49,000","-1,805,000","54,000","179,000","-230,000","308,000","-503,000","-58,000","-3,353,000","-175,000","433,000","37,000","-100,000","-299,000","-354,000","-313,000","-2,156,000","21,000","-79,000","-410,000","-143,000","18,000","-76,000","271,000","669,000","-176,000","-25,000","-389,000","-4,191,000","-24,000","-451,000","792,000","-1,000","-621,000","-1,081,000","202,000","-475,000","-1,944,000","-8,228,000","-251,000","1,990,000","-74,000","520,000","532,000","493,000","473,000","192,000","124,000","650,000","309,000","148,000","220,000","238,000","312,000","493,000","-166,000","131,000","1,367,000","131,000","16,717,000","1,061,000","-355,000","-7,010,000","-216,000","629,000","-208,000","2,044,000","487,000","2,512,000","-378,000","-418,000","43,000","-2,500,000","-400,000","100,000","-100,000","-400,000","-400,000","-300,000",,"90,700,000","-200,000","-200,000","-14,600,000","-200,000","-200,000","-100,000","-200,000","-200,000","-100,000",,,,,,,"4,000,000","-100,000","-100,000",,"1,800,000","-100,000","-100,000","-100,000","1,800,000",,,,,,,,,,,,,,,,,,,,,,,,,
	SpecialIncomeCharges,"-5,580,000","-229,000","-683,000","-2,590,000","-2,078,000","-1,826,000","-43,130,000","-58,749,000","-11,508,000","-8,161,000","-5,420,000","-707,000","-206,000","-205,000","-8,954,000","-11,056,000","-429,000","-1,630,000","-122,000","-2,288,000","-15,000","20,000","-1,000","-24,000","-14,000","28,000","-87,000","10,000","432,000","-27,000","-18,000","-47,000","-57,000","-111,000","-2,099,000","0","-21,000","-79,000","-318,000","18,000","-76,000","271,000","669,000","-176,000","-25,000","-389,000","-4,191,000","-24,000","-451,000","792,000","-1,000","-621,000","-1,081,000","202,000","-475,000","-1,944,000","-8,228,000","-251,000","1,990,000","-74,000","520,000","532,000","493,000","473,000","192,000","124,000","650,000","309,000","148,000","220,000","238,000","312,000","493,000","-166,000","131,000","1,367,000","131,000","16,717,000","1,061,000","-355,000","-7,010,000","-216,000","629,000","-208,000","2,044,000","487,000","2,512,000","-378,000","-418,000","43,000","-2,500,000","-400,000","100,000","-100,000","-400,000","-400,000","-300,000",,"90,700,000","-200,000","-200,000","-14,600,000","-200,000","-200,000","-100,000","-200,000","-200,000","-100,000",,,,,,,"4,000,000","-100,000","-100,000",,"1,800,000","-100,000","-100,000","-100,000","1,800,000",,,,,,,,,,,,,,,,,,,,,,,,,
		RestructuringAndMergernAcquisition,"4,971,000","169,000","675,000","2,611,000","1,516,000","1,352,000","6,243,000","7,244,000","10,188,000","7,498,000","1,005,000","81,000","206,000","266,000","2,704,000","1,657,000","1,954,000","1,693,000","161,000","2,500,000",,,,,,,,,,,,,,,,,,,,,,,,,,,,,,,,,,,,,,,,,,,,,,,,,,,,,,,,,,,"0",,"8,290,000",,,,,,,,,,,,,,,,,,,,,,,,,,,,,,,,,,,,,,,,,,,,,,,,,,,,,,,,,,,,,,,,,,,
		ImpairmentOfCapitalAssets,,,"0","0",,,"36,285,000","50,307,000",,,"0","0",,,"0","10,039,000",,,,,,,,,,,,,,,"0",,,,,,,,,,,,"0",,,,,,,,"0","0","0",,,,,,,,,,,,,,,,,,,,,,,,,,,,,,,,,,,,,,,,,,,,,,,,,,,,,,,,,,,,,,,,,,,,,,,,,,,,,,,,,,,,,,,,,,,,,,,
		OtherSpecialCharges,,,"0","10,000","557,000","230,000","397,000","1,190,000","1,323,000","1,166,000","790,000","210,000",,,,,,,,,,,,,,,,,,,,,,,,,,,,,,,"461,000",,,,,,,,"1,000","621,000","1,081,000",,,,,,,,,,,,,,,,,,,,,,,,,,"-1,061,000",,"-1,280,000",,,,,,,,,,,,,,,,,,,,,,,,,,,,,,,,,,,,,,,,,,,,,,,,,,,,,,,,,,,,,,,,,,,
		GainOnSaleOfBusiness,"0","0","0","0","0","-234,000","0","0","0","493,000","-3,739,000",,,,"-5,722,000",,,,,,,,,,,,,,,,,,,,,,,,,,,,,,,,,,,,,,,,,,,,,,,,,,,,,,,,,,,,,,,,,,,,,,,,,,,,,,,,,,,,,,,,,,,,,,,,,,,,,,,,,,,,,,,,,,,,,,,,,,,,,,,,,,,,,
		GainOnSaleOfPPE,"-42,000","-60,000","-8,000","31,000","-5,000","-10,000","-205,000","-8,000","3,000","10,000","114,000","-416,000","0","61,000","-528,000","640,000","1,525,000","63,000","39,000","212,000","-15,000","20,000","-1,000","-24,000","-14,000","28,000","-87,000","10,000","432,000","-27,000","-18,000","-47,000","-57,000","-111,000","-28,000","0","-21,000","-79,000",,,,,,,,,,,,,,,,,,,,,,,,,,,,,,,,,,,,,,,,,,,,,,,,,,,,,,,,,,,,,,,,,,,,,,,,,,,,,,,,,,,,,,,,,,,,,,,,,,,,,,,,,,,,,,
	OtherNonOperatingIncomeExpenses,"24,776,000","4,759,000","6,814,000","6,784,000","6,419,000","6,354,000","4,366,000","4,597,000","4,170,000","3,845,000","40,000","-86,000","563,000","190,000","3,067,000","3,154,000","2,678,000","3,371,000","73,000","483,000","69,000","159,000","-229,000","332,000","-489,000","-86,000","-3,266,000","-185,000","1,000","64,000","-82,000","-252,000","-297,000","-202,000","-57,000","21,000","-58,000","-331,000",,,,,,,,,,,,,,,,,,,,,,,,,,,,,,,,,,,,,,,,,,,,,,,,,,,,,,,,,,,,,,,,,,,,,,,,,,,,,,,,,,,,,,,,,,,,,,,,,,,,,,,,,,,,,,
PretaxIncome,"57,652,000","5,335,000","15,845,000","19,114,000","17,358,000","8,191,000","-38,128,000","-37,828,000","-1,358,000","-850,000","15,002,000","12,427,000","5,902,000","18,241,000","32,618,000","5,325,000","18,551,000","18,743,000","37,315,000","25,517,000","21,339,000","10,207,000","22,648,000","27,229,000","25,370,000","14,457,000","15,322,000","26,390,000","27,210,000","19,067,000","32,471,000","22,260,000","24,093,000","17,678,000","21,003,000","28,329,000","27,796,000","10,368,000","18,440,000","22,256,000","25,584,000","14,548,000","18,496,000","17,785,000","20,306,000","20,901,000","25,268,000","23,145,000","9,304,000","2,655,000","11,918,000","12,775,000","14,220,000","8,097,000","10,586,000","21,130,000","13,807,000","13,643,000","13,899,000","15,261,000","15,602,000","16,044,000","15,675,000","14,408,000","12,059,000","10,137,000","19,526,000","-5,077,000","6,177,000","8,225,000","-2,356,000","-13,849,000","-3,226,000","2,267,000","1,642,000","1,953,000","5,369,000","22,866,000","8,852,000","8,547,000","-76,936,000","8,611,000","9,267,000","11,401,000","-18,470,000","13,466,000","14,958,000","14,910,000","14,431,000","13,421,000","2,300,000","13,000,000","13,100,000","12,100,000","13,100,000","12,700,000","12,900,000","11,800,000","103,600,000","11,900,000","9,900,000","-5,100,000","12,100,000","9,900,000","9,800,000","9,000,000","8,100,000","7,600,000","7,800,000","9,300,000","-36,200,000","7,400,000","7,400,000","7,100,000","8,900,000","-64,300,000","8,100,000","6,700,000","7,100,000","7,300,000","7,900,000","6,700,000","6,300,000","7,600,000","7,900,000","6,600,000","8,900,000","8,400,000","8,100,000","7,400,000",,,,,,,,,,,,,,,,,,
TaxProvision,"17,932,000","1,307,000","6,676,000","4,447,000","5,502,000","207,000","-6,708,000","679,000","-1,258,000","-443,000","-19,103,000","2,297,000","-487,000","4,116,000","9,041,000","3,893,000","3,457,000","4,677,000","23,518,000","9,237,000","7,881,000","3,916,000","7,521,000","9,774,000","8,875,000","4,680,000","6,548,000","9,166,000","5,519,000","6,318,000","9,215,000","7,387,000","7,899,000","6,221,000","8,045,000","9,634,000","9,904,000","3,214,000","5,376,000","7,274,000","9,105,000","5,145,000","6,720,000","5,426,000","6,885,000","7,315,000","10,572,000","7,320,000","3,227,000","929,000","3,663,000","3,151,000","4,826,000","2,721,000","3,967,000","7,600,000","7,717,000","4,775,000","4,925,000","5,824,000","5,543,000","5,969,000","6,033,000","5,670,000","4,573,000","4,217,000","10,348,000","-1,465,000","3,420,000","3,520,000","-2,967,000","-1,960,000","-1,390,000","975,000","675,000","765,000","2,085,000","8,900,000","3,000,000","2,975,000","-26,570,000","3,270,000","2,325,000","2,875,000","-5,975,000","4,725,000","5,400,000","5,375,000","5,160,000","4,865,000","700,000","4,800,000","5,100,000","4,800,000","5,300,000","5,100,000","5,300,000","4,800,000","42,500,000","4,800,000","3,200,000","-700,000","4,900,000","4,100,000","4,400,000","3,800,000","3,300,000","3,000,000","3,100,000","3,700,000","-9,300,000","2,500,000","2,800,000","2,900,000","4,000,000","-21,800,000","3,300,000","2,700,000","2,900,000","2,800,000","3,100,000","2,800,000","2,200,000","3,100,000","3,300,000","2,800,000","3,700,000","3,500,000","3,300,000","3,100,000",,,,,,,,,,,,,,,,,,
NetIncomeCommonStockholders,"39,720,000","4,028,000","9,169,000","14,667,000","11,856,000","7,984,000","-31,420,000","-38,507,000","-100,000","285,000","39,462,000","142,776,000","13,466,000","14,125,000","23,577,000","1,432,000","15,094,000","14,066,000","13,797,000","16,280,000","13,458,000","6,291,000","15,127,000","17,455,000","16,495,000","9,777,000","8,774,000","17,224,000","21,691,000","12,749,000","15,063,000","14,779,000","16,573,000","11,457,000","12,875,000","19,179,000","17,892,000","7,154,000","14,161,000","14,982,000","16,479,000","9,403,000","11,776,000","12,359,000","13,421,000","13,586,000","14,696,000","15,825,000","6,077,000","1,726,000","8,255,000","9,624,000","9,394,000","5,376,000","6,788,000","13,530,000","6,413,000","8,868,000","24,048,000","11,737,000","10,059,000","10,075,000","9,642,000","8,738,000","7,486,000","5,920,000","9,178,000","-3,612,000","2,757,000","4,705,000","611,000","-11,889,000","-1,836,000","1,292,000","967,000","1,188,000","3,284,000","13,966,000","5,852,000","5,572,000","-50,366,000","5,341,000","6,942,000","8,526,000","-12,495,000","8,741,000","9,558,000","9,535,000","9,271,000","8,556,000","1,600,000","8,200,000","8,000,000","7,300,000","7,800,000","7,600,000","7,600,000","7,000,000","60,200,000","6,200,000","5,800,000","-5,300,000","6,300,000","4,900,000","4,500,000","4,300,000","3,900,000","3,700,000","3,800,000","5,600,000","-27,800,000","4,000,000","3,700,000","3,300,000","4,900,000","-42,500,000","4,800,000","4,000,000","4,200,000","4,500,000","4,800,000","3,900,000","4,100,000","4,500,000","4,600,000","3,800,000","5,200,000","4,900,000","4,800,000","4,300,000",,,,,,,,,,,,,,,,,,
	NetIncome,"39,720,000","4,028,000","9,169,000","14,667,000","11,856,000","7,984,000","-31,420,000","-38,507,000","-100,000","285,000","39,462,000","142,776,000","13,466,000","14,125,000","23,577,000","1,432,000","15,094,000","14,066,000","13,797,000","16,280,000","13,458,000","6,291,000","15,127,000","17,455,000","16,495,000","9,777,000","8,774,000","17,224,000","21,691,000","12,749,000","15,063,000","14,779,000","16,573,000","11,457,000","12,875,000","19,179,000","17,892,000","7,154,000","14,161,000","14,982,000","16,479,000","9,403,000","11,776,000","12,359,000","13,421,000","13,586,000","14,696,000","15,825,000","6,077,000","1,726,000","8,255,000","9,624,000","9,394,000","5,376,000","6,788,000","13,530,000","6,413,000","8,868,000","24,048,000","11,737,000","10,059,000","10,075,000","9,642,000","8,738,000","7,486,000","5,920,000","9,178,000","-3,612,000","2,757,000","4,705,000","611,000","-11,889,000","-1,836,000","1,292,000","967,000","1,188,000","3,284,000","13,966,000","5,852,000","5,572,000","-50,366,000","5,341,000","6,942,000","8,526,000","-12,495,000","8,741,000","9,558,000","9,535,000","9,271,000","8,556,000","1,600,000","8,200,000","8,000,000","7,300,000","7,800,000","7,600,000","7,600,000","7,000,000","61,100,000","7,100,000","6,700,000","-4,400,000","7,200,000","5,800,000","5,400,000","5,200,000","4,800,000","4,600,000","4,700,000","5,600,000","-26,900,000","4,900,000","4,600,000","4,200,000","4,900,000","-42,500,000","4,800,000","4,000,000","4,200,000","4,500,000","4,800,000","3,900,000","4,100,000","4,500,000","4,600,000","3,800,000","5,200,000","4,900,000","4,800,000","4,300,000",,,,,,,,,,,,,,,,,,
		NetIncomeIncludingNoncontrollingInterests,"39,720,000","4,028,000","9,169,000","14,667,000","11,856,000","7,984,000","-31,420,000","-38,507,000","-100,000","285,000","39,462,000","142,776,000","13,466,000","14,125,000","23,577,000","1,432,000","15,094,000","14,066,000","13,797,000","16,280,000","13,458,000","6,291,000","15,127,000","17,455,000","16,495,000","9,777,000","8,774,000","17,224,000","21,691,000","12,749,000","15,063,000","14,779,000","16,573,000","11,457,000","12,875,000","19,179,000","17,892,000","7,154,000","14,161,000","14,982,000","16,479,000","9,403,000","11,776,000","12,359,000","13,421,000","13,586,000","14,696,000","15,825,000","6,077,000","1,726,000","8,255,000","9,624,000","9,394,000","5,376,000","6,788,000","13,530,000","6,413,000","8,868,000","24,048,000","11,737,000","10,059,000","10,075,000","9,642,000","8,738,000","7,486,000","5,920,000","9,178,000","-3,612,000","2,757,000","4,705,000","611,000","-11,889,000","-1,836,000","1,292,000","967,000","1,188,000","3,284,000","13,966,000","5,852,000","5,572,000","-50,366,000","5,341,000","6,942,000","8,526,000","-12,495,000","8,741,000","9,558,000","9,535,000","9,271,000","8,556,000","1,600,000","8,200,000","8,000,000","7,300,000","7,800,000","7,600,000","7,600,000","7,000,000","61,100,000","7,100,000","6,700,000","-4,400,000","7,200,000","5,800,000","5,400,000","5,200,000","4,800,000","4,600,000","4,700,000","5,600,000","-26,900,000","4,900,000","4,600,000","4,200,000","4,900,000","-42,500,000","4,800,000","4,000,000","4,200,000","4,500,000","4,800,000","3,900,000","4,100,000","4,500,000","4,600,000","3,800,000","5,200,000","4,900,000","4,800,000","4,300,000","5,500,000","-10,500,000","6,900,000","6,800,000","4,900,000","7,100,000","6,800,000","6,600,000","6,400,000","6,300,000","5,900,000","5,500,000","5,300,000","5,200,000","5,100,000","4,800,000","5,000,000","4,900,000"
			NetIncomeContinuousOperations,"39,720,000","4,028,000","9,169,000","14,667,000","11,856,000","7,984,000","-31,420,000","-38,507,000","-100,000","-407,000","34,105,000","10,130,000","6,389,000","14,125,000","23,577,000","1,432,000","15,094,000","14,066,000","13,797,000","16,280,000","13,458,000","6,291,000","15,127,000","17,455,000","16,495,000","9,777,000","8,774,000","17,224,000","21,691,000","12,749,000","23,256,000","14,873,000","16,194,000","11,457,000","12,958,000","18,695,000","17,892,000","7,154,000","13,064,000","14,982,000","16,479,000","9,403,000","11,776,000","12,359,000","13,421,000","13,586,000","14,696,000","15,825,000","6,077,000","1,726,000","8,255,000","9,624,000","9,394,000","5,376,000","6,619,000","13,530,000","6,090,000","8,868,000","8,974,000","9,437,000","10,059,000","10,075,000","9,642,000","8,738,000","7,486,000","5,920,000","9,178,000","-3,612,000","2,757,000","4,705,000","611,000","-11,889,000","-1,836,000","1,292,000","967,000","1,188,000","3,284,000","13,966,000","5,852,000","5,572,000","-50,366,000","5,341,000","6,942,000","8,526,000","-12,495,000","8,741,000","9,558,000","9,535,000","9,271,000","8,556,000","1,600,000","8,200,000","8,000,000","7,300,000","7,800,000","7,600,000","7,600,000","7,000,000","61,100,000","7,100,000","6,700,000","-4,400,000","7,200,000","5,800,000","5,400,000","5,200,000","4,800,000","4,600,000","4,700,000","5,600,000","-26,900,000","4,900,000","4,600,000","4,200,000","4,900,000","-42,500,000","4,800,000","4,000,000","4,200,000","4,500,000","4,800,000","3,900,000","4,100,000","4,500,000","4,600,000","3,800,000","5,200,000","4,900,000","4,800,000","4,300,000","5,500,000","-10,500,000","6,900,000","6,800,000","4,900,000","7,100,000","6,800,000","6,600,000","6,400,000","6,300,000","5,900,000","5,500,000","5,300,000","5,200,000","5,100,000","4,800,000","5,000,000","4,900,000"
			NetIncomeDiscontinuousOperations,,,"0","0","0","0","0","0","0","692,000","5,357,000","132,646,000","7,077,000",,,,,,,,,,,,,,,"0","0","0","-8,193,000","-94,000","379,000",,"-83,000","484,000","0","0",,,,,,,,,,,,,"0","0","0",,"169,000",,"323,000",,"15,074,000","2,300,000",,,,,,,,,,,,,,,,,,,,,,,,,,,,,,,,,,,,,,,,,,,,,,,,,,,,,,,,,,,,,,,,,,,,,,,,,,,,,,,,,,,,,,,,
	PreferredStockDividends,,,,,,,,,,,,,,,,,,,,,,,,,,,,,,,,,,,,,,,,,,,,,,,,,,,,,,,,,,,,,,,,,,,,,,,,,,,,,,,,,,,,,,,,,,,,,,,,,,,"900,000","900,000","900,000","900,000","900,000","900,000","900,000","900,000","900,000","900,000","900,000",,"900,000","900,000","900,000","900,000",,,,,,,,,,,,,,,,,,,,,,,,,,,,,,,,,,
DilutedNIAvailtoComStockholders,"39,720,000","4,028,000","9,169,000","14,667,000","11,856,000","7,984,000","-31,420,000","-38,507,000","-100,000","285,000","39,462,000","142,776,000","13,466,000","14,125,000","23,577,000","1,432,000","15,094,000","14,066,000","13,797,000","16,280,000","13,458,000","6,291,000","15,127,000","17,455,000","16,495,000","9,777,000","8,774,000","17,224,000","21,691,000","12,749,000","15,063,000","14,779,000","16,573,000","11,457,000","12,875,000","19,179,000","17,892,000","7,154,000","14,161,000","14,982,000","16,479,000","9,403,000","11,776,000","12,359,000","13,421,000","13,586,000","14,696,000","15,825,000","6,077,000","1,726,000","8,255,000","9,624,000","9,394,000","5,376,000","6,788,000","13,530,000","6,413,000","8,868,000","24,048,000","11,737,000","10,059,000","10,075,000","9,642,000","8,738,000","7,486,000","5,920,000","9,178,000","-3,612,000","2,757,000","4,705,000","611,000","-11,889,000","-1,836,000","1,292,000","967,000","1,188,000","3,284,000","13,966,000","5,852,000","5,572,000","-50,366,000","5,341,000","6,942,000","8,526,000","-12,495,000","8,741,000","9,558,000","9,535,000","9,271,000","8,556,000","1,600,000","8,200,000","8,000,000","7,300,000","7,800,000","7,600,000","7,600,000","7,000,000","60,200,000","6,200,000","5,800,000","-5,300,000","6,300,000","4,900,000","4,500,000","4,300,000","3,900,000","3,700,000","3,800,000","5,600,000","-27,800,000","4,000,000","3,700,000","3,300,000","4,900,000","-42,500,000","4,800,000","4,000,000","4,200,000","4,500,000","4,800,000","3,900,000","4,100,000","4,500,000","4,600,000","3,800,000","5,200,000","4,900,000","4,800,000","4,300,000",,,,,,,,,,,,,,,,,,
BasicEPS,,"0.14","0.33","0.53","0.43","0.29",,"-1.39","-0.004","0.01","1.41","5.11","0.48","0.51","0.84","0.05","0.54","0.51","0.5","0.58","0.49","0.23","0.56","0.64","0.61","0.36","0.32","0.63","0.8","0.47","0.56","0.55","0.61","0.43",,"0.72","0.67","0.27",,"0.57","0.62","0.36","0.38","0.47","0.51","0.52",,"0.61","0.23","0.07",,"0.37","0.37","0.21",,"0.54","0.25","0.35",,"0.48","0.41","0.42",,"0.36","0.31","0.25",,"-0.16","0.12","0.21",,"-0.52","-0.08","0.06",,"0.05","0.15","0.62",,"0.25","-2.25","0.24",,"0.38","-0.56","0.39",,"0.41","0.4","0.37",,"0.35","0.34","0.31",,"0.32","0.32","0.31",,"0.33","0.31","-0.28",,"0.27","0.24","0.23",,"0.2","0.2","0.25",,"0.22","0.2","0.18",,"-2.36","0.26","0.22",,"0.25","0.26","0.21",,"0.25","0.25","0.21",,"0.27","0.26","0.24",,"-0.58","0.38","0.38",,"0.4","0.38","0.37",,"0.225","0.213","0.194",,"0.181","0.181","0.175",,"0.117"
DilutedEPS,,"0.14","0.33","0.53","0.42","0.29",,"-1.39","-0.004","0.01","1.41","5.08","0.48","0.5","0.84","0.05","0.53","0.5","0.49","0.58","0.48","0.22","0.53","0.62","0.59","0.35","0.32","0.62","0.77","0.46","0.54","0.53","0.6","0.42",,"0.7","0.67","0.26",,"0.56","0.62","0.36","0.38","0.47","0.5","0.52",,"0.61","0.23","0.07",,"0.37","0.37","0.21",,"0.53","0.25","0.35",,"0.47","0.4","0.41",,"0.36","0.31","0.24",,"-0.16","0.12","0.21",,"-0.52","-0.08","0.06",,"0.05","0.15","0.6",,"0.25","-2.25","0.24",,"0.37","-0.56","0.38",,"0.4","0.39","0.36",,"0.34","0.33","0.3",,"0.31","0.31","0.29",,"0.29","0.28","-0.28",,"0.25","0.23","0.22",,"0.2","0.2","0.24",,"0.22","0.2","0.18",,"-2.36","0.25","0.22",,"0.24","0.25","0.21",,"0.24","0.24","0.21",,"0.26","0.25","0.23",,"-0.58","0.35","0.35",,"0.36","0.35","0.34",,"0.206","0.194","0.188",,"0.181","0.181","0.175",,"0.117"
BasicAverageShares,,"27,950,000","27,896,000","27,882,000","27,867,000","27,815,000",,"27,687,000","27,659,000","27,809,000","27,922,000","27,952,000","27,961,000","27,908,000","27,951,000","28,009,000","27,971,000","27,851,000","27,837,000","27,907,000","27,557,000","27,144,000","27,138,000","27,128,000","27,101,000","27,059,000","27,099,000","27,179,000","27,240,000","27,188,000","27,137,000","27,113,000","27,039,000","26,923,000",,"26,770,000","26,734,000","26,658,000",,"26,455,000","26,390,000","26,294,000","26,232,000","26,339,000","26,286,000","26,126,000",,"25,956,000","25,926,000","25,829,000",,"25,672,000","25,638,000","25,534,000",,"25,265,000","25,232,000","25,099,000",,"24,438,000","24,285,000","24,140,000",,"24,067,000","24,031,000","23,937,000",,"22,920,000","22,815,000","22,778,000",,"22,717,000","22,686,000","22,648,000",,"23,760,000","21,893,333","22,525,806",,"22,288,000","22,384,889","22,254,167",,"22,436,842","22,312,500","22,412,821",,"23,256,098","23,177,500","23,124,324",,"23,428,571","23,529,412","23,548,387",,"23,750,000","23,750,000","22,580,645",,"18,787,879","18,709,677","18,928,571",,"18,148,148","18,750,000","18,695,652",,"18,500,000","19,000,000","22,400,000",,"18,181,818","18,500,000","18,333,333",,"18,008,475","18,461,538","18,181,818",,"18,000,000","18,461,538","18,571,429",,"18,000,000","18,400,000","18,095,238",,"18,148,148","18,461,538","17,916,667",,"18,004,000","17,832,000","17,832,000",,"17,717,000","17,492,000","17,492,000",,"17,440,000","17,350,000","17,350,000",,"17,221,000","17,221,000","17,189,000",,"17,030,000"
DilutedAverageShares,,"28,082,000","27,898,000","27,888,000","27,913,000","27,867,000",,"27,687,000","27,659,000","27,891,000","28,056,000","28,117,000","28,123,000","28,070,000","28,119,000","28,258,000","28,349,000","28,168,000","28,172,000","28,219,000","27,842,000","28,897,000","28,460,000","28,080,000","27,944,000","27,806,000","27,725,000","27,770,000","28,098,000","27,878,000","27,812,000","27,862,000","27,844,000","27,591,000",,"27,233,000","26,899,000","27,054,000",,"26,623,000","26,534,000","26,463,000","26,412,000","26,561,000","26,673,000","26,355,000",,"26,104,000","26,093,000","26,017,000",,"25,831,000","25,721,000","25,598,000",,"25,548,000","25,497,000","25,391,000",,"25,336,000","25,210,000","25,105,000",,"24,794,000","24,880,000","24,946,000",,"22,920,000","23,693,000","23,649,000",,"22,717,000","22,686,000","23,660,000",,"23,760,000","21,893,333","23,276,667",,"22,288,000","22,384,889","22,254,167",,"23,043,243","22,312,500","23,002,632",,"23,837,500","23,771,795","23,766,667",,"24,117,647","24,242,424","24,333,333",,"24,516,129","24,516,129","24,137,931",,"21,379,310","20,714,286","18,928,571",,"19,600,000","19,565,217","19,545,455",,"18,500,000","19,000,000","23,333,333",,"18,181,818","18,500,000","18,333,333",,"18,008,475","19,200,000","18,181,818",,"18,750,000","19,200,000","18,571,429",,"18,750,000","19,166,667","18,095,238",,"18,846,154","19,200,000","18,695,652",,"18,004,000","17,832,000","17,832,000",,"17,717,000","17,492,000","17,492,000",,"17,440,000","17,350,000","17,350,000",,"17,221,000","17,221,000","17,189,000",,"17,030,000"
TotalOperatingIncomeAsReported,"46,940,000","3,057,000","13,089,000","15,962,000","14,832,000","5,613,000","-38,192,000","-38,927,000","-2,770,000","-4,422,000","14,840,000","15,627,000","10,575,000","23,364,000","34,209,000","7,256,000","20,875,000","20,724,000","42,277,000","30,298,000","27,392,000","14,208,000","26,664,000","31,062,000","29,847,000","18,350,000","21,975,000","29,783,000","30,431,000","22,330,000","35,875,000","25,956,000","27,687,000","20,989,000","24,275,000","31,421,000","31,017,000","13,767,000","22,050,000","25,109,000","28,499,000","17,180,000","21,805,000","20,342,000","23,102,000","23,582,000","27,542,000","19,592,000","11,190,000","4,493,000","13,706,000","14,666,000","16,167,000","9,403,000","12,444,000","24,448,000","14,591,000","13,783,000","15,952,000","17,008,000","16,707,000","17,030,000","16,825,000","15,583,000","13,506,000","11,271,000","20,010,000","-4,824,000","6,667,000","8,717,000","-1,649,000","-13,270,000","-2,770,000","3,228,000","448,062,000","1,325,000","5,989,000","6,917,000","8,697,000","9,615,000","-77,795,000","9,273,000","9,054,000","11,824,000","-20,496,000","12,953,000","12,166,000","14,822,000","14,285,000","13,378,000","4,200,000","12,900,000","13,000,000","12,100,000","13,300,000","13,100,000","13,200,000","11,800,000","14,300,000","13,500,000","12,700,000","12,100,000","15,000,000","12,500,000","12,300,000","11,500,000","10,800,000","10,000,000","10,000,000","11,300,000","9,300,000","8,600,000","8,500,000","8,200,000","6,200,000","-62,000,000","10,100,000","8,600,000","7,400,000","9,100,000","9,700,000","8,600,000","6,400,000","9,500,000","10,000,000","8,900,000","10,000,000","11,300,000","10,900,000","10,200,000",,,,,,,,,,,,,,,,,,
TotalExpenses,"642,449,000","154,762,000","161,375,000","161,270,000","165,042,000","163,702,000","179,764,000","192,308,000","166,102,000","200,609,000","214,803,000","165,392,000","163,931,000","433,819,000","457,748,000","424,746,000","446,825,000","440,973,000","431,517,000","414,460,000","421,599,000","421,753,000","406,397,000","422,388,000","440,781,000","432,876,000","430,215,000","403,969,000","416,325,000","420,425,000","423,716,000","436,329,000","431,345,000","392,832,000","411,969,000","392,242,000","400,687,000","374,229,000","361,879,000","389,451,000","376,989,000","371,566,000","356,649,000","336,178,000","361,984,000","354,241,000","331,643,000","339,953,000","305,897,000","272,855,000","255,362,000","275,235,000","277,056,000","284,632,000","296,363,000","310,685,000","301,694,000","271,998,000","256,311,000","257,848,000","303,246,000","300,288,000","292,115,000","292,027,000","279,470,000","285,366,000","268,506,000","282,935,000","264,596,000","254,589,000","257,975,000","259,287,000","249,941,000","242,450,000","236,593,000","221,999,000","210,322,000","209,093,000","220,571,000","209,152,000","278,883,000","214,090,000","208,063,000","207,595,000","215,137,000","231,739,000","250,965,000","236,954,000","242,066,000","246,598,000","239,200,000","229,700,000","233,700,000","237,700,000","256,500,000","236,600,000","234,200,000","227,300,000","258,100,000","256,500,000","237,500,000","240,100,000","224,100,000","215,500,000","234,200,000","228,500,000","230,800,000","216,000,000","211,900,000","198,700,000","205,300,000","190,600,000","200,500,000","189,800,000","192,100,000","265,000,000","184,800,000","189,300,000","192,000,000","180,700,000","178,600,000","196,900,000","192,400,000","180,200,000","184,900,000","186,100,000","201,000,000","192,000,000","196,200,000","193,700,000",,,,,,,,,,,,,,,,,,
NetIncomeFromContinuingAndDiscontinuedOperation,"39,720,000","4,028,000","9,169,000","14,667,000","11,856,000","7,984,000","-31,420,000","-38,507,000","-100,000","285,000","39,462,000","142,776,000","13,466,000","14,125,000","23,577,000","1,432,000","15,094,000","14,066,000","13,797,000","16,280,000","13,458,000","6,291,000","15,127,000","17,455,000","16,495,000","9,777,000","8,774,000","17,224,000","21,691,000","12,749,000","15,063,000","14,779,000","16,573,000","11,457,000","12,875,000","19,179,000","17,892,000","7,154,000","14,161,000","14,982,000","16,479,000","9,403,000","11,776,000","12,359,000","13,421,000","13,586,000","14,696,000","15,825,000","6,077,000","1,726,000","8,255,000","9,624,000","9,394,000","5,376,000","6,788,000","13,530,000","6,413,000","8,868,000","24,048,000","11,737,000","10,059,000","10,075,000","9,642,000","8,738,000","7,486,000","5,920,000","9,178,000","-3,612,000","2,757,000","4,705,000","611,000","-11,889,000","-1,836,000","1,292,000","967,000","1,188,000","3,284,000","13,966,000","5,852,000","5,572,000","-50,366,000","5,341,000","6,942,000","8,526,000","-12,495,000","8,741,000","9,558,000","9,535,000","9,271,000","8,556,000","1,600,000","8,200,000","8,000,000","7,300,000","7,800,000","7,600,000","7,600,000","7,000,000","61,100,000","7,100,000","6,700,000","-4,400,000","7,200,000","5,800,000","5,400,000","5,200,000","4,800,000","4,600,000","4,700,000","5,600,000","-26,900,000","4,900,000","4,600,000","4,200,000","4,900,000","-42,500,000","4,800,000","4,000,000","4,200,000","4,500,000","4,800,000","3,900,000","4,100,000","4,500,000","4,600,000","3,800,000","5,200,000","4,900,000","4,800,000","4,300,000",,,,,,,,,,,,,,,,,,
NormalizedIncome,"43,564,404.357","4,200,895","9,667,590","16,653,530","13,275,274","9,764,350","4,121,979.648","4,379,770","8,300,840","5,550,530","38,061,600","10,706,205","6,539,380","14,283,670","30,049,145.993","9,502,880","15,443,206","15,288,500","13,870,200","17,739,744","13,467,465","6,278,680","15,127,667.918","17,470,384","16,504,100","9,758,072","8,826,200","17,217,470","21,346,696","12,767,063","23,268,891.75","14,904,396","16,232,304","11,528,928","14,252,997.953","18,695,000","17,905,524","7,208,510","13,289,290.239","14,969,882.998","16,527,952.627","9,227,841.009","11,350,062.284","12,481,304.414","13,437,523.441","13,838,856.514","17,420,150","15,841,409.592","6,371,575.129","1,211,125.424","8,255,692.65","10,091,828.102","10,108,128.973","5,241,882.179","6,915,998.394","14,774,785.613","11,438,200","9,031,150.92","7,689,140.658","9,482,759.649","9,723,742.982","9,740,924.956","9,338,746.029","8,451,140.339","7,366,810.017","5,845,600","8,788,000","-3,831,836.124","2,668,200","4,573,000","468,200","-12,156,843.743","-2,131,800","1,391,600","888,400","356,460.829","3,203,872.602","3,755,660.544","5,150,579.756","5,803,433.251","-45,776,917.386","5,474,974.684","6,470,809.971","8,681,548.461","-13,877,770.98","8,424,880.365","7,952,859.206","9,776,732.394","9,539,538.424","8,528,587.14","3,339,130.435","8,452,307.692","7,938,931.298","7,360,330.579","8,040,000","7,840,000","7,780,000","7,000,000","6,680,000","7,220,000","6,835,353.535","8,196,078.431","7,320,000","5,920,000","5,460,000","5,320,000","4,920,000","4,660,526.316","4,700,000","5,600,000","-26,900,000","4,900,000","4,600,000","4,200,000","2,500,000","-42,433,903.577","4,860,000","4,000,000","3,120,000","4,561,643.836","4,860,759.494","3,960,000","2,928,571.429","4,500,000","4,600,000","3,800,000","5,200,000","4,900,000","4,800,000","4,300,000",,,,,,,,,,,,,,,,,,
InterestExpense,"14,520,000","2,481,000","4,058,000","3,646,000","4,335,000","4,251,000","4,888,000","5,327,000","5,808,000","3,247,000","2,607,000","4,058,000","5,236,000","5,313,000","4,658,000","5,085,000","5,002,000","5,352,000","5,035,000","5,264,000","6,122,000","4,160,000","3,787,000","4,165,000","3,988,000","3,807,000","3,387,000","3,208,000","3,222,000","3,327,000","3,322,000","3,444,000","3,297,000","3,109,000","3,215,000","3,113,000","3,163,000","3,068,000","3,551,000","2,924,000","2,831,000",,,,,,,,,,,,,,,,,,,,,,,,,,,,,,,,,,,,,,,,,,,,,,,,,,,,,,,,,,,,,,,,,,,,,,,,,,,,,,,,,,,,,,,,,,,,,,,,,,,,,,,,,,,
NetInterestIncome,"-14,520,000","-2,481,000","-4,058,000","-3,646,000","-4,335,000","-4,251,000","-4,888,000","-5,327,000","-5,808,000","-3,247,000","-2,607,000","-4,058,000","-5,236,000","-5,313,000","-4,658,000","-5,085,000","-5,002,000","-5,352,000","-5,035,000","-5,264,000","-6,122,000","-4,160,000","-3,787,000","-4,165,000","-3,988,000","-3,807,000","-3,387,000","-3,208,000","-3,222,000","-3,327,000","-3,322,000","-3,444,000","-3,297,000","-3,109,000","-3,215,000","-3,113,000","-3,163,000","-3,068,000","-3,551,000","-2,924,000","-2,831,000","-2,879,000","-20,316,000","2,733,000","2,821,000","3,070,000","-4,349,000","-3,529,000","2,337,000","-2,054,000","-1,791,000","-1,270,000","-866,000","-1,104,000",,,,,,,,,,,,,,,,,,,,,,,,,,,,,,,,,,,,,,,,,,,,,,,,,,,,,,,,,,,,,,,,,,,,,,,,,,,,,,,,,,,,,,,,,,,,,,
EBIT,"72,172,000","7,816,000","19,903,000","22,760,000","21,693,000","12,442,000","-33,240,000","-32,501,000","4,450,000","2,397,000","17,609,000","16,485,000","11,138,000","23,554,000","37,276,000","10,410,000","23,553,000","24,095,000","42,350,000","30,781,000","27,461,000","14,367,000","26,435,000","31,394,000","29,358,000","18,264,000","18,709,000","29,598,000","30,432,000","22,394,000","35,793,000","25,704,000","27,390,000","20,787,000","24,218,000","31,442,000","30,959,000","13,436,000","21,991,000","25,180,000","28,415,000","17,156,000","22,075,000","20,342,000","23,102,000","23,582,000","33,466,000","19,592,000","11,190,000","3,917,000","13,710,000","14,666,000","16,167,000","9,403,000","20,033,000","24,448,000","14,591,000","13,783,000","15,952,000","17,008,000","16,707,000","17,030,000","16,825,000","15,583,000","13,506,000","11,271,000","20,010,000","-4,824,000","6,667,000","8,717,000","-1,649,000","-13,270,000","-2,770,000","3,228,000","2,261,000","1,325,000","5,989,000","6,917,000","8,697,000","9,615,000","-69,505,000","9,273,000","9,054,000","11,824,000","-20,496,000","12,953,000","12,166,000","14,822,000","14,285,000","13,378,000","4,200,000","12,900,000","13,000,000","12,100,000","13,300,000","13,100,000","13,200,000","11,800,000","14,300,000","13,500,000","12,700,000","12,100,000","15,000,000","12,500,000","12,300,000","11,500,000","10,800,000","10,000,000","10,000,000","11,300,000","9,300,000","8,600,000","8,500,000","8,200,000","6,200,000","-62,000,000","10,100,000","8,600,000","7,400,000","9,100,000","9,700,000","8,600,000","6,400,000","9,500,000","10,000,000","8,900,000","10,000,000","11,300,000","10,900,000","10,200,000","-569,500,000","190,200,000","204,000,000","203,600,000","-524,100,000","190,100,000","195,300,000","190,700,000","-468,300,000","175,800,000","173,300,000","169,600,000","-387,000,000","138,700,000","143,000,000","143,300,000","-374,000,000","137,400,000"
EBITDA,"108,449,000"
ReconciledCostOfRevenue,"435,146,000","101,096,000","109,835,000","110,312,000","113,903,000","118,711,000","130,951,000","147,084,000","121,222,000","139,620,000","165,230,000","121,537,000","122,123,000","320,603,000","349,182,000","314,500,000","332,486,000","329,220,000","325,158,000","308,111,000","314,043,000","311,125,000","297,656,000","317,984,000","326,876,000","316,768,000","324,832,000","303,816,000","314,372,000","314,871,000","325,370,000","332,827,000","329,755,000","299,071,000","322,099,000","304,806,000","310,468,000","277,809,000","278,741,000","299,309,000","290,151,000","282,654,000","272,301,000","255,219,000","278,917,000","273,545,000","257,080,000","265,782,000","233,827,000","204,017,000","195,992,000","213,209,000","214,752,000","216,340,000","235,995,000","246,260,000","230,013,000","209,190,000","197,520,000","198,399,000","231,774,000","228,189,000","222,630,000","223,484,000","212,462,000","215,292,000","205,502,000","215,899,000","200,573,000","192,411,000","200,003,000","195,365,000","191,894,000","183,023,000","185,535,000","168,584,000","160,414,000","159,956,000","170,799,000","160,961,000","228,800,000","162,683,000","158,982,000","164,243,000","167,865,000","182,692,000","197,157,000","184,443,000","189,326,000","191,708,000","186,600,000","176,100,000","179,600,000","181,800,000","196,000,000","182,300,000","179,200,000","173,200,000","201,000,000","203,300,000","185,400,000","186,100,000","171,600,000","167,400,000","182,700,000","174,500,000","176,700,000","165,600,000","162,400,000","149,400,000","159,500,000","143,800,000","152,900,000","142,500,000","144,000,000","150,500,000","139,200,000","140,900,000","148,600,000","135,500,000","134,700,000","151,400,000","149,300,000","137,700,000","140,000,000","141,900,000","156,500,000","148,900,000","152,500,000","151,700,000",,,,,,,,,,,,,,,,,,
ReconciledDepreciation,"36,277,000","8,832,000","9,180,000","9,083,000","9,182,000","9,209,000","11,695,000","12,390,000","10,305,000","9,509,000","6,546,000","6,943,000","2,351,000","10,014,000","10,529,000","10,375,000","10,464,000","10,661,000","10,552,000","10,610,000","10,165,000","11,144,000","11,197,000","11,218,000","11,594,000","10,920,000","9,920,000","9,226,000","9,213,000","9,370,000","9,672,000","9,468,000","8,857,000","8,212,000","8,155,000","8,192,000","7,893,000","7,635,000","7,943,000","7,091,000","6,678,000","6,671,000","6,629,000","5,757,000","5,506,000","5,299,000","5,217,000","5,810,000","4,979,000","4,478,000","4,302,000","4,110,000","3,855,000","3,837,000","3,786,000","3,621,000","2,850,000","2,585,000","2,689,000","1,486,000","2,820,000","2,898,000","2,587,000","2,720,000","2,632,000","2,533,000","2,680,000","2,298,000","2,288,000","2,289,000","2,133,000","2,202,000","2,396,000","2,238,000","2,362,000","2,526,000","2,505,000","2,626,000","3,100,000","2,822,000","2,938,000","2,760,000","2,883,000","2,904,000","2,839,000","2,815,000","2,973,000","2,880,000","2,865,000","2,912,000","3,000,000","3,000,000","3,100,000","2,900,000","3,300,000","2,600,000","2,700,000","2,500,000","3,200,000","3,000,000","3,000,000","3,000,000","3,400,000","3,000,000","3,000,000","3,000,000","3,500,000","3,600,000","2,800,000","2,800,000","3,700,000","3,300,000","3,000,000","3,100,000","3,800,000","3,100,000","3,200,000","3,400,000","3,400,000","3,400,000","3,300,000","3,300,000","3,600,000","3,400,000","3,300,000","3,300,000","4,200,000","3,100,000","3,000,000","3,200,000",,,,,,,,,,,,,,,,,,
NetIncomeFromContinuingOperationNetMinorityInterest,"39,720,000","4,028,000","9,169,000","14,667,000","11,856,000","7,984,000","-31,420,000","-38,507,000","-100,000","-407,000","34,105,000","10,130,000","6,389,000","14,125,000","23,577,000","1,432,000","15,094,000","14,066,000","13,797,000","16,280,000","13,458,000","6,291,000","15,127,000","17,455,000","16,495,000","9,777,000","8,774,000","17,224,000","21,691,000","12,749,000","23,256,000","14,873,000","16,194,000","11,457,000","12,958,000","18,695,000","17,892,000","7,154,000","13,064,000","14,982,000","16,479,000","9,403,000","11,776,000","12,359,000","13,421,000","13,586,000","14,696,000","15,825,000","6,077,000","1,726,000","8,255,000","9,624,000","9,394,000","5,376,000","6,619,000","13,530,000","6,090,000","8,868,000","8,974,000","9,437,000","10,059,000","10,075,000","9,642,000","8,738,000","7,486,000","5,920,000","9,178,000","-3,612,000","2,757,000","4,705,000","611,000","-11,889,000","-1,836,000","1,292,000","967,000","1,188,000","3,284,000","13,966,000","5,852,000","5,572,000","-50,366,000","5,341,000","6,942,000","8,526,000","-12,495,000","8,741,000","9,558,000","9,535,000","9,271,000","8,556,000","1,600,000","8,200,000","8,000,000","7,300,000","7,800,000","7,600,000","7,600,000","7,000,000","61,100,000","7,100,000","6,700,000","-4,400,000","7,200,000","5,800,000","5,400,000","5,200,000","4,800,000","4,600,000","4,700,000","5,600,000","-26,900,000","4,900,000","4,600,000","4,200,000","4,900,000","-42,500,000","4,800,000","4,000,000","4,200,000","4,500,000","4,800,000","3,900,000","4,100,000","4,500,000","4,600,000","3,800,000","5,200,000","4,900,000","4,800,000","4,300,000",,,,,,,,,,,,,,,,,,
TotalUnusualItemsExcludingGoodwill,"-5,580,000","-229,000","-683,000","-2,590,000","-2,078,000","-1,826,000","-43,130,000","-58,749,000","-11,508,000","-8,161,000","-5,420,000","-707,000","-206,000","-205,000","-8,954,000","-11,056,000","-429,000","-1,630,000","-122,000","-2,288,000","-15,000","20,000","-1,000","-24,000","-14,000","28,000","-87,000","10,000","432,000","-27,000","-18,000","-47,000","-57,000","-111,000","-2,099,000","0","-21,000","-79,000","-318,000","18,000","-76,000","271,000","669,000","-176,000","-25,000","-389,000","-4,191,000","-24,000","-451,000","792,000","-1,000","-621,000","-1,081,000","202,000","-475,000","-1,944,000","-8,228,000","-251,000","1,990,000","-74,000","520,000","532,000","493,000","473,000","192,000","124,000","650,000","309,000","148,000","220,000","238,000","312,000","493,000","-166,000","131,000","1,367,000","131,000","16,717,000","1,061,000","-355,000","-7,010,000","-216,000","629,000","-208,000","2,044,000","487,000","2,512,000","-378,000","-418,000","43,000","-2,500,000","-400,000","100,000","-100,000","-400,000","-400,000","-300,000",,"90,700,000","-200,000","-200,000","-14,600,000","-200,000","-200,000","-100,000","-200,000","-200,000","-100,000",,,,,,,"4,000,000","-100,000","-100,000",,"1,800,000","-100,000","-100,000","-100,000","1,800,000",,,,,,,,,,,,,,,,,,,,,,,,,
TotalUnusualItems,"-5,580,000","-229,000","-683,000","-2,590,000","-2,078,000","-1,826,000","-43,130,000","-58,749,000","-11,508,000","-8,161,000","-5,420,000","-707,000","-206,000","-205,000","-8,954,000","-11,056,000","-429,000","-1,630,000","-122,000","-2,288,000","-15,000","20,000","-1,000","-24,000","-14,000","28,000","-87,000","10,000","432,000","-27,000","-18,000","-47,000","-57,000","-111,000","-2,099,000","0","-21,000","-79,000","-318,000","18,000","-76,000","271,000","669,000","-176,000","-25,000","-389,000","-4,191,000","-24,000","-451,000","792,000","-1,000","-621,000","-1,081,000","202,000","-475,000","-1,944,000","-8,228,000","-251,000","1,990,000","-74,000","520,000","532,000","493,000","473,000","192,000","124,000","650,000","309,000","148,000","220,000","238,000","312,000","493,000","-166,000","131,000","1,367,000","131,000","16,717,000","1,061,000","-355,000","-7,010,000","-216,000","629,000","-208,000","2,044,000","487,000","2,512,000","-378,000","-418,000","43,000","-2,500,000","-400,000","100,000","-100,000","-400,000","-400,000","-300,000",,"90,700,000","-200,000","-200,000","-14,600,000","-200,000","-200,000","-100,000","-200,000","-200,000","-100,000",,,,,,,"4,000,000","-100,000","-100,000",,"1,800,000","-100,000","-100,000","-100,000","1,800,000",,,,,,,,,,,,,,,,,,,,,,,,,
NormalizedEBITDA,"114,029,000","16,877,000","29,766,000","34,433,000","32,953,000","23,477,000","21,585,000","38,638,000","26,263,000","20,067,000","29,575,000","24,135,000","13,695,000","33,773,000","56,759,000","31,841,000","34,446,000","36,386,000","53,024,000","43,679,000","37,641,000","25,491,000","37,633,000","42,636,000","40,966,000","29,156,000","28,716,000","38,814,000","39,213,000","31,791,000","45,483,000","35,219,000","36,304,000","29,110,000","34,472,000","39,634,000","38,873,000","21,150,000","30,252,000","32,253,000","35,169,000","23,556,000","28,035,000","26,275,000","28,633,000","29,270,000","42,874,000","25,426,000","16,620,000","7,603,000","18,013,000","19,397,000","21,103,000","13,038,000","24,294,000","30,013,000","25,669,000","16,619,000","16,651,000","18,568,000","19,007,000","19,396,000","18,919,000","17,830,000","15,946,000","13,680,000","22,040,000","-2,835,000","8,807,000","10,786,000","246,000","-11,380,000","-867,000","5,632,000","4,492,000","2,484,000","8,363,000","-7,174,000","10,736,000","12,792,000","-59,557,000","12,249,000","11,308,000","14,936,000","-19,701,000","15,281,000","12,627,000","18,080,000","17,568,000","16,247,000","9,700,000","16,300,000","16,000,000","15,100,000","17,000,000","16,100,000","16,200,000","14,300,000","-73,200,000","16,700,000","15,900,000","29,700,000","18,600,000","15,700,000","15,400,000","14,700,000","14,500,000","13,700,000","12,800,000","14,100,000","13,000,000","11,900,000","11,600,000","11,300,000","6,000,000","-58,700,000","13,500,000","12,000,000","9,000,000","14,200,000","13,100,000","12,000,000","8,200,000","12,900,000","13,300,000","12,200,000","14,200,000","14,400,000","13,900,000","13,400,000","-569,500,000","190,200,000","204,000,000","203,600,000","-524,100,000","190,100,000","195,300,000","190,700,000","-468,300,000","175,800,000","173,300,000","169,600,000","-387,000,000","138,700,000","143,000,000","143,300,000","-374,000,000","137,400,000"
TaxRateForCalcs,"0.311","0.245","0.27","0.233","0.317","0.025","0.176","0.27","0.27","0.27","0.27","0.185","0.27","0.226","0.277","0.27","0.186","0.25","0.4","0.362","0.369","0.384","0.332","0.359","0.35","0.324","0.4","0.347","0.203","0.331","0.284","0.332","0.328","0.352","0.383","0.34","0.356","0.31","0.292","0.327","0.356","0.354","0.363","0.305","0.339","0.35","0.35","0.316","0.347","0.35","0.307","0.247","0.339","0.336","0.375","0.36","0.35","0.35","0.354","0.382","0.355","0.372","0.385","0.394","0.379","0.4","0.4","0.289","0.4","0.4","0.4","0.142","0.4","0.4","0.4","0.392","0.388","0.389","0.339","0.348","0.345","0.38","0.251","0.252","0.323","0.351","0.361","0.36","0.358","0.362","0.304","0.369","0.389","0.397","0.4","0.4","0.4","0.4","0.4","0.4","0.323","0.137","0.4","0.4","0.4","0.4","0.4","0.395","0.397","0.398","0.257","0.338","0.378","0.4","0.4","0.339","0.4","0.4","0.4","0.384","0.392","0.4","0.349","0.4","0.4","0.4","0.4","0.4","0.4","0.4",,,,,,,,,,,,,,,,,,
TaxEffectOfUnusualItems,"-1,735,595.643","-56,105","-184,410","-603,470","-658,726","-45,650","-7,588,020.352","-15,862,230","-3,107,160","-2,203,470","-1,463,400","-130,795","-55,620","-46,330","-2,481,854.007","-2,985,120","-79,794","-407,500","-48,800","-828,256","-5,535","7,680","-332.082","-8,616","-4,900","9,072","-34,800","3,470","87,696","-8,937","-5,108.25","-15,604","-18,696","-39,072","-804,002.047","0","-7,476","-24,490","-92,709.761","5,882.998","-27,047.373","95,841.009","243,062.284","-53,695.586","-8,476.559","-136,143.486","-1,466,850","-7,590.408","-156,424.871","277,125.424","-307.35","-153,171.898","-366,871.027","67,882.179","-178,001.606","-699,214.387","-2,879,800","-87,849.08","705,140.658","-28,240.351","184,742.982","197,924.956","189,746.029","186,140.339","72,810.017","49,600","260,000","89,163.876","59,200","88,000","95,200","44,156.257","197,200","-66,400","52,400","535,460.829","50,872.602","6,506,660.544","359,579.756","-123,566.749","-2,420,917.386","-82,025.316","157,809.971","-52,451.539","661,229.02","170,880.365","906,859.206","-136,267.606","-149,461.576","15,587.14","-760,869.565","-147,692.308","38,931.298","-39,669.421","-160,000","-160,000","-120,000","0","36,280,000","-80,000","-64,646.465","-2,003,921.569","-80,000","-80,000","-40,000","-80,000","-80,000","-39,473.684","0","0","0","0","0","0","1,600,000","-33,903.577","-40,000","0","720,000","-38,356.164","-39,240.506","-40,000","628,571.429","0","0","0","0","0","0","0",,,,,,,,,,,,,,,,,,