name,ttm,03/31/2022,12/31/2021,09/30/2021,06/30/2021,03/31/2021,12/31/2020,09/30/2020,06/30/2020,03/31/2020,12/31/2019,09/30/2019,06/30/2019,03/31/2019,12/31/2018,09/30/2018,06/30/2018,03/31/2018,12/31/2017,09/30/2017,06/30/2017,03/31/2017,12/31/2016,09/30/2016,06/30/2016,03/31/2016,12/31/2015,09/30/2015,06/30/2015,03/31/2015,12/31/2014,09/30/2014,06/30/2014,03/31/2014,12/31/2013,09/30/2013,06/30/2013,03/31/2013,12/31/2012,09/30/2012,06/30/2012,03/31/2012,12/31/2011,09/30/2011,06/30/2011,03/31/2011,12/31/2010,09/30/2010,06/30/2010,03/31/2010,12/31/2009,09/30/2009,06/30/2009,03/31/2009,12/31/2008,09/30/2008,06/30/2008,03/31/2008,12/31/2007,09/30/2007,06/30/2007,03/31/2007,12/31/2006,09/30/2006,06/30/2006,03/31/2006,12/31/2005,09/30/2005,06/30/2005,03/31/2005,12/31/2004,09/30/2004,06/30/2004,03/31/2004,12/31/2003,09/30/2003,06/30/2003,03/31/2003,12/31/2002,09/30/2002,06/30/2002,03/31/2002,12/31/2001,09/30/2001,06/30/2001,03/31/2001,12/31/2000,09/30/2000,06/30/2000,03/31/2000,12/31/1999,09/30/1999,06/30/1999,03/31/1999,12/31/1998,09/30/1998,06/30/1998,03/31/1998,12/31/1997,09/30/1997,06/30/1997,03/31/1997,12/31/1996,09/30/1996,06/30/1996,03/31/1996,12/31/1995,09/30/1995,06/30/1995,03/31/1995,12/31/1994,09/30/1994,06/30/1994,03/31/1994,12/31/1993,09/30/1993,06/30/1993,03/31/1993,12/31/1992,09/30/1992,06/30/1992,03/31/1992,12/31/1991,09/30/1991,06/30/1991,03/31/1991,12/31/1990,09/30/1990,06/30/1990,03/31/1990,12/31/1989,09/30/1989,06/30/1989,03/31/1989,12/31/1988,09/30/1988,06/30/1988,03/31/1988,12/31/1987,09/30/1987,06/30/1987,03/31/1987,12/31/1986,09/30/1986,06/30/1986,03/31/1986,12/31/1985,09/30/1985
TotalRevenue,"5,000,200,000","1,296,400,000","1,250,300,000","1,195,400,000","1,258,100,000","1,205,900,000","1,241,400,000","1,038,200,000","975,300,000","1,261,100,000","1,337,800,000","1,267,700,000","1,367,500,000","1,382,600,000","1,414,700,000","1,342,400,000","1,386,900,000","1,369,900,000","1,422,300,000","1,328,800,000","1,333,600,000","1,289,700,000","1,304,400,000","1,247,800,000","1,375,500,000","1,349,100,000","1,461,600,000","1,351,000,000","1,385,000,000","1,320,600,000","1,425,000,000","1,396,400,000","1,410,500,000","1,330,800,000","1,385,800,000","1,345,600,000","1,366,900,000","1,314,800,000","1,375,400,000","1,354,200,000","1,366,100,000","1,354,800,000","1,396,300,000","1,409,800,000","1,405,800,000","1,339,100,000","1,325,800,000","1,284,700,000","1,209,400,000","1,130,400,000","1,194,100,000","1,049,200,000","1,028,900,000","1,042,600,000","1,279,091,000","1,397,748,000","1,452,007,000","1,388,444,000","1,475,759,000","1,425,298,000","1,415,674,000","1,350,858,000","1,410,450,000","1,418,804,000","1,416,409,000","1,360,089,000","1,383,942,000","1,344,644,000","1,311,904,000","1,249,335,000","1,355,922,000","1,244,854,000","1,224,464,000","1,158,811,000","1,164,973,000","1,097,268,000","1,059,517,000","1,003,397,000","1,123,746,000","1,122,715,000","1,076,969,000","1,000,040,000","1,037,059,000","1,066,380,000","1,066,255,000","1,087,198,000","1,146,002,000","1,154,480,000","1,106,740,000","1,080,069,000","1,084,400,000","1,092,000,000","1,066,800,000","1,026,000,000","1,098,800,000","1,032,900,000","1,001,300,000","959,400,000","1,011,100,000","1,001,200,000","959,700,000","880,800,000","890,900,000","873,200,000","804,300,000","733,900,000","718,200,000","698,500,000","652,400,000","620,700,000","631,400,000","630,200,000","570,800,000","530,200,000","499,000,000","519,100,000","483,800,000","452,600,000","477,000,000","452,400,000","415,700,000","377,400,000","382,500,000","378,000,000","347,100,000","330,300,000","361,800,000","386,100,000","367,700,000","355,000,000","351,700,000","358,800,000","343,300,000","323,700,000","322,000,000","335,800,000","315,400,000","296,100,000","311,200,000","303,600,000","286,300,000","260,300,000","266,400,000","273,400,000","259,400,000","234,500,000","228,700,000","230,900,000"
	OperatingRevenue,"5,000,200,000","1,296,400,000","1,250,300,000","1,195,400,000","1,258,100,000","1,205,900,000","1,241,400,000","1,038,200,000","975,300,000","1,261,100,000","1,337,800,000","1,267,700,000","1,367,500,000","1,382,600,000","1,414,700,000","1,342,400,000","1,386,900,000","1,369,900,000","1,422,300,000","1,328,800,000","1,333,600,000","1,289,700,000","1,304,400,000","1,247,800,000","1,375,500,000","1,349,100,000","1,461,600,000","1,351,000,000","1,385,000,000","1,320,600,000","1,425,000,000","1,396,400,000","1,410,500,000","1,330,800,000","1,385,800,000","1,345,600,000","1,366,900,000","1,314,800,000","1,375,400,000","1,354,200,000","1,366,100,000","1,354,800,000","1,396,300,000","1,409,800,000","1,405,800,000","1,339,100,000","1,325,800,000","1,284,700,000","1,209,400,000","1,130,400,000","1,194,100,000","1,049,200,000","1,028,900,000","1,042,600,000","1,279,091,000","1,397,748,000","1,452,007,000","1,388,444,000","1,475,759,000","1,425,298,000","1,415,674,000","1,350,858,000","1,410,450,000","1,418,804,000","1,416,409,000","1,360,089,000","1,383,942,000","1,344,644,000","1,311,904,000","1,249,335,000","1,355,922,000","1,244,854,000","1,224,464,000","1,158,811,000","1,164,973,000","1,097,268,000","1,059,517,000","1,003,397,000","1,123,746,000","1,122,715,000","1,076,969,000","1,000,040,000","1,037,059,000","1,066,380,000","1,066,255,000","1,087,198,000","1,146,002,000","1,154,480,000","1,106,740,000","1,080,069,000","1,084,400,000","1,092,000,000","1,066,800,000","1,026,000,000","1,098,800,000","1,032,900,000","1,001,300,000","959,400,000","1,011,100,000","1,001,200,000","959,700,000","880,800,000","890,900,000","873,200,000","804,300,000","733,900,000","718,200,000","698,500,000","652,400,000","620,700,000","631,400,000","630,200,000","570,800,000","530,200,000","499,000,000","519,100,000","483,800,000","452,600,000","477,000,000","452,400,000","415,700,000","377,400,000","382,500,000","378,000,000","347,100,000","330,300,000","361,800,000","386,100,000","367,700,000","355,000,000","351,700,000","358,800,000","343,300,000","323,700,000","322,000,000","335,800,000","315,400,000","296,100,000","311,200,000","303,600,000","286,300,000","260,300,000","266,400,000","273,400,000","259,400,000","234,500,000","228,700,000","230,900,000"
CostOfRevenue,"4,035,700,000","1,037,800,000","1,004,300,000","966,500,000","1,027,100,000","992,600,000","1,017,300,000","847,200,000","786,100,000","1,037,800,000","1,092,700,000","1,040,000,000","1,123,500,000","1,131,000,000","1,160,300,000","1,103,300,000","1,146,400,000","1,131,700,000","1,159,300,000","1,098,100,000","1,104,800,000","1,058,100,000","1,076,400,000","1,032,700,000","1,145,000,000","1,116,400,000","1,212,100,000","1,122,800,000","1,162,700,000","1,100,300,000","1,192,400,000","1,171,000,000","1,182,400,000","1,108,500,000","1,154,300,000","1,125,200,000","1,146,200,000","1,097,900,000","1,153,200,000","1,126,700,000","1,142,900,000","1,131,100,000","1,169,100,000","1,181,200,000","1,181,200,000","1,125,400,000","1,109,400,000","1,077,500,000","1,018,500,000","950,400,000","1,005,800,000","883,000,000","857,200,000","867,100,000","1,054,445,000","1,152,032,000","1,194,605,000","1,138,557,000","1,210,323,000","1,178,419,000","1,168,108,000","1,121,650,000","1,173,418,000","1,180,207,000","1,186,186,000","1,140,727,000","1,161,412,000","1,126,466,000","1,097,802,000","1,045,251,000","1,141,222,000","1,042,486,000","1,026,382,000","975,455,000","978,905,000","924,661,000","887,113,000","837,845,000","942,458,000","940,453,000","906,753,000","841,080,000","870,618,000","894,659,000","887,936,000","895,290,000","933,957,000","939,042,000","909,731,000","882,470,000","873,400,000","885,900,000","868,800,000","838,700,000","891,900,000","839,100,000","816,500,000","784,700,000","823,800,000","818,200,000","783,200,000","718,100,000","722,500,000","705,700,000","645,500,000","589,800,000","565,800,000","551,400,000","514,900,000","493,600,000","500,300,000","501,400,000","456,800,000","419,200,000","397,600,000","413,300,000","384,900,000","360,700,000","374,000,000","357,700,000","329,600,000","295,300,000","296,600,000","292,800,000","266,500,000","250,600,000","270,100,000","287,000,000","271,700,000","261,700,000","259,200,000","262,500,000","250,500,000","236,300,000",,,,,,,,,,,,,,
GrossProfit,"964,500,000","258,600,000","246,000,000","228,900,000","231,000,000","213,300,000","224,100,000","191,000,000","189,200,000","223,300,000","245,100,000","227,700,000","244,000,000","251,600,000","254,400,000","239,100,000","240,500,000","238,200,000","263,000,000","230,700,000","228,800,000","231,600,000","228,000,000","215,100,000","230,500,000","232,700,000","249,500,000","228,200,000","222,300,000","220,300,000","232,600,000","225,400,000","228,100,000","222,300,000","231,500,000","220,400,000","220,700,000","216,900,000","222,200,000","227,500,000","223,200,000","223,700,000","227,200,000","228,600,000","224,600,000","213,700,000","216,400,000","207,200,000","190,900,000","180,000,000","188,300,000","166,200,000","171,700,000","175,500,000","224,646,000","245,716,000","257,402,000","249,887,000","265,436,000","246,879,000","247,566,000","229,208,000","237,032,000","238,597,000","230,223,000","219,362,000","222,530,000","218,178,000","214,102,000","204,084,000","214,700,000","202,368,000","198,082,000","183,356,000","186,068,000","172,607,000","172,404,000","165,552,000","181,288,000","182,262,000","170,216,000","158,960,000","166,441,000","171,721,000","178,319,000","191,908,000","212,045,000","215,438,000","197,009,000","197,599,000","211,000,000","206,100,000","198,000,000","187,300,000","206,900,000","193,800,000","184,800,000","174,700,000","187,300,000","183,000,000","176,500,000","162,700,000","168,400,000","167,500,000","158,800,000","144,100,000","152,400,000","147,100,000","137,500,000","127,100,000","131,100,000","128,800,000","114,000,000","111,000,000","101,400,000","105,800,000","98,900,000","91,900,000","103,000,000","94,700,000","86,100,000","82,100,000","85,900,000","85,200,000","80,600,000","79,700,000","91,700,000","99,100,000","96,000,000","93,300,000","92,500,000","96,300,000","92,800,000","87,400,000",,,,,,,,,,,,,,
OperatingExpense,"903,100,000","235,200,000","230,700,000","219,900,000","217,300,000","202,700,000","214,600,000","193,400,000","178,100,000","219,500,000","216,200,000","210,600,000","221,500,000","234,800,000","221,300,000","217,200,000","220,100,000","226,200,000","234,600,000","212,500,000","208,500,000","215,200,000","208,200,000","196,300,000","220,600,000","218,000,000","223,000,000","211,600,000","210,800,000","208,200,000","230,000,000","218,300,000","222,200,000","216,000,000","221,900,000","200,200,000","202,600,000","209,800,000","209,300,000","203,500,000","199,400,000","209,000,000","214,500,000","206,500,000","203,300,000","212,100,000","199,000,000","192,900,000","180,900,000","181,600,000","201,300,000","193,700,000","193,600,000","206,100,000","308,267,000","260,260,000","242,448,000","236,947,000","238,895,000","226,099,000","225,300,000","218,715,000","218,031,000","213,345,000","208,897,000","205,925,000","203,410,000","200,849,000","200,494,000","197,989,000","202,359,000","189,908,000","189,404,000","181,342,000","182,879,000","169,898,000","169,955,000","165,162,000","169,272,000","171,547,000","163,741,000","157,774,000","165,266,000","163,975,000","167,448,000","173,199,000","173,375,000","171,658,000","160,342,000","171,031,000","170,500,000","163,400,000","162,800,000","161,600,000","166,600,000","152,400,000","150,600,000","149,900,000","148,200,000","143,100,000","144,000,000","138,600,000","130,800,000","132,100,000","130,800,000","124,100,000","121,300,000","115,700,000","112,600,000","109,400,000","103,900,000","99,400,000","92,400,000","97,600,000","86,600,000","83,100,000","83,200,000","81,200,000","82,700,000","76,900,000","72,800,000","72,400,000","71,700,000","67,500,000","65,500,000","66,500,000","66,300,000","66,100,000","67,100,000","68,000,000","66,200,000","63,400,000","63,800,000","62,500,000",,,,,,,,,,,,,,
	SellingGeneralAndAdministration,"903,100,000","235,200,000","230,700,000","219,900,000","217,300,000","202,700,000","214,600,000","193,400,000","178,100,000","219,500,000","216,200,000","210,600,000","221,500,000","234,800,000","221,300,000","217,200,000","220,100,000","226,200,000","234,600,000","212,500,000","208,500,000","215,200,000","208,200,000","196,300,000","220,600,000","218,000,000","223,000,000","211,600,000","210,800,000","208,200,000","230,000,000","218,300,000","222,200,000","216,000,000","221,900,000","200,200,000","202,600,000","209,800,000","209,300,000","203,500,000","199,400,000","209,000,000","214,500,000","206,500,000","203,300,000","212,100,000","199,000,000","192,900,000","180,900,000","181,600,000","201,300,000","193,700,000","193,600,000","206,100,000","227,734,000","260,260,000","242,448,000","236,947,000","238,895,000","226,099,000","225,300,000","218,715,000","218,031,000","213,345,000","208,897,000","205,925,000","203,410,000","200,849,000","200,494,000","197,989,000","202,359,000","189,908,000","189,404,000","181,342,000","182,879,000","169,898,000","169,955,000","165,162,000","169,272,000","171,547,000","163,741,000","157,774,000","165,266,000","163,975,000","167,448,000","173,199,000","162,859,000","162,017,000","160,342,000","161,406,000","158,300,000","155,400,000","154,800,000","153,500,000","158,600,000","145,400,000","143,600,000","143,100,000","139,300,000","136,500,000","137,600,000","132,200,000","124,000,000","125,800,000","124,300,000","117,700,000","113,100,000","111,100,000","107,800,000","104,300,000","99,700,000","95,100,000","88,100,000","88,400,000","80,900,000","79,500,000","79,200,000","77,200,000","76,900,000","72,800,000","70,000,000","69,400,000","68,100,000","65,400,000","63,700,000","64,800,000","64,500,000","63,800,000","64,900,000","65,900,000","63,800,000","60,700,000","62,100,000","60,700,000",,,,,,,,,,,,,,
	DepreciationAmortizationDepletionIncomeStatement,,,,,,,,,,,,,,,,,,,,,,,,,,,,,,,,,,,,,,,,,,,,,,,,,,,,,,,,,,,,,,,,,,,,,,,,,,,,,,,,,,,,,,"10,534,000","10,516,000","9,641,000",,"9,625,000","12,200,000","8,000,000","8,000,000","8,100,000","8,000,000","7,000,000","7,000,000","6,800,000","8,900,000","6,600,000","6,400,000","6,400,000","6,800,000","6,300,000","6,500,000","6,400,000","8,200,000","4,600,000","4,800,000","5,100,000","4,200,000","4,300,000","4,300,000","9,200,000","5,700,000","3,600,000","4,000,000","4,000,000","5,800,000","4,100,000","2,800,000","3,000,000","3,600,000","2,100,000","1,800,000","1,700,000","1,800,000","2,300,000","2,200,000","2,100,000","2,400,000","2,700,000","1,700,000","1,800,000",,,,,,,,,,,,,,
		DepreciationAndAmortizationInIncomeStatement,,,,,,,,,,,,,,,,,,,,,,,,,,,,,,,,,,,,,,,,,,,,,,,,,,,,,,,,,,,,,,,,,,,,,,,,,,,,,,,,,,,,,,"10,534,000","10,516,000","9,641,000",,"9,625,000","12,200,000","8,000,000","8,000,000","8,100,000","8,000,000","7,000,000","7,000,000","6,800,000","8,900,000","6,600,000","6,400,000","6,400,000","6,800,000","6,300,000","6,500,000","6,400,000","8,200,000","4,600,000","4,800,000","5,100,000","4,200,000","4,300,000","4,300,000","9,200,000","5,700,000","3,600,000","4,000,000","4,000,000","5,800,000","4,100,000","2,800,000","3,000,000","3,600,000","2,100,000","1,800,000","1,700,000","1,800,000","2,300,000","2,200,000","2,100,000","2,400,000","2,700,000","1,700,000","1,800,000",,,,,,,,,,,,,,
	OtherOperatingExpenses,,,,,,,,,,,,,,,,,,,,,,,,,,,,,,,,,,,,,,,,,,,,,,,,,,,,,,,,,,,,,,,,,,,,,,,,,,,,,,,,,,,,,,"-10,534,000",,,,,,,,,,,,,,,,,,,,,,,,,,,,,,,,,,,,,,,,,,,,,,,,,,,,,,,,,,,,,,
OperatingIncome,"61,400,000","23,400,000","15,300,000","9,000,000","13,700,000","10,600,000","9,500,000","-2,400,000","11,100,000","3,800,000","28,900,000","17,100,000","22,500,000","16,800,000","33,100,000","21,900,000","20,400,000","12,000,000","28,400,000","18,200,000","20,300,000","16,400,000","19,800,000","18,800,000","9,900,000","14,700,000","26,500,000","16,600,000","11,500,000","12,100,000","2,600,000","7,100,000","5,900,000","6,300,000","9,600,000","20,200,000","18,100,000","7,100,000","12,900,000","24,000,000","23,800,000","14,700,000","12,700,000","22,100,000","21,300,000","1,600,000","17,400,000","14,300,000","10,000,000","-1,600,000","-13,000,000","-27,500,000","-21,900,000","-30,600,000","-83,621,000","-14,544,000","14,954,000","12,940,000","26,541,000","20,780,000","22,266,000","10,493,000","19,001,000","25,252,000","21,326,000","13,437,000","19,120,000","17,329,000","13,608,000","6,095,000","12,341,000","12,460,000","8,678,000","2,014,000","3,189,000","2,709,000","2,449,000","390,000","12,016,000","10,715,000","6,475,000","1,186,000","1,175,000","7,746,000","10,871,000","18,709,000","38,670,000","43,780,000","36,667,000","26,568,000","40,500,000","42,700,000","35,200,000","25,700,000","40,300,000","41,400,000","34,200,000","24,800,000","39,100,000","39,900,000","32,500,000","24,100,000","37,600,000","35,400,000","28,000,000","20,000,000","31,100,000","31,400,000","24,900,000","17,700,000","27,200,000","29,400,000","21,600,000","13,400,000","14,800,000","22,700,000","15,700,000","10,700,000","20,300,000","17,800,000","13,300,000","9,700,000","14,200,000","17,700,000","15,100,000","13,200,000","25,400,000","33,000,000","28,900,000","25,300,000","26,300,000","32,900,000","29,000,000","24,900,000","-848,100,000","335,800,000","315,400,000","296,100,000","-758,300,000","303,600,000","286,300,000","260,300,000","-694,600,000","273,400,000","259,400,000","234,500,000","-583,800,000","230,900,000"
NetNonOperatingInterestIncomeExpense,"-2,300,000","-500,000","-600,000","-600,000","-600,000","-500,000","-700,000","-400,000","-700,000","-600,000","-700,000","-500,000","-1,000,000","-900,000","-600,000","-500,000","-600,000","-600,000","-700,000","-500,000","-400,000","-400,000","-1,000,000","-700,000","-900,000","-800,000","-1,100,000","-800,000","-800,000","-800,000","-800,000","-600,000","-600,000","-500,000","-500,000","-600,000","-700,000","-600,000","-700,000","-600,000","-700,000","-400,000","-600,000","-400,000","-600,000","-800,000","-1,100,000","-1,200,000","-1,300,000","-1,300,000","-1,600,000","-700,000","-400,000","-100,000",,,,,,,,,,,,,,,,,,,,,,,,,,,,,,,,,,,,,,,,,,,,,,,,,,,,,,,,,,,,,,,,,,,,,,,,,,,,,,,,,,,,,,,,,,,,,,
	InterestIncomeNonOperating,"200,000","100,000","0","100,000","0","100,000","100,000","100,000","100,000","300,000","300,000","400,000","200,000","200,000","200,000","200,000","200,000","200,000","200,000","200,000","200,000","100,000","100,000","200,000","0","100,000","0","100,000","100,000","100,000","200,000","100,000","100,000","100,000","100,000","100,000","100,000","100,000","100,000","100,000","200,000","600,000","200,000","300,000","200,000","300,000","200,000","200,000","200,000","200,000","100,000","300,000","400,000","500,000",,,,,,,,,,,,,,,,,,,,,,,,,,,,,,,,,,,,,,,,,,,,,,,,,,,,,,,,,,,,,,,,,,,,,,,,,,,,,,,,,,,,,,,,,,,,,,
	InterestExpenseNonOperating,"2,500,000","600,000","600,000","700,000","600,000","600,000","800,000","500,000","800,000","900,000","1,000,000","900,000","1,200,000","1,100,000","800,000","700,000","800,000","800,000","900,000","700,000","600,000","500,000","1,100,000","900,000","900,000","900,000","1,100,000","900,000","900,000","900,000","1,000,000","700,000","700,000","600,000","600,000","700,000","800,000","700,000","800,000","700,000","900,000","1,000,000","800,000","700,000","800,000","1,100,000","1,300,000","1,400,000","1,500,000","1,500,000","1,700,000","1,000,000","800,000","600,000",,,,,,,,,,,,,,,,,,,,,,,,,,,,,,,,,,,,,,,,,,,,,,,,,,,,,,,,,,,,,,,,,,,,,,,,,,,,,,,,,,,,,,,,,,,,,,
OtherIncomeExpense,"28,100,000","-84,300,000","70,000,000","35,800,000","6,600,000","27,100,000","15,300,000","16,500,000","32,900,000","-191,100,000","-14,500,000","-39,000,000","74,700,000","13,000,000","-81,400,000","15,600,000","-51,300,000","22,600,000","1,600,000","100,000","-100,000","-1,200,000","1,700,000","87,500,000","700,000",,"400,000","800,000","-200,000","-1,700,000","-300,000","-1,600,000","300,000","-1,200,000","-100,000","-700,000","-2,600,000","-400,000","2,900,000","-100,000","200,000","-200,000","600,000","1,400,000","-100,000","400,000","-100,000","-300,000","-2,300,000","200,000","700,000","-1,400,000","-53,200,000","1,400,000","-83,831,000",,"309,000",,"244,000","50,000","424,000","-13,000","298,000",,"465,000",,,,,,,,,,,,,,,,,,,,,,,,,,,,,"200,000","700,000","800,000","800,000","700,000","600,000","100,000","500,000",,"-1,500,000","800,000","1,100,000","1,500,000","1,700,000","1,800,000","2,300,000","2,400,000","1,900,000","1,700,000","1,700,000","3,000,000",,,,,,,,,,,,,,,,,,,,,,,,,,,,,,,,,,
	GainOnSaleOfSecurity,"6,600,000","4,700,000","1,300,000","300,000","300,000","-200,000","900,000","-200,000","2,600,000","2,400,000","800,000","300,000","1,200,000","-600,000","2,000,000","-200,000","1,200,000","-1,100,000","1,600,000","100,000","-100,000","-1,200,000","1,700,000","300,000","900,000","-100,000",,"900,000","300,000","-1,600,000","-100,000","-100,000","700,000","-800,000","0","-400,000","-400,000","-100,000",,"-100,000","-100,000",,"-100,000","1,500,000",,,,,,,,,,,,,,,,,,,,,,,,,,,,,,,,,,,,,,,,,,,,,,,,,,,,,,,,,,,,,,,,,,,,,,,,,,,,,,,,,,,,,,,,,,,,,,,,,,,,,,,,
	EarningsFromEquityInterest,"24,600,000","-67,200,000","50,000,000","35,500,000","6,300,000","30,000,000","14,800,000","16,800,000","29,600,000","-77,800,000","700,000","-39,300,000","61,200,000","13,200,000","-83,200,000","15,800,000","-52,500,000","23,700,000",,"0",,,"100,000","87,200,000","-200,000","100,000","0","-100,000","-500,000","-100,000","-200,000","-1,500,000","-400,000","-400,000","-200,000","-300,000","-500,000","-300,000",,,,,,,,,,,,,,,,,,,,,,,,,,,,,,,,,,,,,,,,,,,,,,,,,,,,,,,,,,,,,,,,,,,,,,,,,,,,,,,,,,,,,,,,,,,,,,,,,,,,,,,,,,,,,,
	SpecialIncomeCharges,"-1,400,000","-20,400,000","19,000,000","0","0","0","0","0","0","-115,600,000","-15,800,000","0","12,300,000",,,,,,,,,,,,,,,,,,"0","0","0",,"0","0","-1,700,000",,"2,500,000",,"300,000","-200,000","700,000","-100,000","-100,000","400,000","-100,000","-300,000","-2,300,000","200,000","700,000","-1,400,000","-53,200,000","1,400,000","-83,831,000",,"309,000",,"257,000","50,000","424,000","-13,000","150,000",,"465,000",,,,,,,,,,,,,,,,,,,,,,,,,,,,,"200,000","700,000","800,000","800,000","700,000","600,000","100,000","500,000",,"-1,500,000","800,000","1,100,000","1,500,000","1,700,000","1,800,000","2,300,000","2,400,000","1,900,000","1,700,000","1,700,000","3,000,000",,,,,,,,,,,,,,,,,,,,,,,,,,,,,,,,,,
		ImpairmentOfCapitalAssets,,,"0","0","0","0","0","0","0","147,700,000","15,800,000",,,,,,,,,,,,,,,,,,,,"0","0","0",,"0","0","1,700,000",,"3,100,000",,,,"0","0","0",,"500,000","0","1,500,000",,"0","500,000","52,600,000",,,,,,,,,,,,,,,,,,,,,,,,,,,,,,,,,,,,,,,,,,,,,,,,,,,,,,,,,,,,,,,,,,,,,,,,,,,,,,,,,,,,,,,,,,,,,,,
		OtherSpecialCharges,,"20,400,000",,,,,,,,,,,,,,,,,,,,,,,,,,,,,,,,,,,,,,,,,"-700,000","100,000","100,000",,"-400,000","300,000","800,000",,"-700,000","900,000","600,000",,,,,,,,,,,,,,,,,,,,,,,,,,,,,,,,,,,,,,,,,,,,,,,,,,,,,,,,,,,,,,,,,,,,,,,,,,,,,,,,,,,,,,,,,,,,,,,
		GainOnSaleOfPPE,,,"0","0","0","0","0","0","0","32,100,000","0","0","12,300,000",,,,,,,,,,,,,,,,,,,,,,,,,,,,,,,,,,,,,,,,,,,,,,,,,,,,,,,,,,,,,,,,,,,,,,,,,,,,,,,,,,,,,,,,,,,,,,,,,,,,,,,,,,,,,,,,,,,,,,,,,,,,,,,,,,,,,,,
	OtherNonOperatingIncomeExpenses,"-1,700,000","-1,400,000","-300,000",,,"-2,700,000","-400,000","-100,000","700,000","-100,000","-200,000",,,"400,000","1,200,000",,,,"900,000",,,,"700,000","-400,000",,,"-700,000",,,"-2,500,000","-1,100,000",,,,"-600,000",,,,"-1,700,000",,,,,,,,,,,,,,,,,,,,,,,,,,,,,,,,,,,,,,,,,,,,,,,,,,,,,,,,,,,,,,,,,,,,,,,,,,,,,,,,,,,,,,,,,,,,,,,,,,,,,,,,,,,,,
PretaxIncome,"87,200,000","-61,400,000","84,700,000","44,200,000","19,700,000","37,200,000","24,100,000","13,700,000","43,300,000","-187,900,000","13,700,000","-22,400,000","96,200,000","28,900,000","-48,900,000","37,000,000","-31,500,000","34,000,000","29,300,000","17,800,000","19,800,000","14,800,000","20,500,000","105,600,000","9,700,000","13,900,000","25,800,000","16,600,000","10,500,000","9,600,000","1,500,000","4,900,000","5,600,000","4,600,000","9,000,000","18,900,000","14,800,000","6,100,000","8,100,000","23,300,000","23,300,000","14,100,000","12,700,000","23,100,000","20,600,000","1,200,000","16,200,000","12,800,000","6,400,000","-2,700,000","-13,900,000","-29,600,000","-75,500,000","-29,300,000","-87,047,000","-14,668,000","15,103,000","12,889,000","27,562,000","21,367,000","23,196,000","11,166,000","19,619,000","25,600,000","21,791,000","13,477,000","19,110,000","17,339,000","13,456,000","6,060,000","12,196,000","12,266,000","8,395,000","1,775,000","3,070,000","2,625,000","2,453,000","512,000","12,120,000","107,000","6,557,000","1,327,000","1,205,000","7,611,000","10,770,000","8,000,000","38,438,000","43,483,000","36,500,000","26,855,000","40,400,000","42,400,000","35,100,000","25,800,000","40,900,000","42,200,000","34,900,000","25,600,000","39,900,000","40,000,000","32,900,000","24,100,000","35,900,000","36,300,000","29,100,000","21,500,000","32,800,000","33,200,000","27,300,000","20,100,000","29,200,000","31,100,000","23,300,000","14,900,000","21,800,000","22,700,000","15,700,000","10,700,000","20,300,000","17,800,000","13,200,000","9,700,000","14,100,000","17,800,000","15,200,000","13,300,000","25,600,000","33,200,000","29,000,000","25,200,000","26,300,000","32,800,000","28,900,000","24,800,000",,,,,,,,,,,,,,
TaxProvision,"11,600,000","-13,000,000","16,100,000","11,100,000","-2,600,000","10,500,000","2,500,000","-1,200,000","900,000","-36,200,000","-5,900,000","-12,800,000","12,700,000","6,400,000","-23,800,000","5,900,000","-15,600,000","6,400,000","12,700,000","-4,100,000","1,500,000","2,700,000","1,800,000","24,700,000","800,000","2,700,000","-8,400,000","7,500,000","3,700,000","5,900,000","-15,500,000","3,500,000","2,800,000","2,100,000","-8,200,000","100,000","4,800,000","-6,800,000","-800,000","6,700,000","8,300,000","4,900,000","-11,400,000","3,400,000","600,000","100,000","1,600,000","3,200,000","2,500,000","-700,000","-5,700,000","-14,800,000","-9,500,000","-13,200,000","1,536,000","-3,115,000","4,673,000","4,898,000","9,089,000","6,685,000","7,885,000","5,908,000","1,293,000","7,782,000","9,118,000","4,919,000","5,793,000","4,664,000","4,123,000","2,122,000","3,550,000","4,894,000","3,348,000","710,000","1,258,000","1,121,000","969,000","202,000","4,787,000","4,245,000","2,622,000","531,000","482,000","3,045,000","4,310,000","3,200,000","15,150,000","17,480,000","14,675,000","10,795,000","16,200,000","17,400,000","14,400,000","10,600,000","16,800,000","17,300,000","14,300,000","10,500,000","16,400,000","16,400,000","13,500,000","9,900,000","14,700,000","14,900,000","11,700,000","8,600,000","12,600,000","12,800,000","10,600,000","7,800,000","11,000,000","11,800,000","8,900,000","5,700,000","8,100,000","8,700,000","5,700,000","3,800,000","7,200,000","6,400,000","4,700,000","3,500,000","5,000,000","6,400,000","5,500,000","4,800,000","9,300,000","12,300,000","10,800,000","9,400,000","9,800,000","12,200,000","10,800,000","9,300,000",,,,,,,,,,,,,,
EarningsFromEquityInterestNetOfTax,"7,300,000","800,000","3,100,000","1,700,000","1,700,000","-1,100,000","1,800,000","1,800,000","-1,300,000","-1,500,000","-2,600,000","-900,000","300,000","-400,000","1,200,000","2,000,000","500,000","1,500,000","1,100,000","1,100,000","400,000","100,000","1,100,000",,,,,,,,,,,,,,,,,,,,,,,,,,,,,,,,,,,,,,,,,,,,,,,,,,,,,,,,,,,,,,,,,,,,,,,,,,,,,,,,,,,,,,,,,,,,,,,,,,,,,,,,,,,,,,,,,,,,,,,,,,,,,
NetIncomeCommonStockholders,"81,700,000","-47,600,000","71,100,000","34,400,000","23,800,000","25,400,000","23,400,000","16,500,000","40,800,000","-153,200,000","16,900,000","-10,500,000","83,000,000","21,900,000","-23,600,000","32,700,000","-15,400,000","28,700,000","17,500,000","22,700,000","18,400,000","12,000,000","19,500,000","79,100,000","8,700,000","10,900,000","33,300,000","8,900,000","6,600,000","3,600,000","16,500,000","1,400,000","2,700,000","2,400,000","16,700,000","18,400,000","9,700,000","12,600,000","8,900,000","16,600,000","15,000,000","9,600,000","24,100,000","19,700,000","18,800,000","1,100,000","14,600,000","9,600,000","3,900,000","-2,000,000","-8,200,000","-14,800,000","-66,000,000","-15,500,000","-88,769,000","-12,216,000","10,517,000","8,229,000","18,631,000","15,141,000","15,329,000","11,915,000","24,442,000","17,818,000","12,673,000","8,558,000","13,317,000","12,675,000","9,333,000","3,938,000","8,646,000","7,372,000","5,047,000","1,065,000","1,812,000","1,504,000","1,484,000","310,000","7,333,000","6,505,000","3,935,000","796,000","723,000","4,566,000","6,460,000","4,800,000","23,288,000","26,003,000","21,825,000","16,060,000","24,200,000","25,000,000","20,700,000","15,200,000","24,100,000","24,900,000","20,600,000","15,100,000","23,500,000","23,600,000","19,400,000","14,200,000","21,200,000","21,400,000","17,400,000","12,900,000","20,200,000","20,400,000","16,700,000","12,300,000","18,200,000","19,300,000","14,400,000","9,200,000","13,700,000","14,000,000","10,000,000","6,900,000","13,100,000","11,400,000","8,500,000","6,200,000","9,100,000","11,400,000","9,700,000","8,500,000","16,300,000","20,900,000","18,200,000","15,800,000","16,500,000","20,600,000","18,100,000","15,500,000",,,,,,,,,,,,,,
	NetIncome,"82,900,000","-47,600,000","71,700,000","34,800,000","24,000,000","25,600,000","23,400,000","16,700,000","41,100,000","-153,200,000","17,000,000","-10,500,000","83,800,000","22,100,000","-23,900,000","33,100,000","-15,400,000","29,100,000","17,700,000","23,000,000","18,700,000","12,200,000","19,800,000","80,900,000","8,900,000","11,200,000","34,200,000","9,100,000","6,800,000","3,700,000","17,000,000","1,400,000","2,800,000","2,500,000","17,200,000","18,800,000","10,000,000","12,900,000","8,900,000","16,600,000","15,000,000","9,600,000","24,100,000","19,700,000","18,800,000","1,100,000","14,600,000","9,600,000","3,900,000","-2,000,000","-8,200,000","-14,800,000","-66,000,000","-15,500,000","-88,769,000","-12,216,000","10,517,000","8,229,000","18,631,000","15,141,000","15,329,000","11,915,000","24,442,000","17,818,000","12,673,000","8,558,000","13,317,000","12,675,000","9,333,000","3,938,000","8,646,000","7,372,000","5,047,000","1,065,000","1,812,000","1,504,000","1,484,000","310,000","7,333,000","6,505,000","3,935,000","796,000","723,000","4,566,000","6,460,000","4,800,000","23,288,000","26,003,000","21,825,000","16,060,000","24,200,000","25,000,000","20,700,000","15,200,000","24,100,000","24,900,000","20,600,000","15,100,000","23,500,000","23,600,000","19,400,000","14,200,000","21,200,000","21,400,000","17,400,000","12,900,000","20,200,000","20,400,000","16,700,000","12,300,000","18,200,000","19,300,000","14,400,000","9,200,000","13,700,000","14,000,000","10,000,000","6,900,000","13,100,000","11,400,000","8,500,000","6,200,000","9,100,000","11,400,000","9,700,000","8,500,000","16,300,000","20,900,000","18,200,000","15,800,000","16,500,000","20,600,000","18,100,000","15,500,000",,,,,,,,,,,,,,
		NetIncomeIncludingNoncontrollingInterests,"82,900,000","-47,600,000","71,700,000","34,800,000","24,000,000","25,600,000","23,400,000","16,700,000","41,100,000","-153,200,000","17,000,000","-10,500,000","83,800,000","22,100,000","-23,900,000","33,100,000","-15,400,000","29,100,000","17,700,000","23,000,000","18,700,000","12,200,000","19,800,000","80,900,000","8,900,000","11,200,000","34,200,000","9,100,000","6,800,000","3,700,000","17,000,000","1,400,000","2,800,000","2,500,000","17,200,000","18,800,000","10,000,000","12,900,000","8,900,000","16,600,000","15,000,000","9,600,000","24,100,000","19,700,000","18,800,000","1,100,000","14,600,000","9,600,000","3,900,000","-2,000,000","-8,200,000","-14,800,000","-66,000,000","-15,500,000","-88,788,000","-12,210,000","10,521,000","8,359,000","18,456,000","15,141,000","15,329,000","11,915,000","24,442,000","17,818,000","12,673,000","8,558,000","13,317,000","12,675,000","9,333,000","3,938,000","8,646,000","7,372,000","5,047,000","1,065,000","1,812,000","1,504,000","1,484,000","310,000","7,333,000","6,505,000","3,935,000","796,000","723,000","4,566,000","6,460,000","4,800,000","23,288,000","26,003,000","21,825,000","16,060,000","24,200,000","25,000,000","20,700,000","15,200,000","24,100,000","24,900,000","20,600,000","15,100,000","23,500,000","23,600,000","19,400,000","14,200,000","21,200,000","21,400,000","17,400,000","12,900,000","20,200,000","20,400,000","16,700,000","12,300,000","18,200,000","19,300,000","14,400,000","9,200,000","13,700,000","14,000,000","10,000,000","6,900,000","13,100,000","11,400,000","8,500,000","6,200,000","9,100,000","11,400,000","9,700,000","8,500,000","16,300,000","20,900,000","18,200,000","15,800,000","16,500,000","20,600,000","18,100,000","15,500,000","14,500,000","18,300,000","15,300,000","12,300,000","13,600,000","15,300,000","12,200,000","9,300,000","8,500,000","10,700,000","9,500,000","7,700,000","8,200,000","9,600,000"
			NetIncomeContinuousOperations,"82,900,000","-47,600,000","71,700,000","34,800,000","24,000,000","25,600,000","23,400,000","16,700,000","41,100,000","-153,200,000","17,000,000","-10,500,000","83,800,000","22,100,000","-23,900,000","33,100,000","-15,400,000","29,100,000","17,700,000","23,000,000","18,700,000","12,200,000","19,800,000","80,900,000","8,900,000","11,200,000","34,200,000","9,100,000","6,800,000","3,700,000","17,000,000","1,400,000","2,800,000","2,500,000","17,200,000","18,800,000","10,000,000","12,900,000","8,900,000","16,600,000","15,000,000","9,200,000","24,100,000","19,700,000","20,000,000","1,100,000","14,600,000","9,600,000","3,900,000","-2,000,000","-8,200,000","-14,800,000","-66,000,000","-16,100,000","-88,583,000","-11,553,000","10,430,000","7,991,000","18,473,000","14,682,000","15,311,000","5,258,000","18,326,000","17,818,000","12,673,000","8,558,000","13,317,000","12,675,000","9,333,000","3,938,000","8,646,000","7,372,000","5,047,000","1,065,000","1,812,000","1,504,000","1,484,000","310,000","7,333,000","6,505,000","3,935,000","796,000","723,000","4,566,000","6,460,000","4,800,000","23,288,000","26,003,000","21,825,000","16,060,000","24,200,000","25,000,000","20,700,000","15,200,000","24,100,000","24,900,000","20,600,000","15,100,000","23,500,000","23,600,000","19,400,000","14,200,000","21,200,000","21,400,000","17,400,000","12,900,000","20,200,000","20,400,000","16,700,000","12,300,000","18,200,000","19,300,000","14,400,000","9,200,000","13,700,000","14,000,000","10,000,000","6,900,000","13,100,000","11,400,000","8,500,000","6,200,000","9,100,000","11,400,000","9,700,000","8,500,000","16,300,000","20,900,000","18,200,000","15,800,000","16,500,000","20,600,000","18,100,000","15,500,000","14,500,000","18,300,000","15,300,000","12,300,000","13,600,000","15,300,000","12,200,000","9,300,000","8,500,000","10,700,000","9,500,000","7,700,000","8,200,000","9,600,000"
			NetIncomeDiscontinuousOperations,,,,,,,,,,,,,,,,,,,,,,,,,,,,,,,,,,,"0","0","0","0","0","0","0","400,000","0","0","-1,200,000",,"0","0","0","0","0","0","0","600,000","-186,000","-663,000","87,000","238,000","158,000","459,000","18,000","6,657,000",,,,,,,,,,,,,,,,,,,,,,,,,,,,,,,,,,,,,,,,,,,,,,,,,,,,,,,,,,,,,,,,,,,,,,,,,,,,,,,,,,,,,,
		MinorityInterests,,,,,,,,,,,,,,,,,,,,,,,,,,,,,,,,,,,,,,,,,,,,,,,,,,,,,,,"19,000","-6,000","-4,000","-130,000",,,,,,,,,,,,,,,,,,,,,,,,,,,,,,,,,,,,,,,,,,,,,,,,,,,,,,,,,,,,,,,,,,,,,,,,,,,,,,,,,,,,,,,,,,
	OtherunderPreferredStockDividend,"1,200,000","0","600,000","400,000","200,000","200,000",,"200,000","300,000","0","100,000","0","800,000","200,000","-300,000","400,000","0","400,000","200,000","300,000","300,000","200,000","300,000","1,800,000","200,000","300,000","900,000","200,000","200,000","100,000","500,000","0","100,000","100,000","500,000","400,000","300,000","300,000",,,,,,,,,,,,,,,,,,,,,,,,,,,,,,,,,,,,,,,,,,,,,,,,,,,,,,,,,,,,,,,,,,,,,,,,,,,,,,,,,,,,,,,,,,,,,,,,,,,,,,,,,,,,,,
DilutedNIAvailtoComStockholders,"81,700,000","-47,600,000","71,100,000","34,400,000","23,800,000","25,400,000","23,400,000","16,500,000","40,800,000","-153,200,000","16,900,000","-10,500,000","83,000,000","21,900,000","-23,600,000","32,700,000","-15,400,000","28,700,000","17,500,000","22,700,000","18,400,000","12,000,000","19,500,000","79,100,000","8,700,000","10,900,000","33,300,000","8,900,000","6,600,000","3,600,000","16,500,000","1,400,000","2,700,000","2,400,000","16,700,000","18,400,000","9,700,000","12,600,000","8,900,000","16,600,000","15,000,000","9,600,000","24,100,000","19,700,000","18,800,000","1,100,000","14,600,000","9,600,000","3,900,000","-2,000,000","-8,200,000","-14,800,000","-66,000,000","-15,500,000","-88,769,000","-12,216,000","10,517,000","8,229,000","18,631,000","15,141,000","15,329,000","11,915,000","24,442,000","17,818,000","12,673,000","8,558,000","13,317,000","12,675,000","9,333,000","3,938,000","8,646,000","7,372,000","5,047,000","1,065,000","1,812,000","1,504,000","1,484,000","310,000","7,333,000","6,505,000","3,935,000","796,000","723,000","4,566,000","6,460,000","4,800,000","23,288,000","26,003,000","21,825,000","16,060,000","24,200,000","25,000,000","20,700,000","15,200,000","24,100,000","24,900,000","20,600,000","15,100,000","23,500,000","23,600,000","19,400,000","14,200,000","21,200,000","21,400,000","17,400,000","12,900,000","20,200,000","20,400,000","16,700,000","12,300,000","18,200,000","19,300,000","14,400,000","9,200,000","13,700,000","14,000,000","10,000,000","6,900,000","13,100,000","11,400,000","8,500,000","6,200,000","9,100,000","11,400,000","9,700,000","8,500,000","16,300,000","20,900,000","18,200,000","15,800,000","16,500,000","20,600,000","18,100,000","15,500,000",,,,,,,,,,,,,,
BasicEPS,,"-1.23","1.8","0.87","0.6","0.65","0.59","0.42","1.04","-3.91","0.43","-0.27","2.12","0.56","-0.62","0.84","-0.4","0.74","0.46","0.59","0.48","0.31","0.56","2.08","0.23","0.29","0.88","0.23","0.18","0.1","0.44","0.03","0.07","0.07","0.45","0.49","0.26","0.34","0.23","0.43","0.4","0.26",,"0.52","0.5","0.03",,"0.26","0.11","-0.06",,"-0.43","-1.89","-0.45",,"-0.35","0.3","0.24",,"0.41","0.42","0.32",,"0.49","0.35","0.24",,"0.35","0.26","0.11",,"0.21","0.14","0.03",,"0.04","0.04","0.01",,"0.18","0.11","0.02",,"0.13","0.18","0.13",,"0.73","0.61","0.45",,"0.7","0.58","0.42",,"0.65","0.54","0.39",,"0.62","0.51","0.37",,"0.56","0.46","0.34",,"0.54","0.44","0.32",,"0.51","0.38","0.24",,"0.37","0.27","0.144",,"0.24","0.176","0.136",,"0.24","0.208","0.176",,"0.448","0.384","0.336",,"0.44","0.384","0.269",,"0.314","0.262","0.211",,"0.262","0.141","0.107",,"0.124","0.107","0.09",,"0.107"
DilutedEPS,,"-1.23","1.8","0.87","0.6","0.64","0.59","0.42","1.04","-3.91","0.43","-0.27","2.12","0.56","-0.62","0.84","-0.4","0.74","0.45","0.58","0.47","0.31","0.55","2.06","0.23","0.29","0.88","0.23","0.18","0.1","0.44","0.03","0.07","0.07","0.45","0.49","0.26","0.34","0.23","0.43","0.4","0.26",,"0.52","0.5","0.03",,"0.26","0.11","-0.06",,"-0.43","-1.89","-0.45",,"-0.35","0.3","0.24",,"0.41","0.41","0.32",,"0.49","0.35","0.24",,"0.35","0.26","0.11",,"0.21","0.14","0.03",,"0.04","0.04","0.01",,"0.18","0.11","0.02",,"0.13","0.18","0.13",,"0.73","0.61","0.45",,"0.69","0.58","0.42",,"0.65","0.54","0.39",,"0.62","0.51","0.37",,"0.56","0.46","0.34",,"0.54","0.44","0.32",,"0.51","0.38","0.24",,"0.37","0.27","0.144",,"0.24","0.176","0.136",,"0.24","0.208","0.176",,"0.448","0.384","0.336",,"0.44","0.384","0.269",,"0.314","0.262","0.211",,"0.262","0.141","0.107",,"0.124","0.107","0.09",,"0.107"
BasicAverageShares,,"38,600,000","39,400,000","39,400,000","39,400,000","39,300,000","39,300,000","39,300,000","39,300,000","39,200,000","39,100,000","39,100,000","39,100,000","39,000,000","38,900,000","38,800,000","38,800,000","38,600,000","38,400,000","38,300,000","38,300,000","38,300,000","38,200,000","38,100,000","38,000,000","38,000,000","38,000,000","37,900,000","37,700,000","37,700,000","37,700,000","37,600,000","37,400,000","37,400,000","37,400,000","37,400,000","37,200,000","37,200,000","37,100,000","37,100,000","37,000,000","36,900,000",,"36,800,000","36,800,000","36,700,000",,"36,700,000","36,000,000","35,000,000",,"34,900,000","34,800,000","34,800,000",,"34,759,000","34,696,000","34,823,000",,"36,500,000","36,658,000","36,511,000",,"35,997,000","35,943,000","35,872,000",,"35,725,000","35,597,000","35,535,000",,"35,199,000","35,057,000","34,881,000",,"35,321,000","35,596,000","35,548,000",,"35,508,000","35,977,000","35,890,000",,"35,855,000","35,834,000","35,763,000",,"35,728,000","35,714,000","35,705,000",,"35,714,286","35,689,655","36,190,476",,"38,307,692","38,148,148","38,717,949",,"38,064,516","38,039,216","38,378,378",,"38,214,286","37,826,087","37,941,176",,"37,777,778","37,954,545","38,437,500",,"37,843,137","37,894,737","38,333,333",,"37,837,838","37,037,037","47,916,667",,"47,500,000","48,295,455","45,588,235",,"47,500,000","46,634,615","48,295,455",,"46,651,786","47,395,833","47,023,810",,"46,818,182","47,135,417","37,543,000",,"37,530,000","37,501,000","37,501,000",,"37,545,000","37,525,000","37,525,000",,"37,519,000","37,519,000","38,045,000",,"30,090,000"
DilutedAverageShares,,"38,600,000","39,600,000","39,500,000","39,500,000","39,500,000","39,400,000","39,400,000","39,400,000","39,200,000","39,300,000","39,100,000","39,200,000","39,100,000","38,900,000","38,900,000","38,800,000","38,900,000","39,200,000","38,800,000","38,800,000","38,700,000","38,600,000","38,400,000","38,300,000","38,200,000","38,000,000","37,900,000","37,800,000","37,800,000","37,700,000","37,600,000","37,400,000","37,400,000","37,400,000","37,400,000","37,200,000","37,200,000","37,100,000","37,100,000","37,000,000","36,900,000",,"36,800,000","36,800,000","36,700,000",,"36,700,000","36,000,000","35,000,000",,"34,900,000","34,800,000","34,800,000",,"34,759,000","34,805,000","34,955,000",,"36,537,000","36,962,000","36,898,000",,"36,225,000","36,198,000","36,076,000",,"36,006,000","35,841,000","35,934,000",,"35,424,000","35,431,000","35,302,000",,"35,490,000","35,624,000","35,626,000",,"35,603,000","36,252,000","36,001,000",,"35,948,000","35,919,000","35,763,000",,"35,840,000","35,779,000","35,808,000",,"36,231,884","35,689,655","36,190,476",,"38,307,692","38,148,148","38,717,949",,"38,064,516","38,039,216","38,378,378",,"38,214,286","37,826,087","37,941,176",,"37,777,778","37,954,545","38,437,500",,"37,843,137","37,894,737","38,333,333",,"37,837,838","37,037,037","47,916,667",,"47,500,000","48,295,455","45,588,235",,"47,500,000","46,634,615","48,295,455",,"46,651,786","47,395,833","47,023,810",,"46,818,182","47,135,417","37,543,000",,"37,530,000","37,501,000","37,501,000",,"37,545,000","37,525,000","37,525,000",,"37,519,000","37,519,000","38,045,000",,"30,090,000"
TotalOperatingIncomeAsReported,"61,400,000","23,400,000","15,300,000","9,000,000","13,700,000","10,600,000","9,500,000","-2,400,000","11,100,000","-111,800,000","13,100,000","17,100,000","34,800,000","16,800,000","33,100,000","21,900,000","20,400,000","12,000,000","28,400,000","18,200,000","20,300,000","16,400,000","19,800,000","18,800,000","9,900,000","14,700,000","26,500,000","16,600,000","11,500,000","12,100,000","2,600,000","7,100,000","5,900,000","6,300,000","9,600,000","20,200,000","16,400,000","7,100,000","9,800,000","24,000,000","23,800,000","14,700,000","12,700,000","22,100,000","21,300,000","1,600,000","16,900,000","14,300,000","8,500,000","-1,600,000","-13,000,000","-28,000,000","-74,500,000","-30,600,000","-83,621,000","-14,544,000","14,954,000","12,940,000","26,541,000","20,780,000","22,266,000","10,493,000","19,001,000","25,252,000","21,326,000","13,437,000","19,120,000","17,329,000","13,608,000","6,095,000","12,341,000","12,460,000","8,678,000","2,014,000","3,189,000","2,709,000","2,449,000","390,000","12,016,000","10,715,000","6,475,000","1,186,000","1,175,000","7,746,000","10,871,000","8,175,000","38,670,000","43,780,000","36,667,000","26,568,000","40,500,000","42,700,000","35,200,000","25,700,000","40,300,000","41,400,000","34,200,000","24,800,000","39,100,000","39,900,000","32,500,000","24,100,000","37,600,000","35,400,000","28,000,000","20,000,000","31,100,000","31,400,000","24,900,000","17,700,000","27,200,000","29,400,000","21,600,000","13,400,000","14,800,000","22,700,000","15,700,000","10,700,000","20,300,000","17,800,000","13,300,000","9,700,000","14,200,000","17,700,000","15,100,000","13,200,000","25,400,000","33,000,000","28,900,000","25,300,000","26,300,000","32,900,000","29,000,000","24,900,000",,,,,,,,,,,,,,
TotalExpenses,"4,938,800,000","1,273,000,000","1,235,000,000","1,186,400,000","1,244,400,000","1,195,300,000","1,231,900,000","1,040,600,000","964,200,000","1,257,300,000","1,308,900,000","1,250,600,000","1,345,000,000","1,365,800,000","1,381,600,000","1,320,500,000","1,366,500,000","1,357,900,000","1,393,900,000","1,310,600,000","1,313,300,000","1,273,300,000","1,284,600,000","1,229,000,000","1,365,600,000","1,334,400,000","1,435,100,000","1,334,400,000","1,373,500,000","1,308,500,000","1,422,400,000","1,389,300,000","1,404,600,000","1,324,500,000","1,376,200,000","1,325,400,000","1,348,800,000","1,307,700,000","1,362,500,000","1,330,200,000","1,342,300,000","1,340,100,000","1,383,600,000","1,387,700,000","1,384,500,000","1,337,500,000","1,308,400,000","1,270,400,000","1,199,400,000","1,132,000,000","1,207,100,000","1,076,700,000","1,050,800,000","1,073,200,000","1,362,712,000","1,412,292,000","1,437,053,000","1,375,504,000","1,449,218,000","1,404,518,000","1,393,408,000","1,340,365,000","1,391,449,000","1,393,552,000","1,395,083,000","1,346,652,000","1,364,822,000","1,327,315,000","1,298,296,000","1,243,240,000","1,343,581,000","1,232,394,000","1,215,786,000","1,156,797,000","1,161,784,000","1,094,559,000","1,057,068,000","1,003,007,000","1,111,730,000","1,112,000,000","1,070,494,000","998,854,000","1,035,884,000","1,058,634,000","1,055,384,000","1,068,489,000","1,107,332,000","1,110,700,000","1,070,073,000","1,053,501,000","1,043,900,000","1,049,300,000","1,031,600,000","1,000,300,000","1,058,500,000","991,500,000","967,100,000","934,600,000","972,000,000","961,300,000","927,200,000","856,700,000","853,300,000","837,800,000","776,300,000","713,900,000","687,100,000","667,100,000","627,500,000","603,000,000","604,200,000","600,800,000","549,200,000","516,800,000","484,200,000","496,400,000","468,100,000","441,900,000","456,700,000","434,600,000","402,400,000","367,700,000","368,300,000","360,300,000","332,000,000","317,100,000","336,400,000","353,100,000","338,800,000","329,700,000","325,400,000","325,900,000","314,300,000","298,800,000",,,,,,,,,,,,,,
NetIncomeFromContinuingAndDiscontinuedOperation,"82,900,000","-47,600,000","71,700,000","34,800,000","24,000,000","25,600,000","23,400,000","16,700,000","41,100,000","-153,200,000","17,000,000","-10,500,000","83,800,000","22,100,000","-23,900,000","33,100,000","-15,400,000","29,100,000","17,700,000","23,000,000","18,700,000","12,200,000","19,800,000","80,900,000","8,900,000","11,200,000","34,200,000","9,100,000","6,800,000","3,700,000","17,000,000","1,400,000","2,800,000","2,500,000","17,200,000","18,800,000","10,000,000","12,900,000","8,900,000","16,600,000","15,000,000","9,600,000","24,100,000","19,700,000","18,800,000","1,100,000","14,600,000","9,600,000","3,900,000","-2,000,000","-8,200,000","-14,800,000","-66,000,000","-15,500,000","-88,769,000","-12,216,000","10,517,000","8,229,000","18,631,000","15,141,000","15,329,000","11,915,000","24,442,000","17,818,000","12,673,000","8,558,000","13,317,000","12,675,000","9,333,000","3,938,000","8,646,000","7,372,000","5,047,000","1,065,000","1,812,000","1,504,000","1,484,000","310,000","7,333,000","6,505,000","3,935,000","796,000","723,000","4,566,000","6,460,000","4,800,000","23,288,000","26,003,000","21,825,000","16,060,000","24,200,000","25,000,000","20,700,000","15,200,000","24,100,000","24,900,000","20,600,000","15,100,000","23,500,000","23,600,000","19,400,000","14,200,000","21,200,000","21,400,000","17,400,000","12,900,000","20,200,000","20,400,000","16,700,000","12,300,000","18,200,000","19,300,000","14,400,000","9,200,000","13,700,000","14,000,000","10,000,000","6,900,000","13,100,000","11,400,000","8,500,000","6,200,000","9,100,000","11,400,000","9,700,000","8,500,000","16,300,000","20,900,000","18,200,000","15,800,000","16,500,000","20,600,000","18,100,000","15,500,000",,,,,,,,,,,,,,
NormalizedIncome,"78,391,743.119","-35,224,104.235","55,258,677.686","34,575,339.367","23,781,000","25,743,548.387","22,593,360.996","16,846,000","38,554,041.57","-61,808,621.607","27,950,000","-10,719,000","72,082,000","22,566,800","-25,360,000","33,268,108.108","-16,276,000","29,993,200","16,740,000","22,940,000","18,792,400","13,181,081.081","18,249,268.293","80,670,170.455","8,074,226.804","11,280,575.54","34,200,000","8,560,000","6,605,714.286","4,660,000","17,065,000","1,465,000","2,345,000","3,020,000","17,200,000","19,198,800","11,423,800","12,965,000","7,015,000","16,671,244.635","14,871,244.635","9,330,496.454","23,710,000","18,506,060.606","20,097,087.379","733,333.333","14,690,123.457","9,825,000","5,301,562.5","-2,148,148.148","-8,655,000","-13,890,000","-19,494,039.735","-17,010,000","-34,092,850","-11,553,000","10,216,607.297","7,991,000","18,300,749.764","14,647,643.282","15,031,130.022","5,266,450","18,185,885.825","17,818,000","12,394,000","8,558,000","13,317,000","12,675,000","9,333,000","3,938,000","8,646,000","7,372,000","5,047,000","1,065,000","1,812,000","1,504,000","1,484,000","310,000","7,333,000","6,505,000","3,935,000","796,000","723,000","4,566,000","6,460,000","4,800,000","23,288,000","26,003,000","21,825,000","16,060,000","24,200,000","25,000,000","20,700,000","15,080,000","23,680,000","24,420,000","20,120,000","14,680,000","23,140,000","23,540,000","19,100,000","14,200,000","22,100,000","20,920,000","16,740,000","12,000,000","19,153,048.78","19,293,975.904","15,293,040.293","10,831,343.284","17,015,753.425","18,245,016.077","13,349,356.223","7,347,651.007","13,700,000","14,000,000","10,000,000","6,900,000","13,100,000","11,400,000","8,500,000","6,200,000","9,100,000","11,400,000","9,700,000","8,500,000","16,300,000","20,900,000","18,200,000","15,800,000","16,500,000","20,600,000","18,100,000","15,500,000",,,,,,,,,,,,,,
InterestIncome,"200,000","100,000","0","100,000","0","100,000","100,000","100,000","100,000","300,000","300,000","400,000","200,000","200,000","200,000","200,000","200,000","200,000","200,000","200,000","200,000","100,000","100,000","200,000","0","100,000","0","100,000","100,000","100,000","200,000","100,000","100,000","100,000","100,000","100,000","100,000","100,000","100,000","100,000","200,000","600,000","200,000","300,000","200,000","300,000","200,000","200,000","200,000","200,000","100,000","300,000","400,000","500,000",,,,,,,,,,,,,,,,,,,,,,,,,,,,,,,,,,,,,,,,,,,,,,,,,,,,,,,,,,,,,,,,,,,,,,,,,,,,,,,,,,,,,,,,,,,,,,
InterestExpense,"2,500,000","600,000","600,000","700,000","600,000","600,000","800,000","500,000","800,000","900,000","1,000,000","900,000","1,200,000","1,100,000","800,000","700,000","800,000","800,000","900,000","700,000","600,000","500,000","1,100,000","900,000","900,000","900,000","1,100,000","900,000","900,000","900,000","1,000,000","700,000","700,000","600,000","600,000","700,000","800,000","700,000","800,000","700,000","900,000","1,000,000","800,000","700,000","800,000","1,100,000","1,300,000","1,400,000","1,500,000","1,500,000","1,700,000","1,000,000","800,000","600,000",,,,,,,,,,,,,,,,,,,,,,,,,,,,,,,,,,,,,,,,,,,,,,,,,,,,,,,,,,,,,,,,,,,,,,,,,,,,,,,,,,,,,,,,,,,,,,
NetInterestIncome,"-2,300,000","-500,000","-600,000","-600,000","-600,000","-500,000","-700,000","-400,000","-700,000","-600,000","-700,000","-500,000","-1,000,000","-900,000","-600,000","-500,000","-600,000","-600,000","-700,000","-500,000","-400,000","-400,000","-1,000,000","-700,000","-900,000","-800,000","-1,100,000","-800,000","-800,000","-800,000","-800,000","-600,000","-600,000","-500,000","-500,000","-600,000","-700,000","-600,000","-700,000","-600,000","-700,000","-400,000","-600,000","-400,000","-600,000","-800,000","-1,100,000","-1,200,000","-1,300,000","-1,300,000","-1,600,000","-700,000","-400,000","-100,000",,,,,,,,,,,,,,,,,,,,,,,,,,,,,,,,,,,,,,,,,,,,,,,,,,,,,,,,,,,,,,,,,,,,,,,,,,,,,,,,,,,,,,,,,,,,,,
EBIT,"89,700,000","-60,800,000","85,300,000","44,900,000","20,300,000","37,800,000","24,900,000","14,200,000","44,100,000","-187,000,000","14,700,000","-21,500,000","97,400,000","30,000,000","-48,100,000","37,700,000","-30,700,000","34,800,000","30,200,000","18,500,000","20,400,000","15,300,000","21,600,000","106,500,000","10,600,000","14,800,000","26,900,000","17,500,000","11,400,000","10,500,000","2,500,000","5,600,000","6,300,000","5,200,000","9,600,000","19,600,000","15,600,000","6,800,000","8,900,000","24,000,000","24,200,000","15,100,000","13,500,000","23,800,000","21,400,000","2,300,000","17,500,000","14,200,000","7,900,000","-1,200,000","-12,200,000","-28,600,000","-74,700,000","-28,700,000","-83,621,000","-14,544,000","14,954,000","12,940,000","26,541,000","20,780,000","22,266,000","10,493,000","19,001,000","25,252,000","21,326,000","13,437,000","19,120,000","17,329,000","13,608,000","6,095,000","12,341,000","12,460,000","8,678,000","2,014,000","3,189,000","2,709,000","2,449,000","390,000","12,016,000","10,715,000","6,475,000","1,186,000","1,175,000","7,746,000","10,871,000","18,709,000","38,670,000","43,780,000","36,667,000","26,568,000","40,500,000","42,700,000","35,200,000","25,700,000","40,300,000","41,400,000","34,200,000","24,800,000","39,100,000","39,900,000","32,500,000","24,100,000","37,600,000","35,400,000","28,000,000","20,000,000","31,100,000","31,400,000","24,900,000","17,700,000","27,200,000","29,400,000","21,600,000","13,400,000","14,800,000","22,700,000","15,700,000","10,700,000","20,300,000","17,800,000","13,300,000","9,700,000","14,200,000","17,700,000","15,100,000","13,200,000","25,400,000","33,000,000","28,900,000","25,300,000","26,300,000","32,900,000","29,000,000","24,900,000","-848,100,000","335,800,000","315,400,000","296,100,000","-758,300,000","303,600,000","286,300,000","260,300,000","-694,600,000","273,400,000","259,400,000","234,500,000","-583,800,000","230,900,000"
EBITDA,"142,100,000"
ReconciledCostOfRevenue,"4,035,700,000","1,037,800,000","1,004,300,000","966,500,000","1,027,100,000","992,600,000","1,017,300,000","847,200,000","786,100,000","1,037,800,000","1,092,700,000","1,040,000,000","1,123,500,000","1,131,000,000","1,160,300,000","1,103,300,000","1,146,400,000","1,131,700,000","1,159,300,000","1,098,100,000","1,104,800,000","1,058,100,000","1,076,400,000","1,032,700,000","1,145,000,000","1,116,400,000","1,212,100,000","1,122,800,000","1,162,700,000","1,100,300,000","1,192,400,000","1,171,000,000","1,182,400,000","1,108,500,000","1,154,300,000","1,125,200,000","1,146,200,000","1,097,900,000","1,153,200,000","1,126,700,000","1,142,900,000","1,131,100,000","1,169,100,000","1,181,200,000","1,181,200,000","1,125,400,000","1,109,400,000","1,077,500,000","1,018,500,000","950,400,000","1,005,800,000","883,000,000","857,200,000","867,100,000","1,054,445,000","1,152,032,000","1,194,605,000","1,138,557,000","1,210,323,000","1,178,419,000","1,168,108,000","1,121,650,000","1,173,418,000","1,180,207,000","1,186,186,000","1,140,727,000","1,161,412,000","1,126,466,000","1,097,802,000","1,045,251,000","1,141,222,000","1,042,486,000","1,026,382,000","975,455,000","978,905,000","924,661,000","887,113,000","837,845,000","942,458,000","940,453,000","906,753,000","841,080,000","870,618,000","894,659,000","887,936,000","895,290,000","933,957,000","939,042,000","909,731,000","882,470,000","873,400,000","886,000,000","868,800,000","838,700,000","891,900,000","839,000,000","816,500,000","784,700,000","823,800,000","818,200,000","783,200,000","718,100,000","722,500,000","705,600,000","645,500,000","589,800,000","565,800,000","551,400,000","514,900,000","493,600,000","500,300,000","501,200,000","461,700,000","419,200,000","397,600,000","414,000,000","384,900,000","360,700,000","374,000,000","359,300,000","329,700,000","295,300,000","296,600,000","292,300,000","266,400,000","250,600,000","270,100,000","286,600,000","271,700,000","261,700,000","259,200,000","263,100,000","250,600,000","236,300,000",,,,,,,,,,,,,,
ReconciledDepreciation,"52,400,000","12,500,000","13,000,000","13,200,000","13,700,000","11,100,000","11,400,000","11,400,000","11,200,000","11,300,000","13,200,000","13,600,000","19,500,000","7,600,000","6,700,000","6,600,000","6,600,000","6,300,000","6,200,000","5,900,000","5,300,000","5,300,000","5,300,000","5,100,000","5,300,000","5,600,000","5,700,000","5,600,000","5,500,000","5,500,000","5,500,000","5,400,000","5,500,000","5,300,000","5,000,000","4,900,000","6,900,000","5,300,000","5,500,000","5,200,000","5,900,000","5,700,000","7,500,000","7,600,000","8,000,000","8,300,000","8,400,000","8,700,000","8,700,000","9,100,000","10,000,000","9,900,000","10,400,000","10,600,000","11,813,000","11,641,000","11,201,000","11,303,000","11,550,000","10,183,000","10,317,000","10,551,000","10,781,000","10,339,000","10,281,000","10,329,000","10,506,000","10,581,000","10,746,000","10,382,000","10,840,000","10,887,000","11,084,000","11,326,000","11,703,000","12,049,000","12,135,000","11,908,000","12,147,000","12,202,000","11,097,000","9,982,000","12,045,000","10,904,000","10,913,000","10,534,000","10,516,000","9,641,000","9,683,000","9,625,000","12,200,000","7,900,000","8,000,000","8,100,000","8,000,000","7,100,000","7,000,000","6,800,000","8,900,000","6,600,000","6,400,000","6,400,000","6,800,000","6,400,000","6,500,000","6,400,000","8,200,000","4,600,000","4,800,000","5,100,000","4,200,000","4,500,000","-600,000","9,200,000","5,700,000","2,900,000","4,000,000","4,000,000","5,800,000","2,500,000","2,700,000","3,000,000","3,600,000","2,600,000","1,900,000","1,700,000","1,800,000","2,700,000","2,200,000","2,100,000","2,400,000","2,100,000","1,600,000","1,800,000",,,,,,,,,,,,,,
NetIncomeFromContinuingOperationNetMinorityInterest,"82,900,000","-47,600,000","71,700,000","34,800,000","24,000,000","25,600,000","23,400,000","16,700,000","41,100,000","-153,200,000","17,000,000","-10,500,000","83,800,000","22,100,000","-23,900,000","33,100,000","-15,400,000","29,100,000","17,700,000","23,000,000","18,700,000","12,200,000","19,800,000","80,900,000","8,900,000","11,200,000","34,200,000","9,100,000","6,800,000","3,700,000","17,000,000","1,400,000","2,800,000","2,500,000","17,200,000","18,800,000","10,000,000","12,900,000","8,900,000","16,600,000","15,000,000","9,200,000","24,100,000","19,700,000","20,000,000","1,100,000","14,600,000","9,600,000","3,900,000","-2,000,000","-8,200,000","-14,800,000","-66,000,000","-16,100,000","-88,583,000","-11,553,000","10,430,000","7,991,000","18,473,000","14,682,000","15,311,000","5,258,000","18,326,000","17,818,000","12,673,000","8,558,000","13,317,000","12,675,000","9,333,000","3,938,000","8,646,000","7,372,000","5,047,000","1,065,000","1,812,000","1,504,000","1,484,000","310,000","7,333,000","6,505,000","3,935,000","796,000","723,000","4,566,000","6,460,000","4,800,000","23,288,000","26,003,000","21,825,000","16,060,000","24,200,000","25,000,000","20,700,000","15,200,000","24,100,000","24,900,000","20,600,000","15,100,000","23,500,000","23,600,000","19,400,000","14,200,000","21,200,000","21,400,000","17,400,000","12,900,000","20,200,000","20,400,000","16,700,000","12,300,000","18,200,000","19,300,000","14,400,000","9,200,000","13,700,000","14,000,000","10,000,000","6,900,000","13,100,000","11,400,000","8,500,000","6,200,000","9,100,000","11,400,000","9,700,000","8,500,000","16,300,000","20,900,000","18,200,000","15,800,000","16,500,000","20,600,000","18,100,000","15,500,000",,,,,,,,,,,,,,
TotalUnusualItemsExcludingGoodwill,"5,200,000","-15,700,000","20,300,000","300,000","300,000","-200,000","900,000","-200,000","2,600,000","-113,200,000","-15,000,000","300,000","13,500,000","-600,000","2,000,000","-200,000","1,200,000","-1,100,000","1,600,000","100,000","-100,000","-1,200,000","1,700,000","300,000","900,000","-100,000",,"900,000","300,000","-1,600,000","-100,000","-100,000","700,000","-800,000","0","-400,000","-2,100,000","-100,000","2,900,000","-100,000","200,000","-200,000","600,000","1,400,000","-100,000","400,000","-100,000","-300,000","-2,300,000","200,000","700,000","-1,400,000","-53,200,000","1,400,000","-83,831,000",,"309,000",,"257,000","50,000","424,000","-13,000","150,000",,"465,000",,,,,,,,,,,,,,,,,,,,,,,,,,,,,"200,000","700,000","800,000","800,000","700,000","600,000","100,000","500,000",,"-1,500,000","800,000","1,100,000","1,500,000","1,700,000","1,800,000","2,300,000","2,400,000","1,900,000","1,700,000","1,700,000","3,000,000",,,,,,,,,,,,,,,,,,,,,,,,,,,,,,,,,,
TotalUnusualItems,"5,200,000","-15,700,000","20,300,000","300,000","300,000","-200,000","900,000","-200,000","2,600,000","-113,200,000","-15,000,000","300,000","13,500,000","-600,000","2,000,000","-200,000","1,200,000","-1,100,000","1,600,000","100,000","-100,000","-1,200,000","1,700,000","300,000","900,000","-100,000",,"900,000","300,000","-1,600,000","-100,000","-100,000","700,000","-800,000","0","-400,000","-2,100,000","-100,000","2,900,000","-100,000","200,000","-200,000","600,000","1,400,000","-100,000","400,000","-100,000","-300,000","-2,300,000","200,000","700,000","-1,400,000","-53,200,000","1,400,000","-83,831,000",,"309,000",,"257,000","50,000","424,000","-13,000","150,000",,"465,000",,,,,,,,,,,,,,,,,,,,,,,,,,,,,"200,000","700,000","800,000","800,000","700,000","600,000","100,000","500,000",,"-1,500,000","800,000","1,100,000","1,500,000","1,700,000","1,800,000","2,300,000","2,400,000","1,900,000","1,700,000","1,700,000","3,000,000",,,,,,,,,,,,,,,,,,,,,,,,,,,,,,,,,,
NormalizedEBITDA,"136,900,000","-32,600,000","78,000,000","57,800,000","33,700,000","49,100,000","35,400,000","25,800,000","52,700,000","-62,500,000","42,900,000","-8,200,000","103,400,000","38,200,000","-43,400,000","44,500,000","-25,300,000","42,200,000","34,800,000","24,300,000","25,800,000","21,800,000","25,200,000","111,300,000","15,000,000","20,500,000","32,600,000","22,200,000","16,600,000","17,600,000","8,100,000","11,100,000","11,100,000","11,300,000","14,600,000","24,900,000","24,600,000","12,200,000","11,500,000","29,300,000","29,900,000","21,000,000","20,400,000","30,000,000","29,500,000","10,200,000","26,000,000","23,200,000","18,900,000","7,700,000","-2,900,000","-17,300,000","-11,100,000","-19,500,000","12,023,000","-2,903,000","25,846,000","24,243,000","37,834,000","30,913,000","32,159,000","21,057,000","29,632,000","35,591,000","31,142,000","23,766,000","29,626,000","27,910,000","24,354,000","16,477,000","23,181,000","23,347,000","19,762,000","13,340,000","14,892,000","14,758,000","14,584,000","12,298,000","24,163,000","22,917,000","17,572,000","11,168,000","13,220,000","18,650,000","21,784,000","29,243,000","49,186,000","53,421,000","46,350,000","36,193,000","52,700,000","50,700,000","43,200,000","33,600,000","47,600,000","47,700,000","40,400,000","30,900,000","47,400,000","46,400,000","38,400,000","30,500,000","45,900,000","41,000,000","33,400,000","24,900,000","37,600,000","34,200,000","27,400,000","20,400,000","29,500,000","32,200,000","24,200,000","19,600,000","20,500,000","26,300,000","19,700,000","14,700,000","26,100,000","21,900,000","16,100,000","12,700,000","17,800,000","20,300,000","17,000,000","14,900,000","27,200,000","35,700,000","31,100,000","27,400,000","28,700,000","35,600,000","30,700,000","26,700,000","-848,100,000","335,800,000","315,400,000","296,100,000","-758,300,000","303,600,000","286,300,000","260,300,000","-694,600,000","273,400,000","259,400,000","234,500,000","-583,800,000","230,900,000"
TaxRateForCalcs,"0.133","0.212","0.19","0.251","0.27","0.282","0.104","0.27","0.021","0.193","0.27","0.27","0.132","0.222","0.27","0.159","0.27","0.188","0.4","0.4","0.076","0.182","0.088","0.234","0.082","0.194","0.4","0.4","0.352","0.4","0.35","0.35","0.35","0.35","0.35","0.003","0.322","0.35","0.35","0.288","0.356","0.348","0.35","0.147","0.029","0.083","0.099","0.25","0.391","0.259","0.35","0.35","0.126","0.35","0.35","0.212","0.309","0.38","0.33","0.313","0.34","0.35","0.066","0.304","0.4","0.365","0.303","0.269","0.306","0.35","0.291","0.399","0.399","0.4","0.4","0.4","0.395","0.395","0.395","0.4","0.4","0.4","0.4","0.4","0.4","0.4","0.394","0.4","0.4","0.4","0.4","0.4","0.4","0.4","0.4","0.4","0.4","0.4","0.4","0.4","0.4","0.4","0.4","0.4","0.4","0.4","0.384","0.386","0.388","0.388","0.377","0.379","0.382","0.383","0.372","0.383","0.363","0.355","0.355","0.36","0.356","0.361","0.355","0.36","0.362","0.361","0.363","0.37","0.372","0.373","0.373","0.372","0.374","0.375",,,,,,,,,,,,,,
TaxEffectOfUnusualItems,"691,743.119","-3,324,104.235","3,858,677.686","75,339.367","81,000","-56,451.613","93,360.996","-54,000","54,041.57","-21,808,621.607","-4,050,000","81,000","1,782,000","-133,200","540,000","-31,891.892","324,000","-206,800","640,000","40,000","-7,600","-218,918.919","149,268.293","70,170.455","74,226.804","-19,424.46","0","360,000","105,714.286","-640,000","-35,000","-35,000","245,000","-280,000","0","-1,200","-676,200","-35,000","1,015,000","-28,755.365","71,244.635","-69,503.546","210,000","206,060.606","-2,912.621","33,333.333","-9,876.543","-75,000","-898,437.5","51,851.852","245,000","-490,000","-6,694,039.735","490,000","-29,340,850","0","95,607.297","0","84,749.764","15,643.282","144,130.022","-4,550","9,885.825","0","186,000","0","0","0","0","0","0","0","0","0","0","0","0","0","0","0","0","0","0","0","0","0","0","0","0","0","0","0","0","80,000","280,000","320,000","320,000","280,000","240,000","40,000","200,000","0","-600,000","320,000","440,000","600,000","653,048.78","693,975.904","893,040.293","931,343.284","715,753.425","645,016.077","649,356.223","1,147,651.007","0","0","0","0","0","0","0","0","0","0","0","0","0","0","0","0","0","0","0","0",,,,,,,,,,,,,,