name,ttm,04/30/2022,01/31/2022,10/31/2021,07/31/2021,04/30/2021,01/31/2021,10/31/2020,07/31/2020,04/30/2020,01/31/2020,10/31/2019,07/31/2019,04/30/2019,01/31/2019,10/31/2018,07/31/2018,04/30/2018,01/31/2018,10/31/2017,07/31/2017,04/30/2017,01/31/2017,10/31/2016,07/31/2016,04/30/2016,01/31/2016,10/31/2015,07/31/2015,04/30/2015,01/31/2015,10/31/2014,07/31/2014,04/30/2014,01/31/2014,10/31/2013,07/31/2013,04/30/2013,01/31/2013,10/31/2012,07/31/2012,04/30/2012,01/31/2012,10/31/2011,07/31/2011,04/30/2011,01/31/2011,10/31/2010,07/31/2010,04/30/2010,01/31/2010,10/31/2009,07/31/2009,04/30/2009,01/31/2009,10/31/2008,07/31/2008,04/30/2008,01/31/2008,10/31/2007,07/31/2007,04/30/2007,01/31/2007,10/31/2006,07/31/2006,04/30/2006,01/31/2006,10/31/2005,07/31/2005,04/30/2005,01/31/2005,10/31/2004,07/31/2004,04/30/2004,01/31/2004,10/31/2003,07/31/2003,04/30/2003,01/31/2003,10/31/2002,07/31/2002,04/30/2002,01/31/2002,10/31/2001,07/31/2001,04/30/2001,01/31/2001,10/31/2000,07/31/2000,04/30/2000,01/31/2000,10/31/1999,07/31/1999,04/30/1999,01/31/1999,10/31/1998,07/31/1998
TotalRevenue,"2,643,455,000","727,003,000","684,956,000","643,398,000","588,098,000","557,394,000","477,880,000","437,789,000","346,883,000","448,976,000","527,979,000","504,177,000","496,198,000","502,535,000","486,172,000","506,793,000","478,362,000","488,364,000","460,770,000","455,468,000","414,917,000","419,587,000","394,195,000","414,954,000","392,933,000","417,161,000","358,879,000","291,339,000","279,335,000","282,153,000","258,871,000","264,717,000","260,325,000","260,798,000","250,937,000","246,237,000","237,587,000","238,607,000","210,272,000","204,799,000","196,023,000","207,558,000","194,623,000","209,988,000","214,590,000","205,776,000","194,109,000","193,204,000","183,162,000","176,905,000","152,900,000","146,556,000","123,288,000","114,426,000","144,493,000","199,737,000","217,472,000","220,450,000","212,091,000","206,824,000","196,277,000","189,760,000","173,508,000","164,787,000","161,146,000","152,924,000","136,817,000","132,932,000","129,095,000","131,031,000","123,622,000","113,541,000","108,183,000","103,720,000","86,685,000","81,965,000","78,333,000","82,357,000","80,663,000","85,658,000","89,788,000","77,231,000","93,268,000","108,949,000","114,443,000","149,362,000","157,171,000","173,621,000","173,623,000","157,543,000","122,100,000","116,300,000","104,800,000","100,100,000","91,100,000","90,900,000","90,900,000"
	OperatingRevenue,"2,626,718,000","721,139,000","680,741,000","639,443,000","585,395,000","555,151,000","475,360,000","435,439,000","344,097,000","440,469,000","515,325,000","492,389,000","484,549,000","490,756,000","474,504,000","495,205,000","465,568,000","475,364,000","447,581,000","443,018,000","401,254,000","406,065,000","381,918,000","401,917,000","375,621,000","399,960,000","344,158,000","280,600,000","267,394,000","271,717,000","249,545,000","255,702,000","251,188,000","251,712,000","242,184,000","237,968,000","228,437,000","227,902,000","202,004,000","204,799,000","196,023,000","207,558,000","194,623,000","209,988,000","214,590,000","205,776,000","194,109,000","193,204,000","183,162,000","176,905,000","152,900,000","146,556,000","123,288,000","114,426,000","144,493,000","199,737,000","217,472,000","220,450,000","212,091,000","206,824,000","196,277,000","189,760,000","173,508,000","164,787,000","161,146,000","152,924,000","136,817,000","132,932,000","129,095,000","131,031,000","123,622,000","113,541,000","108,183,000","120,104,000","81,362,000","76,650,000","78,333,000","82,357,000","80,663,000","85,658,000","89,788,000","77,231,000","93,268,000","108,949,000","114,443,000","149,362,000","157,171,000","173,621,000","173,623,000","157,543,000","122,100,000","116,300,000","104,800,000","100,100,000","91,100,000","90,900,000","90,900,000"
CostOfRevenue,"131,136,000","42,275,000","35,881,000","28,284,000","24,696,000","24,075,000","22,548,000","18,251,000","17,055,000","28,022,000","43,476,000","30,202,000","28,784,000","32,246,000","28,734,000","31,215,000","31,121,000","33,495,000","30,656,000","32,333,000","29,476,000","32,753,000","28,822,000","31,911,000","34,144,000","38,175,000","32,215,000","21,975,000","22,061,000","22,304,000","17,979,000","18,721,000","18,602,000","19,299,000","17,809,000","19,401,000","18,659,000","19,834,000","16,334,000","15,886,000","13,793,000","14,295,000","13,023,000","15,436,000","13,135,000","13,674,000","12,756,000","13,237,000","120,208,000","118,225,000","102,654,000","102,076,000","90,385,000","76,783,000","93,978,000","143,045,000","156,856,000","105,408,000","152,844,000","144,691,000","122,986,000","97,800,000","122,737,000",,,,,,,,,,,,,,,,,,,,,,,"392,605,000","-6,921,000","-6,867,000","-5,868,000","294,375,000","-3,800,000","-2,600,000","-2,400,000","2,600,000","3,600,000",,
GrossProfit,"2,512,319,000","684,728,000","649,075,000","615,114,000","563,402,000","533,319,000","455,332,000","419,538,000","329,828,000","420,954,000","484,503,000","473,975,000","467,414,000","470,289,000","457,438,000","475,578,000","447,241,000","454,869,000","430,114,000","423,135,000","385,441,000","386,834,000","365,373,000","383,043,000","358,789,000","378,986,000","326,664,000","269,364,000","257,274,000","259,849,000","240,892,000","245,996,000","241,723,000","241,499,000","233,128,000","226,836,000","218,928,000","218,773,000","193,938,000","188,913,000","182,230,000","193,263,000","181,600,000","194,552,000","201,455,000","192,102,000","181,353,000","179,967,000","62,954,000","58,680,000","50,246,000","44,480,000","32,903,000","37,643,000","50,515,000","56,692,000","60,616,000","115,042,000","59,247,000","62,133,000","73,291,000","91,960,000","50,771,000",,,,,,,,,,,,,,,,,,,,,,,"-243,243,000","164,092,000","180,488,000","179,491,000","-136,832,000","125,900,000","118,900,000","107,200,000","97,500,000","87,500,000",,
OperatingExpense,"2,042,245,000","545,975,000","522,785,000","511,338,000","462,147,000","447,067,000","389,339,000","368,959,000","346,136,000","358,261,000","434,815,000","412,106,000","407,080,000","408,014,000","394,755,000","404,591,000","502,360,000","391,588,000","381,492,000","372,093,000","344,424,000","347,721,000","331,030,000","336,495,000","329,753,000","371,708,000","310,154,000","240,351,000","224,370,000","231,757,000","208,383,000","211,580,000","213,244,000","217,019,000","205,826,000","203,671,000","198,585,000","200,460,000","180,791,000","170,649,000","165,221,000","177,911,000","164,506,000","169,145,000","175,513,000","165,856,000","160,861,000","158,062,000","43,682,000","44,971,000","44,227,000","39,488,000","39,672,000","42,829,000","44,928,000","35,204,000","36,862,000","94,864,000","38,067,000","36,751,000","48,178,000","72,609,000","29,363,000","143,639,000","140,798,000","132,287,000","118,102,000","114,846,000","110,351,000","112,407,000","106,518,000","98,071,000","93,600,000","92,430,000","80,439,000","76,807,000","76,711,000","81,215,000","80,480,000","85,316,000","88,478,000","84,464,000","95,717,000","108,774,000","117,366,000","-259,070,000","149,140,000","166,900,000","160,951,000","-155,437,000","111,400,000","107,400,000","96,900,000","74,100,000","77,500,000",,
	SellingGeneralAndAdministration,"1,978,724,000","529,835,000","506,681,000","495,705,000","446,503,000","431,290,000","373,604,000","353,661,000","331,101,000","343,305,000","419,952,000","399,391,000","394,303,000","396,015,000","383,014,000","393,573,000","490,629,000","379,881,000","369,267,000","359,646,000","332,215,000","335,431,000","319,256,000","324,743,000","318,309,000","360,421,000","299,824,000","233,171,000","216,947,000","224,523,000","201,569,000","204,801,000","206,474,000","209,704,000","199,493,000","197,091,000","192,641,000","194,583,000","175,703,000","166,352,000","161,479,000","174,261,000","160,983,000","165,670,000","172,144,000","162,536,000","157,622,000","154,918,000","40,714,000","41,922,000","41,472,000","36,628,000","36,843,000","39,883,000","42,004,000","32,323,000","34,030,000","92,124,000","35,255,000","34,212,000","45,828,000","70,543,000","26,806,000","141,271,000","138,509,000","129,882,000","115,925,000","112,627,000","108,150,000","110,693,000","104,177,000","95,931,000","91,358,000","107,033,000","72,349,000","68,847,000","73,924,000","77,346,000","76,480,000","81,255,000","84,247,000","84,464,000","95,717,000","108,774,000","117,366,000","-254,241,000","142,219,000","160,033,000","155,083,000","-159,970,000","107,600,000","104,800,000","94,500,000","71,800,000","77,500,000",,
		GeneralAndAdministrativeExpense,"1,978,724,000","529,835,000","506,681,000","495,705,000","446,503,000","431,290,000","373,604,000","353,661,000","331,101,000","343,305,000","419,952,000","399,391,000","394,303,000","396,015,000","383,014,000","393,573,000","490,629,000","379,881,000","369,267,000","359,646,000","332,215,000","335,431,000","319,256,000","324,743,000","318,309,000","360,421,000","299,824,000","233,171,000","216,947,000","224,523,000","201,569,000","204,801,000","206,474,000","209,704,000","199,493,000","197,091,000","192,641,000","194,583,000","175,703,000","166,352,000","161,479,000","174,261,000","160,983,000","165,670,000","172,144,000","162,536,000","157,622,000","154,918,000",,,,,,,,,,,,,,,,,,,,,,,,,,,,,,,,,,,,,,,,,,,,,,,,,
			SalariesAndWages,"1,741,452,000","467,706,000","445,870,000","431,640,000","396,236,000","380,350,000","326,333,000","307,185,000","284,012,000","283,519,000","348,597,000","337,382,000","328,496,000","331,665,000","321,835,000","335,835,000","321,905,000","317,871,000","310,751,000","301,043,000","273,954,000","275,493,000","262,438,000","270,609,000","262,967,000","286,852,000","242,429,000","188,608,000","179,456,000","182,886,000","164,802,000","174,656,000","169,106,000","170,595,000","162,228,000","161,296,000","152,770,000","154,487,000","139,788,000","133,035,000","128,036,000","139,593,000","125,741,000","131,481,000","137,371,000","133,554,000","126,088,000","127,555,000",,,,,,,,,,,,,,,,,,,,,,,,,,,,,,,,,,,,,,,,,,,,,,,,,
			OtherGandA,"237,272,000","62,129,000","60,811,000","64,065,000","50,267,000","50,940,000","47,271,000","46,476,000","47,089,000","59,786,000","71,355,000","62,009,000","65,807,000","64,350,000","61,179,000","57,738,000","168,724,000","62,010,000","58,516,000","58,603,000","58,261,000","59,938,000","56,818,000","54,134,000","55,342,000","73,569,000","57,395,000","44,563,000","37,491,000","41,637,000","36,767,000","30,145,000","37,368,000","39,109,000","37,265,000","35,795,000","39,871,000","40,096,000","35,915,000","33,317,000","33,443,000","34,668,000","35,242,000","34,189,000","34,773,000","28,982,000","31,534,000","27,363,000",,,,,,,,,,,,,,,,,,,,,,,,,,,,,,,,,,,,,,,,,,,,,,,,,
	DepreciationAmortizationDepletionIncomeStatement,"63,521,000","16,140,000","16,104,000","15,633,000","15,644,000","15,777,000","15,735,000","15,298,000","15,035,000","14,956,000","14,863,000","12,715,000","12,777,000","11,999,000","11,741,000","11,018,000","11,731,000","11,707,000","12,225,000","12,447,000","12,209,000","12,290,000","11,774,000","11,752,000","11,444,000","11,287,000","10,330,000","7,180,000","7,423,000","7,234,000","6,814,000","6,779,000","6,770,000","7,315,000","6,333,000","6,580,000","5,944,000","5,877,000","5,088,000","4,297,000","3,742,000","3,650,000","3,523,000","3,475,000","3,369,000","3,320,000","3,239,000","3,144,000","2,968,000","3,049,000","2,755,000","2,860,000","2,829,000","2,946,000","2,924,000","2,881,000","2,832,000","2,740,000","2,812,000","2,539,000","2,350,000","2,066,000","2,557,000","2,368,000","2,289,000","2,405,000","2,177,000","2,219,000","2,201,000","1,714,000","2,341,000","2,140,000","2,242,000","2,197,000","2,546,000","2,500,000","2,787,000","3,869,000","4,000,000","4,061,000","4,231,000",,,,,"-4,829,000","6,921,000","6,867,000","5,868,000","4,533,000","3,800,000","2,600,000","2,400,000","2,300,000",,,
		DepreciationAndAmortizationInIncomeStatement,"63,521,000","16,140,000","16,104,000","15,633,000","15,644,000","15,777,000","15,735,000","15,298,000","15,035,000","14,956,000","14,863,000","12,715,000","12,777,000","11,999,000","11,741,000","11,018,000","11,731,000","11,707,000","12,225,000","12,447,000","12,209,000","12,290,000","11,774,000","11,752,000","11,444,000","11,287,000","10,330,000","7,180,000","7,423,000","7,234,000","6,814,000","6,779,000","6,770,000","7,315,000","6,333,000","6,580,000","5,944,000","5,877,000","5,088,000","4,297,000","3,742,000","3,650,000","3,523,000","3,475,000","3,369,000","3,320,000","3,239,000","3,144,000","2,968,000","3,049,000","2,755,000","2,860,000","2,829,000","2,946,000","2,924,000","2,881,000","2,832,000","2,740,000","2,812,000","2,539,000","2,350,000","2,066,000","2,557,000","2,368,000","2,289,000","2,405,000","2,177,000","2,219,000","2,201,000","1,714,000","2,341,000","2,140,000","2,242,000","2,197,000","2,546,000","2,500,000","2,787,000","3,869,000","4,000,000","4,061,000","4,231,000",,,,,"-4,829,000","6,921,000","6,867,000","5,868,000","4,533,000","3,800,000","2,600,000","2,400,000","2,300,000",,,
	OtherOperatingExpenses,,,,,,,,,,,,,,,,,,,,,,,,,,,,,,,,,,,,,,,,,,,,,,,,,,,"-364,000",,,,,,,,,,,,,,,,,,,,,,,,"5,544,000","5,460,000",,,,,,,,,,,,,,,,,,,,,
OperatingIncome,"470,074,000","138,753,000","126,290,000","103,776,000","101,255,000","86,252,000","65,993,000","50,579,000","-16,308,000","62,693,000","49,688,000","61,869,000","60,334,000","62,275,000","62,683,000","70,987,000","-55,119,000","63,281,000","48,622,000","51,042,000","41,017,000","39,113,000","34,343,000","46,548,000","29,036,000","7,278,000","16,510,000","29,013,000","32,904,000","28,092,000","32,509,000","34,416,000","28,479,000","24,480,000","27,302,000","23,165,000","20,343,000","18,313,000","13,147,000","18,264,000","17,009,000","15,352,000","17,094,000","25,407,000","25,942,000","26,246,000","20,492,000","21,905,000","19,272,000","13,709,000","6,019,000","4,992,000","-6,769,000","-5,186,000","5,587,000","21,488,000","23,754,000","20,178,000","21,180,000","25,382,000","25,113,000","19,351,000","21,408,000","21,148,000","20,348,000","20,637,000","18,715,000","18,086,000","18,744,000","18,624,000","17,104,000","15,470,000","14,583,000","11,290,000","6,246,000","5,158,000","1,622,000","1,142,000","183,000","342,000","1,310,000","-7,233,000","-2,449,000","175,000","-2,923,000","15,827,000","14,952,000","13,588,000","18,540,000","18,605,000","14,500,000","11,500,000","10,300,000","23,400,000","10,000,000","90,900,000","90,900,000"
NetNonOperatingInterestIncomeExpense,"-25,293,000","-6,473,000","-7,029,000","-6,365,000","-5,426,000","-7,592,000","-7,298,000","-7,494,000","-6,894,000","-6,998,000","-6,919,000","-4,210,000","-4,057,000","-4,169,000","-4,282,000","-4,337,000","-4,103,000","-1,772,000","-2,665,000","-2,579,000","-2,660,000","-2,052,000","-2,402,000","-2,736,000","-3,061,000","1,452,000","-372,000","-544,000","-299,000","-358,000","288,000","-920,000","-794,000","-261,000","-873,000","-638,000","-591,000","-644,000","-360,000","-762,000","-599,000","-511,000","-310,000","-389,000","-581,000","-68,000","-401,000","-1,258,000","-808,000","1,424,000","-1,345,000","-1,259,000","3,291,000","-4,742,000","13,527,000",,,,,,,,,,,,,,,,,,,,,,,,,,,,,,,,,,,,,,,,,,
	InterestIncomeNonOperating,,,,,,,,,,,,,,,,,,,,,,,,,,,,,,,,,,,,,,,,,,,,,,"3,024,000",,,,,,,"4,733,000","-2,903,000","14,794,000",,,,,,,,,,,,,,,,,,,,,,,,,,,,,,,,,,,,,,,,,,
	InterestExpenseNonOperating,"25,293,000","6,473,000","7,029,000","6,365,000","5,426,000","7,592,000","7,298,000","7,494,000","6,894,000","6,998,000","6,919,000","4,210,000","4,057,000","4,169,000","4,282,000","4,337,000","4,103,000","1,772,000","2,665,000","2,579,000","2,660,000",,"2,402,000","2,736,000","3,061,000",,,"544,000","299,000","358,000",,"920,000","794,000","261,000","873,000","638,000","591,000","644,000","360,000","762,000",,,,,,,,,,,"1,345,000","1,259,000","1,442,000","1,839,000","1,267,000",,,,,,,,,,,,,,,,,,,,,,,,,,,,,,,,,,,,,,,,,,
	TotalOtherFinanceCost,,,,,,,,,,,"6,919,000","4,210,000","4,057,000","4,169,000","4,282,000","4,337,000","4,103,000","1,772,000","2,665,000","2,579,000","2,660,000","2,052,000","2,402,000","2,736,000","3,061,000","-1,452,000","372,000","544,000","299,000","358,000","-288,000","920,000","794,000","261,000","873,000","638,000","591,000","644,000","360,000","762,000","599,000",,"310,000","389,000","581,000","68,000","401,000","1,258,000","808,000",,"-893,000",,"-3,291,000",,,,,,,,,,,,,,,,,,,,,,,,,,,,,,,,,,,,,,,,,,,,
OtherIncomeExpense,"-11,880,000","-14,116,000","-7,277,000","5,066,000","4,447,000","10,820,000","14,097,000","-2,130,000","-16,325,000","-51,359,000","-13,038,000","1,133,000","1,826,000","7,802,000","2,401,000","-4,600,000","4,491,000","-3,322,000","7,689,000","3,828,000","3,252,000","-2,039,000","399,000","-879,000","-20,261,000","3,209,000","-37,669,000","-2,646,000","-74,000","4,397,000","-1,060,000","2,362,000","-7,709,000","2,018,000","1,132,000","4,352,000","-1,415,000","-420,000","-1,145,000","-13,966,000","-1,017,000","2,761,000","678,000","-2,617,000","-2,022,000","3,092,000","1,948,000","785,000","-1,501,000","576,000","2,602,000","-335,000","-18,160,000","-25,021,000","-16,431,000","839,000","1,063,000","833,000","652,000","894,000","923,000","635,000","758,000","774,000","996,000","527,000","451,000","580,000","443,000","-1,227,000","505,000","492,000","423,000","795,000","-59,000","98,000","-8,355,000","664,000","354,000","-15,885,000","361,000","-7,795,000",,"-34,839,000","-49,428,000",,,,,,,,,"-92,200,000","1,000,000",,
	EarningsFromEquityInterest,,,,,,,,,,,,,,,,,,,,,,,,,,,,,,,,,,,,,,,,,,,,,,,,,,,"390,000",,"23,000","49,000","414,000","839,000","1,063,000","833,000","652,000","894,000","923,000","635,000","758,000","774,000","996,000","527,000","451,000","580,000","443,000","-1,227,000","505,000","492,000","423,000","379,000","162,000","243,000","171,000","664,000","354,000","396,000","361,000",,,,,,,,,,,,,,,,
	SpecialIncomeCharges,"0","0","0","0","0","0","-838,000","-2,407,000","-27,487,000","-40,466,000","-18,093,000",,,"0","0","0","0","0","0","202,000","-280,000","-6,279,000","-3,801,000","0","-24,520,000","-2,436,000","-30,577,000","0","0","0","418,000","0","-9,886,000","0","0","0","-3,682,000","-2,921,000","-4,441,000","-13,966,000","-1,017,000","2,761,000","678,000","-2,617,000","-2,022,000","3,092,000","1,948,000","785,000","-1,501,000","576,000","2,602,000","-335,000","-18,183,000","-25,070,000","-16,845,000",,,,,,,,,,,,,,,,,,,"416,000","-221,000","-145,000","-8,526,000","0",,"-16,281,000",,"-8,936,000",,"-34,839,000","-49,428,000",,,,,,,,,"-92,200,000","1,000,000",,
		RestructuringAndMergernAcquisition,"0","0","0","0","0","0","838,000","2,407,000","27,487,000","40,466,000","18,093,000",,,"0","0","0","0","0","0","-202,000","280,000","6,279,000","3,801,000","0","24,520,000","2,436,000","30,577,000","0","0","0","-418,000","0","9,886,000","0","0","0","3,682,000","2,921,000","4,441,000","15,495,000",,"0","929,000","0",,"0","0","2,130,000","0","80,000","-364,000","2,774,000","18,183,000","25,070,000","16,845,000",,,,,,,,,,,,,,,,,,,"0",,,"8,526,000","0",,"16,281,000",,,,"34,839,000","49,428,000",,,,,,,,,,,,
		OtherSpecialCharges,,,,,,,,,,,,,,,,,,,,,,,,,,,,,,,,,,,,,,,,"-1,529,000",,"-2,761,000","-1,607,000","2,617,000",,"-3,092,000","-1,948,000","-2,915,000","1,501,000","-656,000","-2,238,000","-2,439,000",,,,,,,,,,,,,,,,,,,,,,,,,,,,,,,,,,,,,,,,,,,,,
	OtherNonOperatingIncomeExpenses,"-11,880,000","-14,116,000","-7,277,000","5,066,000","4,447,000","10,820,000","14,935,000","277,000","11,162,000","-10,893,000","5,055,000","1,133,000","1,826,000","7,802,000","2,401,000","-4,600,000","4,491,000","-3,322,000","7,689,000","3,626,000","3,532,000","4,240,000","4,200,000","-879,000","4,259,000","5,645,000","-7,092,000","-2,646,000","-74,000","4,397,000","-1,478,000","2,362,000","2,177,000","2,018,000","1,132,000","4,352,000","2,267,000","2,501,000","3,296,000","1,529,000",,,,,,,,,,,,,,,,,,,,,,,,,,,,,,,,,,,,,,,,,,,,,,,,,,,,,,,,,
PretaxIncome,"432,901,000","118,164,000","111,984,000","102,477,000","100,276,000","89,480,000","72,792,000","40,955,000","-39,527,000","4,336,000","29,731,000","58,792,000","58,103,000","65,908,000","60,802,000","62,050,000","-54,731,000","58,187,000","53,646,000","52,291,000","41,609,000","35,022,000","32,340,000","42,933,000","5,714,000","11,939,000","-21,531,000","25,823,000","32,531,000","32,131,000","31,737,000","35,858,000","19,976,000","26,237,000","27,561,000","26,879,000","18,337,000","17,249,000","11,642,000","3,536,000","15,393,000","17,602,000","17,462,000","22,401,000","23,339,000","29,270,000","22,039,000","21,432,000","16,963,000","15,709,000","7,276,000","3,398,000","-21,661,000","-29,192,000","-27,319,000","20,304,000","24,134,000","21,241,000","24,957,000","26,181,000","26,611,000","19,884,000","22,072,000","20,276,000","20,267,000","20,203,000","22,537,000","16,666,000","17,618,000","17,905,000","15,216,000","13,122,000","12,434,000","9,898,000","4,467,000","2,453,000","-8,904,000","-1,904,000","-2,434,000","-17,529,000","-374,000","-17,163,000","-4,054,000","-37,120,000","-53,192,000","15,014,000","12,525,000","10,987,000","17,813,000","18,337,000","14,800,000","11,700,000","10,200,000","-70,000,000","9,100,000",,
TaxProvision,"102,056,000","25,105,000","26,927,000","26,145,000","23,879,000","22,729,000","21,204,000","12,877,000","-8,672,000","4,957,000","8,775,000","15,760,000","14,453,000","15,401,000","15,420,000","14,833,000","-16,110,000","15,988,000","26,316,000","15,619,000","12,210,000","7,398,000","8,075,000","11,906,000","1,725,000","5,749,000","-5,355,000","8,392,000","10,174,000","7,134,000","9,576,000","10,907,000","5,909,000","5,703,000","6,727,000","8,677,000","7,385,000","5,595,000","2,753,000","2,684,000","5,605,000","6,152,000","6,038,000","7,726,000","8,435,000","9,285,000","8,598,000","8,288,000","6,521,000","6,245,000","-244,000","879,000","-7,365,000","-12,711,000","-4,549,000","7,583,000","9,293,000","6,328,000","9,353,000","9,966,000","10,434,000","6,980,000","8,100,000","7,484,000","7,600,000","430,000","6,375,000","6,342,000","6,448,000","4,963,000","5,897,000","4,905,000","4,486,000","1,543,000","744,000","475,000","456,000","503,000","479,000","488,000","570,000","-1,354,000","2,572,000","-6,253,000","-7,293,000","7,019,000","5,622,000","4,879,000","7,806,000","7,926,000","6,500,000","5,200,000","4,600,000","2,900,000","4,000,000",,
EarningsFromEquityInterestNetOfTax,,,,,,,,,,,,,,"120,000","62,000","100,000","29,000","110,000","97,000","60,000","30,000","112,000","113,000","29,000","79,000","185,000","181,000","540,000","725,000","485,000","778,000","452,000","466,000","677,000","470,000","557,000","465,000","543,000","593,000","344,000","630,000","578,000","293,000","472,000","507,000","354,000","534,000","512,000","462,000","-548,000","390,000",,,,,,,,,,,,,,,,,,,,,,,,,,,,,,,,,,,,,,,,,,,,,,
NetIncomeCommonStockholders,"326,360,000","91,664,000","82,303,000","74,118,000","72,926,000","64,576,000","49,942,000","27,048,000","-30,977,000","-804,000","19,771,000","42,338,000","42,507,000","49,739,000","44,496,000","45,549,000","-38,670,000","40,716,000","26,952,000","35,929,000","28,753,000","26,664,000","23,670,000","29,882,000","3,164,000","5,810,000","-16,049,000","17,804,000","22,858,000","25,254,000","22,716,000","25,403,000","14,533,000","21,211,000","21,304,000","18,759,000","11,417,000","12,197,000","9,482,000","1,196,000","10,418,000","12,028,000","11,717,000","15,147,000","15,411,000","20,339,000","13,975,000","13,656,000","10,904,000","8,916,000","7,910,000","2,745,000","-14,273,000","-17,200,000","-22,356,000","13,560,000","15,904,000","15,746,000","16,256,000","17,109,000","17,100,000","13,539,000","14,730,000","13,566,000","13,663,000","20,300,000","16,613,000","10,904,000","11,613,000","11,715,000","9,824,000","8,709,000","8,371,000","8,734,000","3,885,000","2,221,000","-9,189,000","-1,984,000","-2,804,000","-18,017,000","-583,000","-13,272,000","-7,253,000","-30,867,000","-46,859,000","7,995,000","6,903,000","6,108,000","10,007,000","10,411,000","8,300,000","6,500,000","5,600,000","-72,900,000","5,100,000","700,000","700,000"
	NetIncome,"326,360,000","91,664,000","84,101,000","75,772,000","74,823,000","66,190,000","51,319,000","27,778,000","-30,833,000","-802,000","19,993,000","42,804,000","42,951,000","50,264,000","44,964,000","46,034,000","-38,611,000","41,160,000","27,247,000","36,331,000","29,041,000","26,924,000","23,897,000","30,152,000","3,208,000","5,855,000","-15,995,000","17,971,000","23,082,000","25,482,000","22,939,000","25,403,000","14,533,000","21,211,000","21,304,000","18,759,000","11,417,000","12,197,000","9,482,000","1,196,000","10,418,000","12,028,000","11,717,000","15,147,000","15,411,000","20,339,000","13,975,000","13,656,000","10,904,000","8,916,000","7,910,000","2,745,000","-14,273,000","-17,200,000","-22,356,000","13,560,000","15,904,000","15,746,000","16,256,000","17,109,000","17,100,000","13,539,000","14,730,000","13,566,000","13,663,000","20,300,000","16,613,000","10,904,000","11,613,000","11,715,000","9,824,000","8,709,000","8,371,000","8,734,000","3,885,000","2,221,000","-9,189,000","-1,743,000","-2,559,000","-18,017,000","-583,000","-13,272,000","-7,253,000","-30,867,000","-46,859,000","7,995,000","6,903,000","6,108,000","10,007,000","10,411,000","8,300,000","6,500,000","5,600,000","-72,900,000","5,100,000","700,000","700,000"
		NetIncomeIncludingNoncontrollingInterests,"330,845,000","93,059,000","85,057,000","76,332,000","76,397,000","66,751,000","51,588,000","28,078,000","-30,855,000","-621,000","20,956,000","43,032,000","43,650,000","50,627,000","45,444,000","47,317,000","-38,592,000","42,309,000","27,427,000","36,732,000","29,429,000","27,736,000","24,378,000","31,056,000","4,068,000","6,375,000","-15,995,000","17,971,000","23,082,000","25,482,000","22,939,000","25,403,000","14,533,000","21,211,000","21,304,000","18,759,000","11,417,000","12,197,000","9,482,000","1,196,000","10,418,000","12,028,000","11,717,000","15,147,000","15,411,000","20,339,000","13,975,000","13,656,000","10,904,000","8,916,000","7,910,000","2,745,000","-14,273,000","-17,200,000","-22,356,000","13,560,000","15,904,000","15,746,000","16,256,000","17,109,000","17,100,000","13,539,000","14,730,000","13,566,000","13,663,000","20,300,000","16,613,000","10,904,000","11,613,000","11,715,000","9,824,000","8,709,000","8,371,000","8,734,000","3,885,000","2,221,000","-9,189,000","-1,743,000","-2,559,000","-18,017,000","-583,000","-15,809,000","-6,626,000","-29,917,000","-45,899,000","9,224,000","7,764,000","7,207,000","10,778,000","11,245,000","9,000,000","7,100,000","6,300,000","-72,200,000","5,700,000","700,000","700,000"
			NetIncomeContinuousOperations,"330,845,000","93,059,000","85,057,000","76,332,000","76,397,000","66,751,000","51,588,000","28,078,000","-30,855,000","-621,000","20,956,000","43,032,000","43,650,000","50,627,000","45,444,000","47,317,000","-38,592,000","42,309,000","27,427,000","36,732,000","29,429,000","27,736,000","24,378,000","31,056,000","4,068,000","6,375,000","-15,995,000","17,971,000","23,082,000","25,482,000","22,939,000","25,403,000","14,533,000","21,211,000","21,304,000","18,759,000","11,417,000","12,197,000","9,482,000","1,196,000","10,418,000","12,028,000","11,717,000","15,147,000","15,411,000","20,339,000","13,975,000","13,656,000","10,904,000","8,916,000","7,910,000","2,745,000","-14,273,000","-17,200,000","-22,356,000","13,560,000","15,904,000","15,746,000","16,256,000","17,109,000","17,100,000","13,539,000","14,730,000","13,566,000","13,663,000","20,300,000","16,613,000","10,904,000","11,613,000","11,715,000","9,824,000","8,709,000","8,371,000","8,734,000","3,885,000","2,221,000","-9,189,000","-1,743,000","-2,559,000","-18,017,000","-583,000","-13,272,000","-7,253,000","-30,867,000","-46,859,000","7,995,000","6,903,000","6,108,000","10,007,000","10,411,000","8,300,000","6,500,000","5,600,000","-72,900,000","5,100,000","700,000","700,000"
		MinorityInterests,"-4,485,000","-1,395,000","-956,000","-560,000","-1,574,000","-561,000","-269,000","-300,000","22,000","-181,000","-963,000","-228,000","-699,000","-363,000","-480,000","-1,283,000","-19,000","-1,149,000","-180,000","-401,000","-388,000","-812,000","-481,000","-904,000","-860,000","-520,000",,,,,,,,,,,,,,,,,,,,,,,,,,,,,,,,,,,,,,,,,,,,,,,,,,,,,,,,,"-627,000","-950,000","-960,000","-1,229,000","-861,000","-1,099,000","-771,000","-834,000","-700,000","-600,000","-700,000","-700,000","-600,000",,
	PreferredStockDividends,,,,,,,,,,,,,,,,,,,,,,,,,,,,,,,,,,,,,,,,,,,,,,,,,,,,,,,,,,,,,,,,,,,,,,,,,,,,,,"241,000","245,000",,,,,,,,,,,,,,,,,,
	OtherunderPreferredStockDividend,,,"1,798,000","1,654,000","1,897,000","1,614,000","1,377,000","730,000","144,000","2,000","222,000","466,000","444,000","525,000","468,000","485,000","59,000","444,000","295,000","402,000","288,000","260,000","227,000","270,000","44,000","45,000","54,000","167,000","224,000","228,000","223,000",,,,,,,,,,,,,,,,,,,,,,,,,,,,,,,,,,,,,,,,,,,,,,,,,,,,,,,,,,,,,,,,,,
AverageDilutionEarnings,,,"15,000","13,000","18,000","15,000","10,000","2,000","0","0","1,000","1,000","2,000","5,000","4,000","6,000","0","7,000","3,000","4,000","2,000","4,000","1,000","2,000","0","0","0","1,000","2,000","2,000","3,000",,,,,,,,,,,,,,,,,,,,,,,,,,,,,,,,,,,,,,,,,,,,,,,,,,,,,,,,,,,,,,,,,,
DilutedNIAvailtoComStockholders,"326,360,000","91,664,000","82,318,000","74,131,000","72,944,000","64,591,000","49,952,000","27,050,000","-30,977,000","-804,000","19,772,000","42,339,000","42,509,000","49,744,000","44,500,000","45,555,000","-38,670,000","40,723,000","26,955,000","35,933,000","28,755,000","26,668,000","23,671,000","29,884,000","3,164,000","5,810,000","-16,049,000","17,805,000","22,860,000","25,256,000","22,719,000","25,403,000","14,533,000","21,211,000","21,304,000","18,759,000","11,417,000","12,197,000","9,482,000","1,196,000","10,418,000","12,028,000","11,717,000","15,147,000","15,411,000","20,339,000","13,975,000","13,656,000","10,904,000","8,916,000","7,910,000","2,745,000","-14,273,000","-17,200,000","-22,356,000","13,560,000","15,904,000","15,746,000","16,256,000","17,109,000","17,100,000","13,539,000","14,730,000","13,566,000","13,663,000","20,300,000","16,613,000","10,904,000","11,613,000","11,715,000","9,824,000","8,709,000","8,371,000","8,734,000","3,885,000","2,221,000","-9,189,000","-1,984,000","-2,804,000","-18,017,000","-583,000","-13,272,000","-7,253,000","-30,867,000","-46,859,000","7,995,000","6,903,000","6,108,000","10,007,000","10,411,000","8,300,000","6,500,000","5,600,000","-72,900,000","5,100,000","700,000","700,000"
BasicEPS,,"1.71","1.55","1.4","1.38","1.22","0.95","0.51","-0.58","-0.02","0.37","0.78","0.77","0.9","0.81","0.82","-0.7","0.74","0.49","0.65","0.52","0.48","0.42","0.53","0.06","0.1","-0.3","0.36","0.46","0.51","0.46","0.52","0.3","0.44","0.44","0.39","0.22","0.26","0.2","0.03","0.22",,"0.26","0.33","0.34","0.45","0.31","0.3","0.24",,"0.18","0.06","-0.33",,"-0.52","0.31","0.37",,"0.38","0.38","0.38",,"0.37","0.35","0.35",,"0.41","0.27","0.29",,"0.25","0.23","0.22",,"0.1","0.06","-0.25",,"-0.07","-0.48","-0.02",,"-0.19","-0.82","-1.25",,"0.18","0.16","0.27",,"0.23","0.18","0.16",,"0.19","0.03","0.02"
DilutedEPS,,"1.7","1.54","1.38","1.37","1.21","0.94","0.51","-0.58","-0.02","0.36","0.77","0.76","0.89","0.8","0.81","-0.7","0.73","0.48","0.64","0.51","0.47","0.42","0.52","0.06","0.1","-0.3","0.35","0.46","0.51","0.46","0.51","0.29","0.43","0.43","0.38","0.22","0.25","0.2","0.03","0.22",,"0.26","0.32","0.33","0.43","0.3","0.3","0.24",,"0.17","0.06","-0.33",,"-0.52","0.3","0.36",,"0.37","0.37","0.36",,"0.33","0.31","0.31",,"0.37","0.25","0.27",,"0.23","0.21","0.2",,"0.1","0.06","-0.25",,"-0.07","-0.48","-0.02",,"-0.19","-0.82","-1.25",,"0.18","0.16","0.26",,"0.22","0.17","0.15",,"0.19","0.03","0.02"
BasicAverageShares,,"52,352,000","52,999,000","53,114,000","52,760,000","52,621,000","52,596,000","53,229,000","53,264,000","53,534,000","53,999,000","54,568,000","55,266,000","55,173,000","55,233,000","55,461,000","55,378,000","55,266,000","55,252,000","55,390,000","55,795,000","55,845,000","56,173,000","56,614,000","56,189,000","56,012,000","54,003,000","49,981,000","49,493,000","49,288,000","49,135,000","49,082,000","48,703,000","48,523,000","48,341,000","48,118,000","46,810,000","47,452,000","47,367,000","47,269,000","46,810,000",,"46,528,000","46,499,000","45,969,000","45,700,000","45,349,000","45,130,000","44,642,000",,"44,622,000","44,470,000","43,776,000",,"43,406,000","43,776,000","43,432,000",,"43,247,000","44,529,000","45,041,000",,"39,650,000","39,018,000","39,021,000",,"40,248,000","40,054,000","39,384,000",,"38,726,000","38,399,000","37,801,000",,"37,506,000","37,491,000","37,437,000",,"37,546,000","37,701,000","37,701,000",,"37,536,000","37,519,000","37,555,000",,"37,443,000","37,271,000","36,890,000",,"36,117,000","36,111,111","35,000,000",,"26,842,105","23,333,333","35,000,000"
DilutedAverageShares,,"52,834,000","53,495,000","53,568,000","53,320,000","53,243,000","53,013,000","53,390,000","53,264,000","53,534,000","54,264,000","54,716,000","55,635,000","55,666,000","55,753,000","56,239,000","55,378,000","56,147,000","55,997,000","55,978,000","56,403,000","56,571,000","56,702,000","56,983,000","56,576,000","56,574,000","54,003,000","50,362,000","50,014,000","49,890,000","49,724,000","49,740,000","49,591,000","49,458,000","49,181,000","48,816,000","47,655,000","48,345,000","48,015,000","47,834,000","47,655,000",,"47,345,000","47,114,000","47,299,000","47,165,000","46,720,000","45,918,000","45,755,000",,"45,811,000","45,291,000","43,776,000",,"43,406,000","44,676,000","44,549,000",,"44,303,000","45,841,000","47,063,000",,"47,449,000","46,568,000","46,768,000",,"47,484,000","47,185,000","46,686,000",,"46,974,000","46,262,000","45,861,000",,"40,639,000","39,669,000","37,437,000",,"37,546,000","37,701,000","37,701,000",,"37,536,000","37,519,000","37,555,000",,"38,705,000","39,146,000","38,285,000",,"37,539,000","38,235,294","37,333,333",,"26,842,105","23,333,333","35,000,000"
TotalOperatingIncomeAsReported,"470,074,000","138,753,000","126,290,000","103,776,000","101,255,000","86,252,000","65,155,000","48,172,000","-43,795,000","22,227,000","31,595,000","61,869,000","60,334,000","62,275,000","62,683,000","70,987,000","-55,119,000","63,281,000","48,622,000","51,244,000","40,737,000","32,834,000","30,542,000","46,548,000","4,516,000","4,842,000","-14,067,000","29,013,000","32,904,000","28,092,000","32,927,000","34,416,000","18,593,000","24,480,000","27,302,000","23,165,000","16,661,000","15,392,000","8,706,000","2,769,000","17,009,000","15,352,000","16,165,000","25,407,000","25,942,000","26,246,000","20,492,000","19,775,000","19,272,000","13,629,000","6,383,000","2,218,000","-24,952,000","-30,256,000","-11,258,000","21,488,000","23,754,000","20,178,000","21,180,000","25,382,000","25,113,000","19,351,000","21,408,000","21,148,000","20,348,000","20,637,000","18,715,000","18,086,000","18,744,000","18,624,000","17,104,000","15,470,000","14,583,000","11,290,000","6,246,000","5,158,000","-6,904,000","1,142,000","183,000","-15,939,000","1,310,000","-57,510,000","-2,449,000","-34,664,000","-52,351,000","15,827,000","14,952,000","13,588,000","18,540,000","18,605,000","14,500,000","11,500,000","10,300,000","23,400,000","10,000,000",,
TotalExpenses,"2,173,381,000","588,250,000","558,666,000","539,622,000","486,843,000","471,142,000","411,887,000","387,210,000","363,191,000","386,283,000","478,291,000","442,308,000","435,864,000","440,260,000","423,489,000","435,806,000","533,481,000","425,083,000","412,148,000","404,426,000","373,900,000","380,474,000","359,852,000","368,406,000","363,897,000","409,883,000","342,369,000","262,326,000","246,431,000","254,061,000","226,362,000","230,301,000","231,846,000","236,318,000","223,635,000","223,072,000","217,244,000","220,294,000","197,125,000","186,535,000","179,014,000","192,206,000","177,529,000","184,581,000","188,648,000","179,530,000","173,617,000","171,299,000","163,890,000","163,196,000","146,881,000","141,564,000","130,057,000","119,612,000","138,906,000","178,249,000","193,718,000","200,272,000","190,911,000","181,442,000","171,164,000","170,409,000","152,100,000","143,639,000","140,798,000","132,287,000","118,102,000","114,846,000","110,351,000","112,407,000","106,518,000","98,071,000","93,600,000","92,430,000","80,439,000","76,807,000","76,711,000","81,215,000","80,480,000","85,316,000","88,478,000","84,464,000","95,717,000","108,774,000","117,366,000","133,535,000","142,219,000","160,033,000","155,083,000","138,938,000","107,600,000","104,800,000","94,500,000","76,700,000","81,100,000",,
NetIncomeFromContinuingAndDiscontinuedOperation,"326,360,000","91,664,000","84,101,000","75,772,000","74,823,000","66,190,000","51,319,000","27,778,000","-30,833,000","-802,000","19,993,000","42,804,000","42,951,000","50,264,000","44,964,000","46,034,000","-38,611,000","41,160,000","27,247,000","36,331,000","29,041,000","26,924,000","23,897,000","30,152,000","3,208,000","5,855,000","-15,995,000","17,971,000","23,082,000","25,482,000","22,939,000","25,403,000","14,533,000","21,211,000","21,304,000","18,759,000","11,417,000","12,197,000","9,482,000","1,196,000","10,418,000","12,028,000","11,717,000","15,147,000","15,411,000","20,339,000","13,975,000","13,656,000","10,904,000","8,916,000","7,910,000","2,745,000","-14,273,000","-17,200,000","-22,356,000","13,560,000","15,904,000","15,746,000","16,256,000","17,109,000","17,100,000","13,539,000","14,730,000","13,566,000","13,663,000","20,300,000","16,613,000","10,904,000","11,613,000","11,715,000","9,824,000","8,709,000","8,371,000","8,734,000","3,885,000","2,221,000","-9,189,000","-1,743,000","-2,559,000","-18,017,000","-583,000","-13,272,000","-7,253,000","-30,867,000","-46,859,000","7,995,000","6,903,000","6,108,000","10,007,000","10,411,000","8,300,000","6,500,000","5,600,000","-72,900,000","5,100,000","700,000","700,000"
NormalizedIncome,"326,360,000","91,664,000","84,101,000","75,772,000","74,823,000","66,190,000","51,913,142","29,429,202","-9,365,653","28,738,180","32,748,565","42,804,000","42,951,000","50,264,000","44,964,000","46,034,000","-38,611,000","41,160,000","27,247,000","36,189,600","29,239,800","31,876,632.517","26,747,750","30,152,000","20,372,000","7,316,600","6,937,750","17,971,000","23,082,000","25,482,000","22,646,400","25,403,000","21,453,200","21,211,000","21,304,000","18,759,000","13,626,200","14,170,525.074","12,857,160","10,273,900","11,064,683.298","10,231,985.343","11,276,300","16,861,408.955","16,702,224.474","18,227,841.134","12,786,720","13,174,568.496","11,827,978.188","8,568,984.658","6,218,700","2,993,341.672","-2,272,438.253","-904,500","-8,315,930.817","13,560,000","15,904,000","15,746,000","16,256,000","17,109,000","17,100,000","13,539,000","14,730,000","13,566,000","13,663,000","20,300,000","16,613,000","10,904,000","11,613,000","11,715,000","9,824,000","8,709,000","8,371,000","8,382,850.273","4,069,191.404","2,337,922.136","-4,073,400","-1,743,000","-2,559,000","-8,248,400","-583,000","-5,040,966.731","-7,253,000","-1,896,757.193","-4,207,928.937","7,995,000","6,903,000","6,108,000","10,007,000","10,411,000","8,300,000","6,500,000","5,600,000","-17,580,000","4,500,000","700,000","700,000"
InterestIncome,,,,,,,,,,,,,,,,,,,,,,,,,,,,,,,,,,,,,,,,,,,,,,"3,024,000",,,,,,,"4,733,000","-2,903,000","14,794,000",,,,,,,,,,,,,,,,,,,,,,,,,,,,,,,,,,,,,,,,,,
InterestExpense,"25,293,000","6,473,000","7,029,000","6,365,000","5,426,000","7,592,000","7,298,000","7,494,000","6,894,000","6,998,000","6,919,000","4,210,000","4,057,000","4,169,000","4,282,000","4,337,000","4,103,000","1,772,000","2,665,000","2,579,000","2,660,000",,"2,402,000","2,736,000","3,061,000",,,"544,000","299,000","358,000",,"920,000","794,000","261,000","873,000","638,000","591,000","644,000","360,000","762,000",,,,,,,,,,,"1,345,000","1,259,000","1,442,000","1,839,000","1,267,000",,,,,,,,,,,,,,,,,,,,,,,,,,,,,,,,,,,,,,,,,,
NetInterestIncome,"-25,293,000","-6,473,000","-7,029,000","-6,365,000","-5,426,000","-7,592,000","-7,298,000","-7,494,000","-6,894,000","-6,998,000","-6,919,000","-4,210,000","-4,057,000","-4,169,000","-4,282,000","-4,337,000","-4,103,000","-1,772,000","-2,665,000","-2,579,000","-2,660,000","-2,052,000","-2,402,000","-2,736,000","-3,061,000","1,452,000","-372,000","-544,000","-299,000","-358,000","288,000","-920,000","-794,000","-261,000","-873,000","-638,000","-591,000","-644,000","-360,000","-762,000","-599,000","-511,000","-310,000","-389,000","-581,000","-68,000","-401,000","-1,258,000","-808,000","1,424,000","-1,345,000","-1,259,000","3,291,000","-4,742,000","13,527,000",,,,,,,,,,,,,,,,,,,,,,,,,,,,,,,,,,,,,,,,,,
EBIT,"458,194,000","124,637,000","119,013,000","108,842,000","105,702,000","97,072,000","80,090,000","48,449,000","-32,633,000","11,334,000","36,650,000","63,002,000","62,160,000","70,077,000","65,084,000","66,387,000","-50,628,000","48,512,000","56,311,000","54,870,000","44,269,000","59,854,000","34,742,000","45,669,000","8,775,000","7,278,000","16,510,000","26,367,000","32,830,000","26,082,000","32,509,000","36,778,000","20,770,000","26,498,000","28,434,000","27,517,000","18,928,000","17,893,000","12,002,000","18,264,000","17,009,000","14,152,000","17,094,000","25,407,000","25,942,000","26,246,000","20,492,000","21,905,000","19,272,000","24,892,000","8,621,000","4,657,000","-20,219,000","-27,353,000","-26,052,000","21,488,000","23,754,000","20,178,000","21,180,000","25,382,000","25,113,000","19,351,000","21,408,000","21,148,000","20,348,000","20,637,000","18,715,000","18,086,000","18,744,000","18,624,000","17,104,000","15,470,000","14,583,000","11,290,000","6,246,000","5,158,000","1,622,000","1,142,000","183,000","342,000","1,310,000","-7,233,000","-2,449,000","175,000","-2,923,000","15,827,000","14,952,000","13,588,000","18,540,000","18,605,000","14,500,000","11,500,000","10,300,000","23,400,000","10,000,000","90,900,000","90,900,000"
EBITDA,"521,715,000"
ReconciledCostOfRevenue,"131,136,000","42,275,000","35,881,000","28,284,000","24,696,000","24,075,000","22,548,000","18,251,000","17,055,000","28,022,000","43,476,000","30,202,000","28,784,000","32,246,000","28,734,000","31,215,000","31,121,000","33,495,000","30,656,000","32,333,000","29,476,000","32,753,000","28,822,000","31,911,000","34,144,000","38,175,000","32,215,000","21,975,000","22,061,000","22,304,000","17,979,000","18,721,000","18,602,000","19,299,000","17,809,000","19,401,000","18,659,000","19,834,000","16,334,000","15,886,000","13,793,000","14,295,000","13,023,000","15,436,000","13,135,000","13,674,000","12,756,000","13,237,000","120,208,000","118,225,000","102,654,000","102,076,000","90,385,000","76,783,000","93,977,000","143,046,000","156,856,000","105,408,000","152,844,000","144,691,000","122,986,000","97,800,000","122,737,000",,,,,,,,,,,,,,,,,,,,,,,"379,718,000","-6,921,000","-6,867,000","-5,868,000","294,375,000","-3,800,000","-2,600,000","-2,400,000","2,600,000","3,600,000",,
ReconciledDepreciation,"63,521,000","16,140,000","16,104,000","15,633,000","15,644,000","15,777,000","15,735,000","15,298,000","15,035,000","14,956,000","14,863,000","12,715,000","12,777,000","11,999,000","11,741,000","11,018,000","11,731,000","11,707,000","12,225,000","12,447,000","12,209,000","12,290,000","11,774,000","11,752,000","11,444,000","11,287,000","10,330,000","7,180,000","7,423,000","7,234,000","6,814,000","6,779,000","6,770,000","7,315,000","6,333,000","6,580,000","5,944,000","5,877,000","5,088,000","4,297,000","3,742,000","3,650,000","3,523,000","3,475,000","3,369,000","3,320,000","3,239,000","3,144,000","2,968,000","3,049,000","2,755,000","2,860,000","2,829,000","2,946,000","2,925,000","2,880,000","2,832,000","2,740,000","2,812,000","2,539,000","2,350,000","2,066,000","2,557,000","2,368,000","2,289,000","2,405,000","2,177,000","2,219,000","2,201,000","3,128,000","2,341,000","2,140,000","2,242,000","2,197,000","2,546,000","2,500,000","2,787,000","3,869,000","4,079,000","4,142,000","4,315,000","4,341,000","4,337,000","5,056,000","4,215,000","8,058,000","6,921,000","6,867,000","5,868,000","4,533,000","3,800,000","2,600,000","2,400,000","2,300,000",,,
NetIncomeFromContinuingOperationNetMinorityInterest,"326,360,000","91,664,000","84,101,000","75,772,000","74,823,000","66,190,000","51,319,000","27,778,000","-30,833,000","-802,000","19,993,000","42,804,000","42,951,000","50,264,000","44,964,000","46,034,000","-38,611,000","41,160,000","27,247,000","36,331,000","29,041,000","26,924,000","23,897,000","30,152,000","3,208,000","5,855,000","-15,995,000","17,971,000","23,082,000","25,482,000","22,939,000","25,403,000","14,533,000","21,211,000","21,304,000","18,759,000","11,417,000","12,197,000","9,482,000","1,196,000","10,418,000","12,028,000","11,717,000","15,147,000","15,411,000","20,339,000","13,975,000","13,656,000","10,904,000","8,916,000","7,910,000","2,745,000","-14,273,000","-17,200,000","-22,356,000","13,560,000","15,904,000","15,746,000","16,256,000","17,109,000","17,100,000","13,539,000","14,730,000","13,566,000","13,663,000","20,300,000","16,613,000","10,904,000","11,613,000","11,715,000","9,824,000","8,709,000","8,371,000","8,734,000","3,885,000","2,221,000","-9,189,000","-1,743,000","-2,559,000","-18,017,000","-583,000","-13,272,000","-7,253,000","-30,867,000","-46,859,000","7,995,000","6,903,000","6,108,000","10,007,000","10,411,000","8,300,000","6,500,000","5,600,000","-72,900,000","5,100,000","700,000","700,000"
TotalUnusualItemsExcludingGoodwill,"0","0","0","0","0","0","-838,000","-2,407,000","-27,487,000","-40,466,000","-18,093,000",,,"0","0","0","0","0","0","202,000","-280,000","-6,279,000","-3,801,000","0","-24,520,000","-2,436,000","-30,577,000","0","0","0","418,000","0","-9,886,000","0","0","0","-3,682,000","-2,921,000","-4,441,000","-13,966,000","-1,017,000","2,761,000","678,000","-2,617,000","-2,022,000","3,092,000","1,948,000","785,000","-1,501,000","576,000","2,602,000","-335,000","-18,183,000","-25,070,000","-16,845,000",,,,,,,,,,,,,,,,,,,"416,000","-221,000","-145,000","-8,526,000","0",,"-16,281,000",,"-8,936,000",,"-34,839,000","-49,428,000",,,,,,,,,"-92,200,000","1,000,000",,
TotalUnusualItems,"0","0","0","0","0","0","-838,000","-2,407,000","-27,487,000","-40,466,000","-18,093,000",,,"0","0","0","0","0","0","202,000","-280,000","-6,279,000","-3,801,000","0","-24,520,000","-2,436,000","-30,577,000","0","0","0","418,000","0","-9,886,000","0","0","0","-3,682,000","-2,921,000","-4,441,000","-13,966,000","-1,017,000","2,761,000","678,000","-2,617,000","-2,022,000","3,092,000","1,948,000","785,000","-1,501,000","576,000","2,602,000","-335,000","-18,183,000","-25,070,000","-16,845,000",,,,,,,,,,,,,,,,,,,"416,000","-221,000","-145,000","-8,526,000","0",,"-16,281,000",,"-8,936,000",,"-34,839,000","-49,428,000",,,,,,,,,"-92,200,000","1,000,000",,
NormalizedEBITDA,"521,715,000","140,777,000","135,117,000","124,475,000","121,346,000","112,849,000","96,663,000","66,154,000","9,889,000","66,756,000","69,606,000","75,717,000","74,937,000","82,076,000","76,825,000","77,405,000","-38,897,000","60,219,000","68,536,000","67,115,000","56,758,000","78,423,000","50,317,000","57,421,000","44,739,000","21,001,000","57,417,000","33,547,000","40,253,000","33,316,000","38,905,000","43,557,000","37,426,000","33,813,000","34,767,000","34,097,000","28,554,000","26,691,000","21,531,000","36,527,000","21,768,000","15,041,000","19,939,000","31,499,000","31,333,000","26,474,000","21,783,000","24,264,000","23,741,000","27,365,000","8,774,000","7,852,000","793,000","663,000","-6,282,000","24,369,000","26,586,000","22,918,000","23,992,000","27,921,000","27,463,000","21,417,000","23,965,000","23,516,000","22,637,000","23,042,000","20,892,000","20,305,000","20,945,000","21,752,000","19,445,000","17,610,000","16,825,000","13,071,000","9,013,000","7,803,000","12,935,000","5,011,000","4,262,000","20,765,000","5,625,000","6,044,000","1,888,000","40,070,000","50,720,000","23,885,000","21,873,000","20,455,000","24,408,000","23,138,000","18,300,000","14,100,000","12,700,000","117,900,000","9,000,000","90,900,000","90,900,000"
TaxRateForCalcs,"0.236","0.212","0.24","0.255","0.238","0.254","0.291","0.314","0.219","0.27","0.295","0.268","0.249","0.234","0.254","0.239","0.294","0.275","0.27","0.3","0.29","0.211","0.25","0.28","0.3","0.4","0.25","0.32","0.31","0.222","0.3","0.3","0.3","0.217","0.24","0.32","0.4","0.324","0.24","0.35","0.364","0.35","0.35","0.345","0.361","0.317","0.39","0.387","0.384","0.398","0.35","0.259","0.34","0.35","0.167","0.373","0.385","0.298","0.375","0.381","0.392","0.351","0.367","0.369","0.375","0.021","0.283","0.381","0.366","0.277","0.388","0.374","0.361","0.156","0.167","0.194","0.4","0.4","0.4","0.4","0.4","0.079","0.4","0.168","0.137","0.4","0.4","0.4","0.4","0.4","0.4","0.4","0.4","0.4","0.4","0.4","0.4"
TaxEffectOfUnusualItems,"0","0","0","0","0","0","-243,858","-755,798","-6,019,653","-10,925,820","-5,337,435","0","0","0","0","0","0","0","0","60,600","-81,200","-1,326,367.483","-950,250","0","-7,356,000","-974,400","-7,644,250","0","0","0","125,400","0","-2,965,800","0","0","0","-1,472,800","-947,474.926","-1,065,840","-4,888,100","-370,316.702","964,985.343","237,300","-902,591.045","-730,775.526","980,841.134","759,720","303,568.496","-577,021.812","228,984.658","910,700","-86,658.328","-6,182,438.253","-8,774,500","-2,804,930.817","0","0","0","0","0","0","0","0","0","0","0","0","0","0","0","0","0","0","64,850.273","-36,808.596","-28,077.864","-3,410,400","0","0","-6,512,400","0","-704,966.731","0","-5,868,757.193","-6,776,928.937","0","0","0","0","0","0","0","0","-36,880,000","400,000","0","0"