name,ttm,03/31/2022,12/31/2021,09/30/2021,06/30/2021,03/31/2021,12/31/2020,09/30/2020,06/30/2020,03/31/2020,12/31/2019,09/30/2019,06/30/2019,03/31/2019,12/31/2018,09/30/2018,06/30/2018,03/31/2018,12/31/2017,09/30/2017,06/30/2017,03/31/2017,12/31/2016,09/30/2016,06/30/2016,03/31/2016,12/31/2015,09/30/2015,06/30/2015,03/31/2015,12/31/2014,09/30/2014,06/30/2014,03/31/2014,12/31/2013,09/30/2013,06/30/2013,03/31/2013,12/31/2012,09/30/2012,06/30/2012,03/31/2012,12/31/2011,09/30/2011,06/30/2011,03/31/2011,12/31/2010,09/30/2010,06/30/2010,03/31/2010,12/31/2009,09/30/2009,06/30/2009,03/31/2009,12/31/2008,09/30/2008,06/30/2008,03/31/2008,12/31/2007,09/30/2007,06/30/2007,03/31/2007,12/31/2006,09/30/2006,06/30/2006,03/31/2006,12/31/2005,09/30/2005,06/30/2005,03/31/2005,12/31/2004,09/30/2004,06/30/2004,03/31/2004,12/31/2003,09/30/2003,06/30/2003,03/31/2003,12/31/2002,09/30/2002,06/30/2002,03/31/2002,12/31/2001,09/30/2001,06/30/2001,03/31/2001,12/31/2000,09/30/2000,06/30/2000,03/31/2000,12/31/1999,09/30/1999,06/30/1999,03/31/1999,12/31/1998,09/30/1998,06/30/1998,03/31/1998,12/31/1997,09/30/1997,06/30/1997,03/31/1997,12/31/1996,09/30/1996,06/30/1996,03/31/1996,12/31/1995,09/30/1995,06/30/1995,03/31/1995,12/31/1994,09/30/1994,06/30/1994,03/31/1994,12/31/1993,09/30/1993,06/30/1993,03/31/1993,12/31/1992,09/30/1992,06/30/1992,03/31/1992,12/31/1991,09/30/1991,06/30/1991,03/31/1991,12/31/1990,09/30/1990,06/30/1990,03/31/1990,12/31/1989,09/30/1989,06/30/1989,03/31/1989,12/31/1988,09/30/1988,06/30/1988,03/31/1988,12/31/1987,09/30/1987,06/30/1987,03/31/1987,12/31/1986,09/30/1986,06/30/1986,03/31/1986,12/31/1985,09/30/1985
TotalRevenue,"1,998,412,000","512,259,000","486,673,000","483,509,000","515,971,000","484,658,000","440,507,000","400,305,000","379,053,000","483,084,000","505,080,000","518,088,000","603,949,000","597,204,000","587,394,000","586,687,000","646,119,000","607,936,000","571,345,000","542,454,000","565,025,000","528,630,000","487,573,000","477,140,000","521,224,000","497,837,000","524,021,000","555,354,000","637,652,000","638,970,000","675,631,000","694,941,000","772,204,000","755,242,000","689,936,000","619,808,000","671,410,000","655,360,000","633,144,000","629,459,000","739,216,000","696,411,000","641,741,000","658,877,000","693,737,000","614,830,000","565,768,000","529,158,000","538,642,000","493,165,000","442,865,000","409,395,000","320,599,000","441,311,000","568,684,000","669,265,000","752,961,000","689,669,000","647,423,000","615,076,000","657,477,000","615,884,000","569,321,000","542,811,000","544,038,000","631,114,000","585,258,000","569,218,000","619,158,000","597,355,000","556,218,000","531,436,000","541,858,000","524,230,000","460,778,000","444,575,000","463,765,000","459,243,000","431,731,000","404,218,000","402,898,000","393,852,000","380,338,000","406,654,000","452,020,000","464,650,000","440,521,000","450,705,000","473,773,000","483,019,000","453,900,000","442,900,000","458,600,000","479,100,000","484,300,000","480,900,000","501,000,000","496,600,000","370,000,000","310,800,000","312,300,000","295,400,000","273,400,000","275,200,000","279,800,000","286,100,000","259,200,000","254,900,000","266,700,000","268,100,000","230,300,000","218,800,000","219,900,000","211,800,000","195,200,000","175,700,000","155,300,000","153,700,000","140,700,000","148,800,000","151,100,000","152,900,000","140,600,000","149,900,000","155,700,000","157,800,000","152,100,000","152,100,000","156,300,000","161,500,000","135,500,000","135,700,000","124,500,000","124,600,000","111,400,000","111,700,000","112,400,000","111,600,000","101,800,000","94,100,000","95,000,000","91,600,000","83,400,000","84,500,000","90,000,000","91,300,000","86,900,000","87,200,000"
	OperatingRevenue,"1,998,412,000","512,259,000","486,673,000","483,509,000","515,971,000","484,658,000","440,507,000","400,305,000","379,053,000","483,084,000","505,080,000","518,088,000","603,949,000","597,204,000","587,394,000","586,687,000","646,119,000","607,936,000","571,345,000","542,454,000","565,025,000","528,630,000","487,573,000","477,140,000","521,224,000","497,837,000","524,021,000","555,354,000","637,652,000","638,970,000","675,631,000","694,941,000","772,204,000","755,242,000","689,936,000","619,808,000","671,410,000","655,360,000","633,144,000","629,459,000","739,216,000","696,411,000","641,741,000","658,877,000","693,737,000","614,830,000","565,768,000","529,158,000","538,642,000","493,165,000","442,865,000","409,395,000","320,599,000","441,311,000","568,684,000","669,265,000","752,961,000","689,669,000","647,423,000","615,076,000","657,477,000","615,884,000","569,321,000","542,811,000","544,038,000","631,114,000","585,258,000","569,218,000","619,158,000","597,355,000","556,218,000","531,436,000","541,858,000","524,230,000","460,778,000","444,575,000","463,765,000","459,243,000","431,731,000","404,218,000","402,898,000","393,852,000","380,338,000","406,654,000","452,020,000","464,650,000","440,521,000","450,705,000","473,773,000","483,019,000","453,900,000","442,900,000","458,600,000","479,100,000","484,300,000","480,900,000","501,000,000","496,600,000","370,000,000","310,800,000","312,300,000","295,400,000","273,400,000","275,200,000","279,800,000","286,100,000","259,200,000","254,900,000","266,700,000","268,100,000","230,300,000","218,800,000","219,900,000","211,800,000","195,200,000","175,700,000","155,300,000","153,700,000","140,700,000","148,800,000","151,100,000","152,900,000","140,600,000","149,900,000","155,700,000","157,800,000","152,100,000","152,100,000","156,300,000","161,500,000","135,500,000","135,700,000","124,500,000","124,600,000","111,400,000","111,700,000","112,400,000","111,600,000","101,800,000","94,100,000","95,000,000","91,600,000","83,400,000","84,500,000","90,000,000","91,300,000","86,900,000","87,200,000"
CostOfRevenue,"1,344,386,000","347,639,000","333,718,000","322,759,000","340,270,000","334,483,000","318,978,000","295,232,000","277,598,000","326,066,000","373,062,000","379,108,000","390,229,000","389,118,000","388,796,000","375,595,000","410,825,000","388,475,000","378,800,000","357,461,000","384,735,000","342,365,000","339,950,000","333,610,000","354,541,000","340,484,000","383,215,000","404,130,000","448,686,000","439,500,000","476,173,000","476,842,000","519,364,000","516,287,000","482,965,000","421,571,000","442,696,000","446,865,000","433,697,000","421,111,000","474,358,000","449,965,000","409,855,000","407,817,000","428,092,000","384,849,000","365,743,000","340,418,000","339,127,000","322,841,000","302,777,000","291,594,000","229,935,000","337,529,000","405,369,000","450,487,000","500,616,000","451,803,000","426,485,000","402,985,000","421,934,000","395,046,000","371,171,000","355,780,000","328,781,000","413,812,000","385,521,000","369,348,000","394,695,000","386,094,000","374,804,000","358,041,000","356,084,000","348,376,000","313,146,000","300,468,000","314,974,000","307,582,000","294,248,000","273,249,000","266,025,000","266,205,000","263,873,000","276,815,000","407,032,000","278,574,000","255,231,000","263,809,000","269,184,000","301,084,000","266,500,000","260,500,000","270,300,000","287,600,000","285,900,000","284,600,000","284,900,000","281,000,000","207,400,000","169,300,000","169,600,000","158,700,000","150,400,000","151,100,000","153,600,000","152,500,000","141,700,000","139,000,000","111,600,000","148,400,000","135,700,000","131,700,000","-68,100,000","175,700,000","118,300,000","105,600,000","58,000,000","89,600,000","86,100,000","90,700,000","61,800,000","91,900,000","87,400,000","90,600,000","60,200,000","88,800,000","88,400,000","88,400,000","58,400,000","92,000,000","85,400,000","84,500,000",,,,,,,,,,,,,,,,
GrossProfit,"654,026,000","164,620,000","152,955,000","160,750,000","175,701,000","150,175,000","121,529,000","105,073,000","101,455,000","157,018,000","132,018,000","138,980,000","213,720,000","208,086,000","198,598,000","211,092,000","235,294,000","219,461,000","192,545,000","184,993,000","180,290,000","186,265,000","147,623,000","143,530,000","166,683,000","157,353,000","140,806,000","151,224,000","188,966,000","199,470,000","199,458,000","218,099,000","252,840,000","238,955,000","206,971,000","198,237,000","228,714,000","208,495,000","199,447,000","208,348,000","264,858,000","246,446,000","231,886,000","251,060,000","265,645,000","229,981,000","200,025,000","188,740,000","199,515,000","170,324,000","140,088,000","117,801,000","90,664,000","103,782,000","163,315,000","218,778,000","252,345,000","237,866,000","220,938,000","212,091,000","235,543,000","220,838,000","198,150,000","187,031,000","215,257,000","217,302,000","199,737,000","199,870,000","224,463,000","211,261,000","181,414,000","173,395,000","185,774,000","175,854,000","147,632,000","144,107,000","148,791,000","151,661,000","137,483,000","130,969,000","136,873,000","127,647,000","116,465,000","129,839,000","44,988,000","186,076,000","185,290,000","186,896,000","204,589,000","181,935,000","187,400,000","182,400,000","188,300,000","191,500,000","198,400,000","196,300,000","216,100,000","215,600,000","162,600,000","141,500,000","142,700,000","136,700,000","123,000,000","124,100,000","126,200,000","133,600,000","117,500,000","115,900,000","155,100,000","119,700,000","94,600,000","87,100,000","288,000,000","36,100,000","76,900,000","70,100,000","97,300,000","64,100,000","54,600,000","58,100,000","89,300,000","61,000,000","53,200,000","59,300,000","95,500,000","69,000,000","63,700,000","63,700,000","97,900,000","69,500,000","50,100,000","51,200,000",,,,,,,,,,,,,,,,
OperatingExpense,"438,169,000","110,309,000","109,911,000","105,954,000","111,995,000","111,475,000","101,105,000","96,674,000","71,561,000","101,938,000","110,810,000","117,938,000","119,728,000","123,775,000","118,195,000","126,865,000","132,661,000","132,841,000","124,326,000","122,991,000","119,272,000","121,184,000","115,154,000","124,136,000","125,595,000","125,433,000","129,218,000","135,490,000","137,248,000","144,427,000","144,390,000","155,515,000","162,189,000","159,422,000","154,945,000","139,407,000","138,142,000","133,522,000","132,978,000","143,967,000","147,400,000","143,154,000","137,838,000","149,450,000","145,989,000","141,158,000","135,017,000","127,968,000","126,505,000","123,301,000","121,269,000","119,502,000","100,743,000","111,250,000","133,617,000","157,091,000","130,978,000","188,948,000","151,547,000","147,977,000","146,477,000","144,711,000","142,284,000","136,984,000","134,171,000","155,629,000","146,720,000","149,013,000","157,631,000","148,691,000","140,147,000","131,486,000","135,105,000","132,832,000","125,209,000","121,709,000","122,611,000","123,788,000","116,977,000","105,649,000","101,382,000","96,423,000","93,828,000","100,567,000","57,188,000","129,870,000","146,322,000","152,990,000","152,578,000","125,830,000","151,900,000","148,600,000","144,200,000","151,900,000","154,200,000","162,700,000","157,700,000","151,000,000","122,700,000","108,800,000","104,400,000","101,500,000","96,700,000","96,800,000","93,900,000","93,200,000","91,700,000","89,800,000","116,200,000","77,200,000","71,100,000","65,100,000","234,900,000","15,200,000","68,000,000","85,200,000","82,800,000","50,100,000","48,900,000","50,800,000","84,600,000","48,600,000","49,600,000","50,800,000","86,500,000","51,200,000","50,300,000","49,200,000","78,200,000","48,900,000","38,900,000","38,500,000",,,,,,,,,,,,,,,,
	SellingGeneralAndAdministration,,,,,,,,,,,,,,,,,,,,,,,,,,,,,,,,,,,,,,,,"138,860,000","142,031,000","138,904,000","134,566,000","145,989,000","143,083,000","138,322,000","132,105,000","125,020,000","123,361,000","120,062,000","117,902,000","116,162,000","97,483,000","108,054,000","130,348,000","153,682,000","161,590,000","150,461,000","147,921,000","145,032,000","142,328,000","136,933,000","140,329,000","135,044,000","138,465,000","148,498,000","145,282,000","147,662,000","157,611,000","146,422,000","139,513,000","130,949,000","134,441,000","132,218,000","124,723,000","121,239,000","121,757,000","122,592,000","115,677,000","104,835,000","100,685,000","95,695,000","93,139,000","99,877,000","51,587,000","123,807,000","121,823,000","128,424,000","108,136,000","125,830,000","126,700,000","122,500,000","116,300,000","123,200,000","125,300,000","133,400,000","131,100,000","125,100,000","102,900,000","93,300,000","70,000,000","90,700,000","86,300,000","86,900,000","83,600,000","83,200,000","81,600,000","80,000,000","79,200,000","76,400,000","70,300,000","64,300,000","194,700,000","14,200,000","68,000,000","85,200,000","51,900,000","50,100,000","48,900,000","50,800,000","53,300,000","48,600,000","49,600,000","50,800,000","53,800,000","51,200,000","50,300,000","49,200,000","48,300,000","48,900,000","38,900,000","38,500,000",,,,,,,,,,,,,,,,
	ResearchAndDevelopment,,,,,,,,,,,,,,,,,,,,,,,,,,,,,,,,,,,,,,,,,,,,,,,,,,,,,,,,,,,,,,,,,,,,,,,,,,,,,,,,,,,,,,,,,,,,,"3,800,000","4,200,000","5,200,000","5,600,000","5,400,000","4,800,000","5,000,000","5,200,000",,,,,,,,,,,,,,,,,,,,,,,,,,,,,,,,,,,,,,,,,,,,,,,,
	DepreciationAmortizationDepletionIncomeStatement,"13,711,000","3,234,000","3,257,000","3,260,000","3,960,000","3,362,000","3,347,000","3,334,000","3,398,000","3,404,000","3,262,000","3,747,000","3,631,000","3,640,000","3,560,000","3,580,000","3,640,000","3,690,000","3,677,000","3,661,000","3,913,000","4,245,000","4,150,000","4,271,000","4,447,000","4,429,000","5,638,000","6,247,000","6,325,000","6,402,000","6,931,000","7,027,000","7,404,000","7,124,000","6,524,000","5,143,000","5,259,000","5,194,000","5,200,000","5,107,000","5,369,000","4,250,000","3,272,000","3,461,000","2,906,000","2,836,000","2,912,000","2,948,000","3,144,000","3,239,000","3,367,000","3,340,000","3,260,000","3,196,000","3,269,000","3,409,000","3,806,000","3,487,000","3,626,000","2,945,000","4,149,000","1,808,000","1,955,000","1,940,000","1,428,000","1,409,000","1,438,000","1,351,000","1,566,000","723,000","634,000","537,000","664,000","614,000","486,000","470,000","854,000","1,196,000","1,300,000","814,000","697,000","728,000","689,000","690,000","-49,306,000","11,905,000","24,499,000","24,566,000","25,196,000",,"25,200,000","26,100,000","24,100,000","24,500,000","23,700,000","23,700,000","21,200,000","21,100,000","14,800,000","10,300,000","10,300,000","10,800,000","10,400,000","9,900,000","10,300,000","10,000,000","10,100,000","9,800,000","37,000,000","800,000","800,000","800,000","40,200,000","1,000,000",,,,,,,,,,,,,,,,,,,,,,,,,,,,,,,,,,
		DepreciationAndAmortizationInIncomeStatement,"13,711,000","3,234,000","3,257,000","3,260,000","3,960,000","3,362,000","3,347,000","3,334,000","3,398,000","3,404,000","3,262,000","3,747,000","3,631,000","3,640,000","3,560,000","3,580,000","3,640,000","3,690,000","3,677,000","3,661,000","3,913,000","4,245,000","4,150,000","4,271,000","4,447,000","4,429,000","5,638,000","6,247,000","6,325,000","6,402,000","6,931,000","7,027,000","7,404,000","7,124,000","6,524,000","5,143,000","5,259,000","5,194,000","5,200,000","5,107,000","5,369,000","4,250,000","3,272,000","3,461,000","2,906,000","2,836,000","2,912,000","2,948,000","3,144,000","3,239,000","3,367,000","3,340,000","3,260,000","3,196,000","3,269,000","3,409,000","3,806,000","3,487,000","3,626,000","2,945,000","4,149,000","1,808,000","1,955,000","1,940,000","1,428,000","1,409,000","1,438,000","1,351,000","1,566,000","723,000","634,000","537,000","664,000","614,000","486,000","470,000","854,000","1,196,000","1,300,000","814,000","697,000","728,000","689,000","690,000","-49,306,000","11,905,000","24,499,000","24,566,000","25,196,000",,"25,200,000","26,100,000","24,100,000","24,500,000","23,700,000","23,700,000","21,200,000","21,100,000","14,800,000","10,300,000","10,300,000","10,800,000","10,400,000","9,900,000","10,300,000","10,000,000","10,100,000","9,800,000","37,000,000","800,000","800,000","800,000","40,200,000","1,000,000",,,,,,,,,,,,,,,,,,,,,,,,,,,,,,,,,,
			DepreciationIncomeStatement,,,,,,,,,,,,,,,,,,,,,,,,,,,,,,,,,,,,,,,,,,,,,,,,,,,,,,,,,,,,,,,,,,,,,,,,,,,,,,,,,,,,,,"5,842,000",,,,,,,,,,,,,,,,,,,,,,,,,,,,,,,,,,,,,,,,,,,,,,,,,,,,,,,,,,,,,,
			Amortization,"13,711,000","3,234,000","3,257,000","3,260,000","3,960,000","3,362,000","3,347,000","3,334,000","3,398,000","3,404,000","3,262,000","3,747,000","3,631,000","3,640,000","3,560,000","3,580,000","3,640,000","3,690,000","3,677,000","3,661,000","3,913,000","4,245,000","4,150,000","4,271,000","4,447,000","4,429,000","5,638,000","6,247,000","6,325,000","6,402,000","6,931,000","7,027,000","7,404,000","7,124,000","6,524,000","5,143,000","5,259,000","5,194,000","5,200,000","5,107,000","5,369,000","4,250,000","3,272,000","3,461,000","2,906,000","2,836,000","2,912,000","2,948,000","3,144,000","3,239,000","3,367,000","3,340,000","3,260,000","3,196,000","3,269,000","3,409,000","3,806,000","3,487,000","3,626,000","2,945,000","4,149,000","1,808,000","1,955,000","1,940,000","1,428,000","1,409,000","1,438,000","1,351,000","1,566,000","723,000","634,000","537,000","664,000","614,000","486,000","470,000","854,000","1,196,000","1,300,000","814,000","697,000","728,000","689,000","690,000","5,601,000","6,063,000",,,,,,,,,,,,,,,,,,,,,,,,,,,,,,,,,,,,,,,,,,,,,,,,,,,,,,,,,,,,,,
				AmortizationOfIntangiblesIncomeStatement,"13,711,000","3,234,000","3,257,000","3,260,000","3,960,000","3,362,000","3,347,000","3,334,000","3,398,000","3,404,000","3,262,000","3,747,000","3,631,000","3,640,000","3,560,000","3,580,000","3,640,000","3,690,000","3,677,000","3,661,000","3,913,000","4,245,000","4,150,000","4,271,000","4,447,000","4,429,000","5,638,000","6,247,000","6,325,000","6,402,000","6,931,000","7,027,000","7,404,000","7,124,000","6,524,000","5,143,000","5,259,000","5,194,000","5,200,000","5,107,000","5,369,000","4,250,000","3,272,000","3,461,000","2,906,000","2,836,000","2,912,000","2,948,000","3,144,000","3,239,000","3,367,000","3,340,000","3,260,000","3,196,000","3,269,000","3,409,000","3,806,000","3,487,000","3,626,000","2,945,000","4,149,000","1,808,000","1,955,000","1,940,000","1,428,000","1,409,000","1,438,000","1,351,000","1,566,000","723,000","634,000","537,000","664,000","614,000","486,000","470,000","854,000","1,196,000","1,300,000","814,000","697,000","728,000","689,000","690,000","5,601,000","6,063,000",,,,,,,,,,,,,,,,,,,,,,,,,,,,,,,,,,,,,,,,,,,,,,,,,,,,,,,,,,,,,,
	OtherOperatingExpenses,"424,458,000","107,075,000","106,654,000","102,694,000","108,035,000","108,113,000","97,758,000","93,340,000","68,163,000","98,534,000","107,548,000","114,191,000","116,097,000","120,135,000","114,635,000","123,285,000","129,021,000","129,151,000","120,649,000","119,330,000","115,359,000","116,939,000","111,004,000","119,865,000","121,148,000","121,004,000","123,580,000","129,243,000","130,923,000","138,025,000","137,459,000","148,488,000","154,785,000","152,298,000","148,421,000","134,264,000","132,883,000","128,328,000","127,778,000",,,,,,,"138,322,000",,"125,020,000",,,,"116,162,000",,,,,"-34,418,000","35,000,000",,,"0","5,970,000",,,,"5,722,000",,,,"1,546,000",,,,,,,,,,,,,,,,"-5,842,000",,,,,,,,,,,,,,,,,,,,,,,,,,,,,,,,,,,,,,,,,,,,,,,,,,,,,,,,,,,,,,
OperatingIncome,"215,857,000","54,311,000","43,044,000","54,796,000","63,706,000","38,700,000","20,424,000","8,399,000","29,894,000","55,080,000","21,208,000","21,042,000","93,992,000","84,311,000","80,403,000","84,227,000","102,633,000","86,620,000","68,219,000","62,002,000","61,018,000","65,081,000","32,469,000","19,394,000","41,088,000","31,920,000","11,588,000","15,734,000","51,718,000","55,043,000","55,068,000","62,584,000","90,651,000","79,533,000","52,026,000","58,830,000","90,572,000","74,973,000","66,469,000","64,381,000","117,458,000","103,292,000","94,048,000","101,610,000","119,656,000","88,823,000","65,008,000","60,772,000","73,010,000","47,023,000","18,819,000","-1,701,000","-10,079,000","-7,468,000","29,698,000","61,687,000","121,367,000","48,918,000","69,391,000","64,114,000","89,066,000","76,127,000","55,866,000","50,047,000","81,086,000","61,673,000","53,017,000","50,857,000","66,832,000","62,570,000","41,267,000","41,909,000","50,669,000","43,022,000","22,423,000","22,398,000","26,180,000","27,873,000","20,506,000","25,320,000","35,491,000","31,224,000","22,637,000","29,272,000","-12,200,000","56,206,000","38,968,000","33,906,000","52,011,000","56,105,000","35,500,000","33,800,000","44,100,000","39,600,000","44,200,000","33,600,000","58,400,000","64,600,000","39,900,000","32,700,000","38,300,000","35,200,000","26,300,000","27,300,000","32,300,000","40,400,000","25,800,000","26,100,000","38,900,000","42,500,000","23,500,000","22,000,000","53,100,000","20,900,000","8,900,000","-15,100,000","14,500,000","14,000,000","5,700,000","7,300,000","4,700,000","12,400,000","3,600,000","8,500,000","9,000,000","17,800,000","13,400,000","14,500,000","19,700,000","20,600,000","11,200,000","12,700,000","-291,300,000","124,600,000","111,400,000","111,700,000","-258,300,000","111,600,000","101,800,000","94,100,000","-223,100,000","91,600,000","83,400,000","84,500,000","-239,100,000","91,300,000","86,900,000","87,200,000"
NetNonOperatingInterestIncomeExpense,"-25,769,000","-6,436,000","-6,460,000","-6,321,000","-6,552,000","-20,928,000","-8,317,000","-10,578,000","-11,320,000","-7,897,000","-8,055,000","-7,881,000","-8,689,000","-8,104,000","-8,104,000","-8,097,000","-8,233,000","-7,468,000","-7,231,000","-7,149,000","-7,367,000","-7,331,000","-7,151,000","-6,993,000","-6,857,000","-7,113,000","-6,803,000","-6,979,000","-7,537,000","-7,760,000","-7,960,000","-8,210,000","-8,450,000","-8,883,000","-8,037,000","-7,081,000","-7,042,000","-7,504,000","-6,970,000","-5,956,000","-8,469,000","-8,003,000","-5,256,000","-5,487,000","-5,466,000","-5,767,000","-5,564,000","-5,963,000","-6,347,000","-6,531,000","-5,954,000","-6,371,000","-5,430,000","-6,672,000",,,,,,,,,,,,,,,,,,,,,,,,,,,,,,,,,,,,,,,,,,,,,,,,,,,,,,,,,,,,,,,,,,,,,,,,,,,,,,,,,,,,,,,,,,,,,,
	InterestExpenseNonOperating,"25,769,000","6,436,000","6,460,000","6,321,000","6,552,000","20,928,000","8,317,000","10,578,000","11,320,000","7,897,000","8,055,000","7,881,000","8,689,000","8,104,000","8,104,000","8,097,000","8,233,000","7,468,000","7,231,000","7,149,000","7,367,000","7,331,000","7,151,000","6,993,000","6,857,000","7,113,000","6,803,000","6,979,000","7,537,000","7,760,000","7,960,000","8,210,000","8,450,000","8,883,000","8,037,000","7,081,000","7,042,000","7,504,000","6,970,000","5,956,000","8,469,000","8,003,000","5,256,000","5,487,000","5,466,000","5,767,000","5,564,000","5,963,000","6,347,000","6,531,000","5,954,000","6,371,000","5,430,000","6,672,000",,,,,,,,,,,,,,,,,,,,,,,,,,,,,,,,,,,,,,,,,,,,,,,,,,,,,,,,,,,,,,,,,,,,,,,,,,,,,,,,,,,,,,,,,,,,,,
OtherIncomeExpense,"9,836,000","3,581,000","7,603,000","3,269,000","-4,617,000","3,514,000","2,467,000","-21,558,000","-8,741,000","-14,749,000","-64,635,000","-1,985,000","-5,419,000","2,553,000","2,477,000","1,686,000","-5,470,000","-1,911,000","-1,358,000","-5,613,000","-20,545,000","-8,795,000","-9,182,000","-28,723,000","-13,483,000","-2,647,000","-244,812,000","-10,207,000","-14,692,000","-175,057,000","-391,062,000","250,000","-13,861,000","-2,142,000","-3,166,000","-611,000","-1,811,000","-749,000","-655,000","902,000","-394,000","486,000","1,258,000","-574,000","-4,598,000","-2,459,000","-3,138,000","-5,171,000","-9,762,000","-19,224,000","-1,482,000","-4,878,000","-9,628,000","-138,233,000","-1,414,000","-9,815,000","-4,543,000","-35,385,000","993,000","1,103,000","3,782,000","-4,167,000","625,000","1,320,000","235,972,000","-5,839,000","1,096,000","876,000","2,443,000","-6,281,000","1,240,000","1,574,000","-294,000","-508,000","735,000","-1,887,000","-18,188,000","-3,982,000","-6,840,000","-413,000","-4,475,000","-3,930,000","-17,233,000","-1,632,000","-13,366,000","-2,865,000","-2,012,000","-2,992,000","-3,208,000","-14,592,000","-4,500,000","300,000","400,000","-14,600,000","200,000","-400,000","-100,000","-4,800,000","-200,000","-400,000","-200,000","-300,000","400,000","400,000","-500,000","200,000","900,000","-200,000","-100,000","-800,000",,"100,000","-1,000,000","700,000","1,000,000","800,000","1,700,000","300,000","100,000","100,000",,"-400,000","-800,000","200,000","-1,500,000","-4,000,000","500,000","400,000","300,000","300,000","400,000","200,000",,,,,,,,,,,,,,,,
	SpecialIncomeCharges,"408,000","-947,000","4,461,000","-190,000","-2,916,000","822,000","-1,390,000","-25,577,000","-14,273,000","-17,187,000","-68,846,000","-4,666,000","-9,023,000","-2,440,000","-1,545,000","-1,075,000","-5,073,000","-1,264,000","-45,000","-5,525,000","-20,788,000","-7,169,000","-8,456,000","-28,605,000","-16,025,000","-4,585,000","-245,544,000","-9,120,000","-16,398,000","-175,435,000","-388,839,000","-1,563,000","-12,595,000","-2,703,000","-2,310,000",,,,,"902,000","-394,000","486,000","1,258,000","-574,000","-4,598,000","-2,459,000","-3,138,000","-5,171,000","-9,762,000","-19,224,000","-1,482,000","-4,878,000","-9,628,000","-138,233,000","-1,414,000","-9,815,000","-4,543,000","-35,385,000","993,000","1,103,000","3,782,000","-4,167,000","625,000","1,320,000","235,972,000","-5,839,000","1,096,000","876,000","2,443,000","-6,281,000","1,240,000","1,574,000","-294,000","-508,000","735,000","-1,887,000","-18,188,000","-3,982,000","-6,840,000","-413,000","-4,475,000","-3,930,000","-17,233,000","-1,632,000","-13,366,000","-2,865,000","-2,012,000","-2,992,000","-3,208,000","-14,592,000","-4,500,000","300,000","400,000","-14,600,000","200,000","-400,000","-100,000","-4,800,000","-200,000","-400,000","-200,000","-300,000","400,000","400,000","-500,000","200,000","900,000","-200,000","-100,000","-800,000",,"100,000","-1,000,000","700,000","1,000,000","800,000","1,700,000","300,000","100,000","100,000",,"-400,000","-800,000","200,000","-1,500,000","-4,000,000","500,000","400,000","300,000","300,000","400,000","200,000",,,,,,,,,,,,,,,,
		RestructuringAndMergernAcquisition,"593,000","947,000","-3,460,000","190,000","2,916,000","-822,000","1,390,000","25,577,000","-15,954,000","17,187,000","62,329,000","4,666,000","9,023,000","2,440,000","1,545,000","1,075,000","5,073,000","1,264,000","45,000","5,525,000","20,788,000","7,169,000","8,456,000","28,605,000","15,312,000","7,142,000","112,237,000","9,120,000","16,398,000","175,435,000","388,839,000","1,563,000","12,595,000","2,703,000","2,310,000",,,,,,"0","0","0","0","4,889,000","1,046,000","3,391,000","3,260,000",,,"3,348,000","7,830,000","15,564,000","143,476,000","6,204,000","8,412,000",,,,,"0",,,"1,686,000",,,,,"0","4,707,000",,,"0",,"3,120,000","550,000","20,305,000","3,269,000","8,561,000","-181,000","4,657,000","3,944,000","17,128,000","1,578,000","4,912,000","2,286,000",,,,,,,,,,,,,,,,,,,,,,,,,,,,,,,,,,,,,,,,,,,,,,,,,,,,,,,,,,,,,,
		ImpairmentOfCapitalAssets,,,,,,,,,,,,,,,,,,,,,,,,,,,,,,,,,,,,,,,,,,,,,,,,,,"20,720,000",,,,,,,,,,,,,,,,,,,,,,,,,,,,,,,,,,,,,,,,,,,,,,,,,,,,,,,,,,,,,,,,,,,,,,,,,,,,,,,,,,,,,,,,,,,,,,,,,,
		OtherSpecialCharges,,,,,,,,,,,,,,,,,,,,,,,,,,,,,,,,,,,,,,,,,"394,000","-486,000","-1,258,000","574,000","-291,000","1,413,000","-253,000","1,911,000","-2,263,000","-1,496,000","-1,866,000","-2,952,000","-5,936,000","-5,243,000","-4,790,000","1,403,000",,,,,"-3,782,000",,,"-3,006,000",,,,,"-2,443,000","1,574,000",,,"294,000",,"-3,855,000","1,337,000","-2,117,000","713,000","-1,721,000","594,000","-182,000","-14,000","105,000","54,000","8,454,000","579,000",,,,,,,,,,,,,,,,,,,,,,,,,,,,,,,,,,,,,,,,,,,,,,,,,,,,,,,,,,,,,,
		GainOnSaleOfBusiness,"1,001,000","0","1,001,000",,"0","0","0",,"0","0","-6,517,000",,,,,,,,,,"0","0","0",,"-713,000","2,557,000","-133,307,000",,,,,,,,,,,,,,,,,,,,,,,,,,,,,,,,,,,,,,,,,,,,,,,,,,,,,,,,,,,,,,,,,,,,,,,,,,,,,,,,,,,,,,,,,,,,,,,,,,,,,,,,,,,,,,,,,,,,,,,,,
	OtherNonOperatingIncomeExpenses,"9,428,000","4,528,000","3,142,000","3,459,000","-1,701,000","2,692,000","3,857,000","4,019,000","5,532,000","2,438,000","4,211,000","2,681,000","3,604,000","4,993,000","4,022,000","2,761,000","-397,000","-647,000","-1,313,000","-88,000","243,000","-1,626,000","-726,000","-118,000","2,542,000","1,938,000","732,000","-1,087,000","1,706,000","378,000","-2,223,000","1,813,000","-1,266,000","561,000","-856,000","-611,000","-1,811,000","-749,000","-655,000",,,,,,,,,,,,,,,,,,,,,,,,,,,,,,,,,,,,,,,,,,,,,,,,,,,,,,,,,,,,,,,,,,,,,,,,,,,,,,,,,,,,,,,,,,,,,,,,,,,,,,,,,,,,,
PretaxIncome,"199,924,000","51,456,000","44,187,000","51,744,000","52,537,000","21,286,000","14,574,000","-23,737,000","9,833,000","32,434,000","-51,482,000","11,176,000","79,884,000","78,760,000","74,776,000","77,816,000","88,930,000","77,241,000","59,630,000","49,240,000","33,106,000","48,955,000","16,136,000","-16,322,000","20,748,000","22,160,000","-240,027,000","-1,452,000","29,489,000","-127,774,000","-343,954,000","54,624,000","68,340,000","68,508,000","40,823,000","51,138,000","81,719,000","66,720,000","58,844,000","59,327,000","108,595,000","95,775,000","90,050,000","95,549,000","109,592,000","80,597,000","56,306,000","49,638,000","56,901,000","21,268,000","11,383,000","-12,950,000","-25,137,000","-152,373,000","20,258,000","44,756,000","75,013,000","40,528,000","61,853,000","57,418,000","85,335,000","71,015,000","49,205,000","43,940,000","303,858,000","53,828,000","46,129,000","43,904,000","59,832,000","51,032,000","36,386,000","37,027,000","43,970,000","36,182,000","16,611,000","13,216,000","670,000","14,173,000","3,363,000","16,084,000","23,465,000","19,873,000","-3,383,000","18,395,000","14,909,000","35,003,000","22,652,000","17,117,000","34,671,000","26,164,000","16,200,000","18,600,000","27,400,000","5,100,000","25,400,000","14,100,000","38,500,000","37,300,000","19,600,000","29,600,000","35,800,000","32,100,000","24,000,000","25,000,000","29,500,000","37,700,000","23,600,000","22,800,000","35,700,000","38,600,000","20,500,000","18,600,000","21,300,000","18,600,000","6,100,000","-19,600,000","13,900,000","11,700,000","3,500,000","5,000,000","5,400,000","9,200,000","100,000","6,300,000","4,800,000","10,800,000","10,800,000","11,900,000","17,100,000","17,800,000","9,500,000","10,700,000",,,,,,,,,,,,,,,,
TaxProvision,"56,526,000","14,578,000","11,462,000","13,992,000","16,495,000","-1,699,000","-5,676,000","-2,877,000","18,302,000","30,193,000","-45,253,000","3,766,000","16,806,000","8,632,000","18,529,000","19,392,000","18,777,000","24,130,000","17,472,000","9,602,000","7,494,000","9,301,000","8,221,000","4,879,000","86,812,000","5,465,000","-71,216,000","4,252,000","7,321,000","-82,223,000","43,751,000","14,497,000","20,861,000","16,514,000","16,656,000","12,580,000","19,535,000","12,344,000","15,535,000","12,280,000","22,043,000","19,538,000","15,579,000","21,976,000","22,764,000","15,394,000","12,016,000","13,682,000","15,951,000","11,065,000","5,090,000","-5,129,000","-9,749,000","-14,660,000","4,700,000","8,504,000","15,104,000","16,616,000","10,670,000","21,667,000","23,012,000","18,520,000","15,006,000","13,929,000","123,169,000","20,143,000","14,531,000","15,059,000","21,854,000","18,933,000","7,277,000","13,330,000","14,155,000","11,579,000","5,315,000","4,452,000","3,678,000","4,474,000","893,000","5,255,000","7,513,000","6,359,000","-923,000","5,951,000","7,172,000","13,824,000","9,128,000","7,176,000","15,215,000","12,067,000","7,700,000","8,700,000","11,900,000","2,900,000","11,400,000","6,700,000","15,200,000","16,600,000","10,000,000","12,100,000","13,500,000","12,200,000","9,400,000","9,800,000","10,700,000","14,300,000","9,700,000","9,200,000","12,100,000","16,400,000","8,600,000","7,900,000","7,500,000","7,500,000","2,000,000","-1,500,000","6,200,000","4,400,000","1,400,000","2,000,000","2,700,000","3,800,000","-1,000,000","2,600,000","2,900,000","4,900,000","4,500,000","5,000,000","8,200,000","7,100,000","3,500,000","4,200,000",,,,,,,,,,,,,,,,
NetIncomeCommonStockholders,"138,014,000","35,295,000","31,421,000","36,198,000","35,101,000","21,621,000","19,388,000","-21,675,000","-9,106,000","2,917,000","-5,939,000","6,466,000","61,979,000","68,550,000","54,698,000","56,699,000","68,529,000","50,866,000","41,601,000","39,183,000","24,643,000","38,890,000","7,262,000","-21,656,000","-66,514,000","16,000,000","-169,227,000","-6,226,000","21,147,000","-46,229,000","-388,302,000","39,488,000","45,455,000","50,865,000","24,209,000","37,837,000","60,818,000","53,916,000","42,142,000","46,390,000","86,048,000","75,499,000","73,697,000","71,986,000","86,654,000","64,683,000","43,469,000","34,921,000","40,584,000","9,685,000","5,967,000","-9,817,000","-32,994,000","-137,874,000","15,659,000","35,467,000","59,580,000","23,170,000","50,146,000","34,879,000","62,094,000","51,738,000","30,051,000","30,361,000","164,196,000","32,903,000","31,087,000","28,097,000","37,740,000","30,650,000","28,181,000","22,720,000","29,851,000","24,070,000","10,892,000","8,764,000","-4,868,000","9,699,000","2,470,000","10,829,000","-235,036,000","13,144,000","-2,460,000","12,444,000","10,028,000","20,394,000","13,524,000","9,342,000","19,456,000","14,097,000","8,200,000","9,900,000","15,500,000","2,200,000","14,000,000","7,400,000","23,300,000","20,700,000","9,600,000","17,500,000","22,300,000","19,900,000","14,600,000","15,200,000","18,800,000","23,400,000","13,900,000","13,600,000","23,600,000","22,200,000","11,900,000","10,700,000","13,800,000","11,100,000","4,100,000","-33,100,000","7,700,000","7,300,000","2,100,000","3,000,000","2,700,000","5,400,000","1,100,000","3,700,000","1,900,000","5,900,000","6,300,000","6,900,000","8,900,000","10,700,000","6,000,000","6,500,000",,,,,,,,,,,,,,,,
	NetIncome,"138,014,000","35,295,000","31,421,000","36,198,000","35,101,000","21,621,000","19,388,000","-21,675,000","-9,106,000","2,917,000","-5,939,000","6,466,000","61,979,000","68,550,000","54,698,000","56,699,000","68,529,000","50,866,000","41,601,000","39,183,000","24,643,000","38,890,000","7,262,000","-21,656,000","-66,514,000","16,000,000","-169,227,000","-6,226,000","21,147,000","-46,229,000","-388,302,000","39,488,000","45,455,000","50,865,000","24,209,000","37,837,000","60,818,000","53,916,000","42,142,000","46,390,000","86,048,000","75,499,000","73,697,000","71,986,000","86,654,000","64,683,000","43,469,000","34,921,000","40,584,000","9,685,000","5,967,000","-9,817,000","-32,994,000","-137,874,000","15,659,000","35,467,000","59,580,000","23,170,000","50,146,000","34,879,000","62,094,000","51,738,000","30,051,000","30,361,000","164,196,000","32,903,000","31,087,000","28,097,000","37,740,000","30,650,000","28,181,000","22,720,000","29,851,000","24,070,000","10,892,000","8,764,000","-4,868,000","9,699,000","2,470,000","10,829,000","-235,036,000","13,144,000","-2,460,000","12,444,000","10,028,000","20,394,000","13,524,000","9,342,000","19,456,000","14,097,000","8,200,000","9,900,000","15,500,000","2,200,000","14,000,000","7,400,000","23,300,000","20,700,000","9,600,000","17,500,000","22,300,000","19,900,000","14,600,000","15,200,000","18,800,000","23,400,000","13,900,000","13,600,000","23,600,000","22,200,000","11,900,000","10,700,000","13,800,000","11,100,000","4,100,000","-33,100,000","7,700,000","7,300,000","2,100,000","3,000,000","2,700,000","5,400,000","1,100,000","3,700,000","1,900,000","5,900,000","6,300,000","6,900,000","8,900,000","10,700,000","6,000,000","6,500,000",,,,,,,,,,,,,,,,
		NetIncomeIncludingNoncontrollingInterests,"143,398,000","36,878,000","32,725,000","37,752,000","36,042,000","22,985,000","20,250,000","-20,860,000","-8,469,000","2,241,000","-6,229,000","7,410,000","63,078,000","70,128,000","56,247,000","58,424,000","70,153,000","53,111,000","42,158,000","39,638,000","25,612,000","39,654,000","7,915,000","-21,201,000","-66,064,000","16,695,000","-168,811,000","-5,704,000","22,168,000","-45,551,000","-387,705,000","40,127,000","47,479,000","51,994,000","24,167,000","38,558,000","62,184,000","54,376,000","43,309,000","47,047,000","86,552,000","76,237,000","74,471,000","73,573,000","86,828,000","65,203,000","44,290,000","35,956,000","40,950,000","10,203,000","6,237,000","-9,188,000","-31,883,000","-137,874,000","15,558,000","36,252,000","59,909,000","23,912,000","51,183,000","35,751,000","62,323,000","52,495,000","30,693,000","30,918,000","164,721,000","33,685,000","31,598,000","28,845,000","37,978,000","32,099,000","29,109,000","23,697,000","29,815,000","24,603,000","11,296,000","9,459,000","-4,794,000","10,438,000","3,179,000","11,167,000","-234,454,000","13,514,000","-1,963,000","12,648,000","10,879,000","21,179,000","14,428,000","9,944,000","20,457,000","15,778,000","9,300,000","10,800,000","17,100,000","4,100,000","15,400,000","9,000,000","24,200,000","22,400,000","11,100,000","18,800,000","22,300,000","19,900,000","14,600,000","15,200,000","18,800,000","23,400,000","13,900,000","13,600,000","23,600,000","22,200,000","11,900,000","10,700,000","12,800,000","11,200,000","4,300,000","-32,800,000","7,700,000","7,300,000","2,100,000","3,000,000","2,700,000","5,400,000","1,100,000","3,700,000","1,900,000","5,900,000","6,300,000","6,900,000","8,900,000","10,700,000","6,000,000","6,500,000","8,700,000","9,600,000","5,800,000","6,000,000","7,000,000","6,600,000","5,700,000","4,900,000","5,500,000","4,600,000","3,500,000","3,600,000","-5,200,000","4,700,000","2,300,000","-1,200,000"
			NetIncomeContinuousOperations,"143,398,000","36,878,000","32,725,000","37,752,000","36,042,000","22,985,000","20,250,000","-20,860,000","-8,469,000","2,241,000","-6,229,000","7,410,000","63,078,000","70,128,000","56,247,000","58,424,000","70,153,000","53,111,000","42,158,000","39,638,000","25,612,000","39,654,000","7,915,000","-21,201,000","-66,064,000","16,695,000","-168,811,000","-5,704,000","22,168,000","-45,551,000","-387,705,000","40,127,000","47,479,000","51,994,000","24,167,000","38,558,000","62,184,000","54,376,000","43,309,000","47,047,000","86,552,000","76,237,000","74,471,000","73,573,000","86,828,000","65,203,000","44,290,000","35,956,000","40,950,000","10,203,000","6,293,000","-7,821,000","-15,654,000","-137,874,000","15,659,000","35,467,000","59,580,000","23,170,000","50,146,000","34,879,000","62,094,000","51,738,000","33,557,000","29,454,000","180,164,000","32,903,000","31,087,000","28,097,000","37,740,000","30,650,000","28,181,000","22,720,000","29,851,000","24,070,000","10,892,000","8,764,000","-4,868,000","9,699,000","2,470,000","10,829,000","15,370,000","13,144,000","-2,460,000","12,444,000","10,028,000","20,394,000","13,524,000","9,941,000","19,456,000","14,097,000","8,500,000","9,900,000","15,500,000","2,200,000","14,000,000","7,400,000","23,300,000","20,700,000","9,600,000","17,500,000","22,300,000","19,900,000","14,600,000","15,200,000","18,800,000","23,400,000","13,900,000","13,600,000","23,600,000","22,200,000","11,900,000","10,700,000","13,800,000","11,100,000","4,100,000","-18,100,000","7,700,000","7,300,000","2,100,000","3,000,000","2,700,000","5,400,000","1,100,000","3,700,000","1,900,000","5,900,000","6,300,000","6,900,000","8,900,000","10,700,000","6,000,000","6,500,000","8,700,000","9,600,000","5,800,000","6,000,000","7,000,000","6,600,000","5,700,000","4,900,000","5,500,000","4,600,000","3,500,000","3,600,000","-5,200,000","4,700,000","2,300,000","-1,200,000"
			NetIncomeDiscontinuousOperations,,,,,,,,,,,,,,,,,,,,,,,,,,,,,,,,,,,,,,,,,,,,,"0","0","0","0","0","0","-56,000","-1,367,000",,,,,,,,,"0",,"-3,506,000","907,000",,,,,,,,,,,,,,,,,,,,,,,,,,,,,,,,,,,,,,,,,,,,,,,,,,,,,,,,,,,,,,,,,,,,,,,,,,,,,,,,,,,,
			NetIncomeExtraordinary,,,,,,,,,,,,,,,,,,,,,,,,,,,,,,,,,,,,,,,,,,,,,,,,,,,,,,,,,,,,,,,,,,,,,,,,,,,,,,,,,,,,,"0",,,"-599,000",,,,,,,,,,,,,,,,,,,,,,,,,"0",,,"-15,000,000",,,,,,,,,,,,,,,,,,,,,,,,,,,,,,,,
			NetIncomeFromTaxLossCarryforward,,,,,,,,,,,,,,,,,,,,,,,,,,,,,,,,,,,,,,,,,,,,,,,,,,,,,,,,,,,,,,,,,,,,,,,,,,,,,,,,,,,,,,,,,"0",,"-300,000",,,,,,,,,,,,,,,,,,,,,,,,,,,,,,,,,,,,,,,,,,,,,,,,,,,,,,,,,
		MinorityInterests,"-5,384,000","-1,583,000","-1,304,000","-1,554,000","-941,000","-1,364,000","-862,000","-815,000","-637,000","676,000","290,000","-944,000","-1,099,000","-1,578,000","-1,549,000","-1,725,000","-1,624,000","-2,245,000","-557,000","-455,000","-969,000","-764,000","-653,000","-455,000","-450,000","-695,000","-416,000","-522,000","-1,021,000","-678,000","-597,000","-639,000","-2,024,000","-1,129,000","42,000","-721,000","-1,366,000","-460,000","-1,167,000","-657,000","-504,000","-738,000","-774,000","-1,587,000","-174,000","-520,000","-821,000","-1,035,000","-366,000","-518,000","-270,000","-629,000",,,"101,000","-785,000","-329,000","-742,000","-1,037,000","-872,000","-229,000","-757,000","-642,000","-557,000","-525,000","-782,000","-511,000","-748,000","-238,000","-1,449,000","-928,000","-977,000","36,000","-533,000","-404,000","-695,000","-74,000","-739,000","-709,000","-338,000","-582,000","-370,000","-497,000","-204,000","-851,000","-785,000","-904,000","-602,000","-1,001,000","-1,681,000","-1,100,000","-900,000","-1,600,000","-1,900,000","-1,400,000","-1,600,000","-900,000","-1,700,000","-1,500,000","-1,300,000",,,,,,,,,,,,,"1,000,000","-100,000","-200,000","-300,000",,,,,,,,,,,,,,,,,,,,,,,,,,,,,,,,
DilutedNIAvailtoComStockholders,"138,014,000","35,295,000","31,421,000","36,198,000","35,101,000","21,621,000","19,388,000","-21,675,000","-9,106,000","2,917,000","-5,939,000","6,466,000","61,979,000","68,550,000","54,698,000","56,699,000","68,529,000","50,866,000","41,601,000","39,183,000","24,643,000","38,890,000","7,262,000","-21,656,000","-66,514,000","16,000,000","-169,227,000","-6,226,000","21,147,000","-46,229,000","-388,302,000","39,488,000","45,455,000","50,865,000","24,209,000","37,837,000","60,818,000","53,916,000","42,142,000","46,390,000","86,048,000","75,499,000","73,697,000","71,986,000","86,654,000","64,683,000","43,469,000","34,921,000","40,584,000","9,685,000","5,967,000","-9,817,000","-32,994,000","-137,874,000","15,659,000","35,467,000","59,580,000","23,170,000","50,146,000","34,879,000","62,094,000","51,738,000","30,051,000","30,361,000","164,196,000","32,903,000","31,087,000","28,097,000","37,740,000","30,650,000","28,181,000","22,720,000","29,851,000","24,070,000","10,892,000","8,764,000","-4,868,000","9,699,000","2,470,000","10,829,000","-235,036,000","13,144,000","-2,460,000","12,444,000","10,028,000","20,394,000","13,524,000","9,342,000","19,456,000","14,097,000","8,200,000","9,900,000","15,500,000","2,200,000","14,000,000","7,400,000","23,300,000","20,700,000","9,600,000","17,500,000","22,300,000","19,900,000","14,600,000","15,200,000","18,800,000","23,400,000","13,900,000","13,600,000","23,600,000","22,200,000","11,900,000","10,700,000","13,800,000","11,100,000","4,100,000","-33,100,000","7,700,000","7,300,000","2,100,000","3,000,000","2,700,000","5,400,000","1,100,000","3,700,000","1,900,000","5,900,000","6,300,000","6,900,000","8,900,000","10,700,000","6,000,000","6,500,000",,,,,,,,,,,,,,,,
BasicEPS,,"0.42","0.38","0.43","0.42","0.26","0.23","-0.26","-0.11","0.04","-0.07","0.08","0.75","0.83","0.66","0.69","0.84","0.62","0.51","0.48","0.31","0.48","0.09","-0.27","-0.83","0.2","-2.12","-0.08","0.27","-0.58","-4.89","0.5","0.58","0.65","0.31","0.48","0.77","0.68","0.53","0.58","1.07","0.94","0.92","0.89","1.06","0.79","0.53","0.43",,"0.12","0.07","-0.12",,"-1.9","0.22","0.48",,"0.3","0.65","0.45",,"0.675","0.39","0.395",,"0.425","0.405","0.37",,"0.415","0.385","0.31",,"0.335","0.155","0.125",,"0.14","0.035","0.155",,"0.21","-0.04","0.2",,"0.335","0.22","0.15",,"0.23","0.135","0.165",,"0.035","0.235","0.125",,"0.385","0.18","0.335",,"0.375","0.27","0.285",,"0.44","0.26","0.255",,"0.42","0.225","0.2",,"0.215","0.09","-0.755",,"0.17","0.05","0.07",,"0.125","0.025","0.09",,"0.14","0.15","0.165",,"0.255","0.145","0.155",,"0.23","0.14","0.145",,"0.165","0.14","0.12",,"0.115","0.09","0.09",,"0.12","0.06","-0.03"
DilutedEPS,,"0.42","0.37","0.43","0.41","0.26","0.23","-0.26","-0.11","0.03","-0.07","0.08","0.74","0.82","0.66","0.68","0.83","0.61","0.5","0.48","0.3","0.48","0.09","-0.27","-0.83","0.2","-2.12","-0.08","0.26","-0.58","-4.89","0.49","0.57","0.64","0.3","0.48","0.76","0.67","0.52","0.57","1.06","0.93","0.91","0.88","1.04","0.77","0.52","0.42",,"0.12","0.07","-0.12",,"-1.9","0.21","0.47",,"0.3","0.64","0.44",,"0.66","0.385","0.39",,"0.41","0.395","0.36",,"0.4","0.37","0.305",,"0.33","0.15","0.12",,"0.135","0.035","0.155",,"0.21","-0.04","0.2",,"0.33","0.22","0.15",,"0.23","0.135","0.165",,"0.035","0.235","0.125",,"0.38","0.18","0.33",,"0.37","0.27","0.285",,"0.44","0.26","0.255",,"0.42","0.225","0.2",,"0.215","0.09","-0.755",,"0.17","0.05","0.07",,"0.125","0.025","0.09",,"0.14","0.15","0.165",,"0.255","0.145","0.155",,"0.23","0.14","0.145",,"0.165","0.14","0.12",,"0.115","0.09","0.09",,"0.12","0.06","-0.03"
BasicAverageShares,,"83,084,000","83,637,000","83,880,000","83,787,000","83,719,000","83,582,000","83,318,000","83,119,000","83,106,000","83,075,000","82,881,000","82,598,000","82,479,000","82,331,000","82,105,000","81,837,000","81,793,000","81,477,000","81,071,000","80,746,000","80,398,000","80,206,000","80,054,000","79,890,000","79,871,000","79,840,000","79,728,000","79,518,000","79,389,000","79,343,000","79,114,000","78,818,000","78,718,000","78,729,000","78,439,000","78,615,000","79,294,000","79,713,000","80,245,000","80,323,000","80,110,000","79,765,000","80,659,000","81,819,000","82,138,000","82,186,000","82,105,000",,"81,358,000","81,149,000","79,772,000",,"72,673,000","72,630,000","74,399,000",,"76,463,000","77,111,000","77,398,000",,"76,856,000","76,662,000","76,452,000",,"77,664,000","76,348,000","75,898,000",,"74,186,000","73,488,000","72,746,000",,"71,656,000","71,208,000","70,672,000",,"70,486,000","70,252,000","70,090,000",,"62,178,000","61,852,000","61,984,000",,"60,966,000","60,768,000","61,406,000",,"60,640,000","60,368,000","60,000,000",,"62,857,143","59,574,468","59,200,000",,"53,766,234","53,333,333","52,238,806",,"53,066,667","54,074,074","53,333,333",,"53,181,818","53,461,538","53,333,333",,"52,857,143","52,888,889","53,500,000",,"51,627,907","45,555,556","43,841,060",,"42,941,176","42,000,000","42,857,143",,"43,200,000","44,000,000","41,111,111",,"42,142,857","42,000,000","41,818,182",,"41,960,784","41,379,310","41,935,484",,"41,384,000","41,352,000","41,220,000",,"41,032,000","41,028,000","40,812,000",,"40,656,000","40,596,000","40,452,000",,"40,320,000","40,320,000","40,808,000"
DilutedAverageShares,,"83,807,000","84,374,000","84,751,000","84,788,000","84,588,000","84,197,000","83,318,000","83,119,000","83,696,000","83,075,000","83,487,000","83,430,000","83,339,000","83,310,000","83,194,000","83,038,000","83,109,000","82,778,000","82,123,000","81,850,000","81,381,000","81,026,000","80,054,000","79,890,000","80,224,000","79,840,000","79,728,000","80,113,000","79,389,000","79,343,000","79,933,000","79,850,000","79,744,000","79,776,000","79,470,000","79,866,000","80,619,000","80,986,000","81,405,000","81,554,000","81,535,000","80,936,000","81,808,000","83,219,000","83,495,000","83,337,000","82,689,000",,"82,189,000","81,855,000","79,772,000",,"72,673,000","73,199,000","75,526,000",,"77,503,000","78,647,000","79,068,000",,"78,464,000","78,450,000","78,116,000",,"79,956,000","78,556,000","77,830,000",,"76,506,000","76,032,000","74,726,000",,"73,324,000","72,520,000","71,978,000",,"70,960,000","70,828,000","70,688,000",,"63,106,000","61,852,000","62,870,000",,"61,384,000","61,096,000","61,484,000",,"60,836,000","60,660,000","60,000,000",,"62,857,143","59,574,468","59,200,000",,"54,473,684","53,333,333","53,030,303",,"53,783,784","54,074,074","53,333,333",,"53,181,818","53,461,538","53,333,333",,"52,857,143","52,888,889","53,500,000",,"51,627,907","45,555,556","43,841,060",,"42,941,176","42,000,000","42,857,143",,"43,200,000","44,000,000","41,111,111",,"42,142,857","42,000,000","41,818,182",,"41,960,784","41,379,310","41,935,484",,"41,384,000","41,352,000","41,220,000",,"41,032,000","41,028,000","40,812,000",,"40,656,000","40,596,000","40,452,000",,"40,320,000","40,320,000","40,808,000"
TotalOperatingIncomeAsReported,"216,265,000","53,364,000","47,505,000","54,606,000","60,790,000","39,522,000","19,034,000","-17,178,000","15,621,000","37,893,000","-47,638,000","16,376,000","84,969,000","81,871,000","78,858,000","83,152,000","97,560,000","85,356,000","68,174,000","56,477,000","40,230,000","57,912,000","24,013,000","-9,211,000","25,063,000","27,335,000","-233,956,000","6,614,000","35,320,000","-120,392,000","-333,771,000","61,021,000","78,056,000","76,830,000","49,716,000","58,830,000","90,572,000","74,973,000","66,469,000",,,,,,,,,,,,,,,,,,,,,,,,,,,,,,,,,,,,,,,,,,,,,,,,,,,,,,,,,,,,,,,,,,,,,,,,,,,,,,,,,,,,,,,,,,,,,,,,,,,,,,,,,,,,,
TotalExpenses,"1,782,555,000","457,948,000","443,629,000","428,713,000","452,265,000","445,958,000","420,083,000","391,906,000","349,159,000","428,004,000","483,872,000","497,046,000","509,957,000","512,893,000","506,991,000","502,460,000","543,486,000","521,316,000","503,126,000","480,452,000","504,007,000","463,549,000","455,104,000","457,746,000","480,136,000","465,917,000","512,433,000","539,620,000","585,934,000","583,927,000","620,563,000","632,357,000","681,553,000","675,709,000","637,910,000","560,978,000","580,838,000","580,387,000","566,675,000","565,078,000","621,758,000","593,119,000","547,693,000","557,267,000","574,081,000","526,007,000","500,760,000","468,386,000","465,632,000","446,142,000","424,046,000","411,096,000","330,678,000","448,779,000","538,986,000","607,578,000","631,594,000","640,751,000","578,032,000","550,962,000","568,411,000","539,757,000","513,455,000","492,764,000","462,952,000","569,441,000","532,241,000","518,361,000","552,326,000","534,785,000","514,951,000","489,527,000","491,189,000","481,208,000","438,355,000","422,177,000","437,585,000","431,370,000","411,225,000","378,898,000","367,407,000","362,628,000","357,701,000","377,382,000","464,220,000","408,444,000","401,553,000","416,799,000","421,762,000","426,914,000","418,400,000","409,100,000","414,500,000","439,500,000","440,100,000","447,300,000","442,600,000","432,000,000","330,100,000","278,100,000","274,000,000","260,200,000","247,100,000","247,900,000","247,500,000","245,700,000","233,400,000","228,800,000","227,800,000","225,600,000","206,800,000","196,800,000","166,800,000","190,900,000","186,300,000","190,800,000","140,800,000","139,700,000","135,000,000","141,500,000","146,400,000","140,500,000","137,000,000","141,400,000","146,700,000","140,000,000","138,700,000","137,600,000","136,600,000","140,900,000","124,300,000","123,000,000",,,,,,,,,,,,,,,,
NetIncomeFromContinuingAndDiscontinuedOperation,"138,014,000","35,295,000","31,421,000","36,198,000","35,101,000","21,621,000","19,388,000","-21,675,000","-9,106,000","2,917,000","-5,939,000","6,466,000","61,979,000","68,550,000","54,698,000","56,699,000","68,529,000","50,866,000","41,601,000","39,183,000","24,643,000","38,890,000","7,262,000","-21,656,000","-66,514,000","16,000,000","-169,227,000","-6,226,000","21,147,000","-46,229,000","-388,302,000","39,488,000","45,455,000","50,865,000","24,209,000","37,837,000","60,818,000","53,916,000","42,142,000","46,390,000","86,048,000","75,499,000","73,697,000","71,986,000","86,654,000","64,683,000","43,469,000","34,921,000","40,584,000","9,685,000","5,967,000","-9,817,000","-32,994,000","-137,874,000","15,659,000","35,467,000","59,580,000","23,170,000","50,146,000","34,879,000","62,094,000","51,738,000","30,051,000","30,361,000","164,196,000","32,903,000","31,087,000","28,097,000","37,740,000","30,650,000","28,181,000","22,720,000","29,851,000","24,070,000","10,892,000","8,764,000","-4,868,000","9,699,000","2,470,000","10,829,000","15,370,000","13,144,000","-2,460,000","12,444,000","10,028,000","20,394,000","13,524,000","9,941,000","19,456,000","14,097,000","8,500,000","9,900,000","15,500,000","2,200,000","14,000,000","7,400,000","23,300,000","20,700,000","9,600,000","17,500,000","22,300,000","19,900,000","14,600,000","15,200,000","18,800,000","23,400,000","13,900,000","13,600,000","23,600,000","22,200,000","11,900,000","10,700,000","13,800,000","11,100,000","4,100,000","-18,100,000","7,700,000","7,300,000","2,100,000","3,000,000","2,700,000","5,400,000","1,100,000","3,700,000","1,900,000","5,900,000","6,300,000","6,900,000","8,900,000","10,700,000","6,000,000","6,500,000",,,,,,,,,,,,,,,,
NormalizedIncome,"137,721,356.876","35,973,999","28,115,399","36,336,700","37,101,465.805","21,020,940","20,402,700","807,183","1,313,290","15,463,510","44,318,580","9,559,558","69,103,740.799","70,721,600","55,859,840","57,506,325","72,530,868.537","51,735,632","41,632,815","43,630,625","40,725,349.302","44,696,890","12,335,600","-4,493,000","-56,899,000","19,452,505","3,390,432","-754,000","33,473,998.677","59,032,000","-135,556,650","40,636,805","54,205,336.626","52,916,577","25,710,500","37,837,000","60,818,000","53,916,000","42,142,000","45,674,703.525","86,362,024.476","75,112,143.493","72,656,638.89","72,427,981.622","90,296,922.33","66,672,331.824","45,937,334.103","38,666,688.303","47,609,428.376","22,180,600","6,986,300","-5,503,989.344","-9,760,072.165","-12,940,572.628","16,744,941.949","43,417,071.052","63,208,258.928","46,170,250","49,324,298.239","34,192,223.153","59,331,879.112","54,818,288.179","33,122,605.63","28,552,440.601","38,580,800","36,556,985.194","30,336,248.672","27,521,466.563","36,189,320.531","34,600,733.246","27,188,993.184","21,712,651.903","30,050,354.332","24,415,429.33","10,392,176.991","10,015,336.864","6,044,800","12,423,999.506","7,493,728.814","11,107,063.728","18,412,199.02","15,816,471.192","10,071,238.546","13,548,028.703","18,047,600","22,127,503.843","14,731,200","11,736,200","21,380,800","22,852,200","11,200,000","9,720,000","15,260,000","10,960,000","13,880,000","7,640,000","23,360,519.481","23,580,000","9,720,000","17,740,000","22,424,581.006","20,085,981.308","14,356,666.667","14,956,800","19,118,644.068","23,275,862.069","13,360,000","13,720,000","23,666,106.443","22,680,000","11,900,000","10,640,000","14,447,887.324","10,680,000","3,427,868.852","-18,838,775.51","6,680,000","7,112,820.513","2,040,000","2,940,000","2,700,000","5,640,000","1,580,000","3,580,000","2,800,000","8,300,000","6,000,000","6,660,000","8,720,000","10,519,662.921","5,747,368.421","6,378,504.673",,,,,,,,,,,,,,,,
InterestExpense,"25,769,000","6,436,000","6,460,000","6,321,000","6,552,000","20,928,000","8,317,000","10,578,000","11,320,000","7,897,000","8,055,000","7,881,000","8,689,000","8,104,000","8,104,000","8,097,000","8,233,000","7,468,000","7,231,000","7,149,000","7,367,000","7,331,000","7,151,000","6,993,000","6,857,000","7,113,000","6,803,000","6,979,000","7,537,000","7,760,000","7,960,000","8,210,000","8,450,000","8,883,000","8,037,000","7,081,000","7,042,000","7,504,000","6,970,000","5,956,000","8,469,000","8,003,000","5,256,000","5,487,000","5,466,000","5,767,000","5,564,000","5,963,000","6,347,000","6,531,000","5,954,000","6,371,000","5,430,000","6,672,000",,,,,,,,,,,,,,,,,,,,,,,,,,,,,,,,,,,,,,,,,,,,,,,,,,,,,,,,,,,,,,,,,,,,,,,,,,,,,,,,,,,,,,,,,,,,,,
NetInterestIncome,"-25,769,000","-6,436,000","-6,460,000","-6,321,000","-6,552,000","-20,928,000","-8,317,000","-10,578,000","-11,320,000","-7,897,000","-8,055,000","-7,881,000","-8,689,000","-8,104,000","-8,104,000","-8,097,000","-8,233,000","-7,468,000","-7,231,000","-7,149,000","-7,367,000","-7,331,000","-7,151,000","-6,993,000","-6,857,000","-7,113,000","-6,803,000","-6,979,000","-7,537,000","-7,760,000","-7,960,000","-8,210,000","-8,450,000","-8,883,000","-8,037,000","-7,081,000","-7,042,000","-7,504,000","-6,970,000","-5,956,000","-8,469,000","-8,003,000","-5,256,000","-5,487,000","-5,466,000","-5,767,000","-5,564,000","-5,963,000","-6,347,000","-6,531,000","-5,954,000","-6,371,000","-5,430,000","-6,672,000",,,,,,,,,,,,,,,,,,,,,,,,,,,,,,,,,,,,,,,,,,,,,,,,,,,,,,,,,,,,,,,,,,,,,,,,,,,,,,,,,,,,,,,,,,,,,,
EBIT,"225,693,000","57,892,000","50,647,000","58,065,000","59,089,000","42,214,000","22,891,000","-13,159,000","21,153,000","40,331,000","-43,427,000","19,057,000","88,573,000","86,864,000","82,880,000","85,913,000","97,163,000","84,709,000","66,861,000","56,389,000","40,473,000","56,286,000","23,287,000","-9,329,000","27,605,000","29,273,000","-233,224,000","5,527,000","37,026,000","-120,014,000","-335,994,000","62,834,000","76,790,000","77,391,000","48,860,000","58,219,000","88,761,000","74,224,000","65,814,000","65,283,000","117,064,000","103,778,000","95,306,000","101,036,000","115,058,000","86,364,000","61,870,000","55,601,000","63,248,000","27,799,000","17,337,000","-6,579,000","-19,707,000","-145,701,000","29,698,000","61,687,000","121,367,000","48,918,000","69,391,000","64,114,000","89,066,000","76,127,000","55,866,000","50,047,000","81,086,000","61,673,000","53,017,000","50,857,000","66,832,000","62,570,000","41,267,000","41,909,000","50,669,000","43,022,000","22,423,000","22,398,000","26,180,000","27,873,000","20,506,000","25,320,000","35,491,000","31,224,000","22,637,000","29,272,000","-12,200,000","56,206,000","38,968,000","33,906,000","52,011,000","56,105,000","35,500,000","33,800,000","44,100,000","39,600,000","44,200,000","33,600,000","58,400,000","64,600,000","39,900,000","32,700,000","38,300,000","35,200,000","26,300,000","27,300,000","32,300,000","40,400,000","25,800,000","26,100,000","38,900,000","42,500,000","23,500,000","22,000,000","53,100,000","20,900,000","8,900,000","-15,100,000","14,500,000","14,000,000","5,700,000","7,300,000","4,700,000","12,400,000","3,600,000","8,500,000","9,000,000","17,800,000","13,400,000","14,500,000","19,700,000","20,600,000","11,200,000","12,700,000","-291,300,000","124,600,000","111,400,000","111,700,000","-258,300,000","111,600,000","101,800,000","94,100,000","-223,100,000","91,600,000","83,400,000","84,500,000","-239,100,000","91,300,000","86,900,000","87,200,000"
EBITDA,"356,196,000"
ReconciledCostOfRevenue,"1,227,594,000","317,884,000","304,613,000","293,635,000","311,462,000","306,289,000","291,055,000","267,672,000","250,627,000","300,788,000","346,590,000","351,780,000","364,675,000","364,839,000","364,961,000","351,622,000","386,807,000","364,542,000","355,516,000","334,684,000","362,026,000","319,991,000","317,123,000","310,443,000","331,134,000","317,616,000","358,097,000","378,818,000","422,989,000","413,560,000","450,176,000","449,497,000","491,677,000","488,214,000","456,949,000","399,320,000","419,603,000","423,074,000","412,121,000","397,227,000","449,799,000","428,064,000","389,293,000","387,118,000","406,388,000","364,567,000","345,685,000","320,593,000","317,111,000","302,288,000","282,157,000","271,444,000","209,338,000","317,119,000","384,417,000","429,199,000","479,009,000","431,687,000","406,188,000","384,136,000","403,644,000","378,180,000","353,963,000","339,333,000","312,696,000","397,471,000","368,846,000","352,931,000","377,917,000","369,886,000","359,297,000","343,110,000","339,512,000","332,077,000","297,143,000","285,587,000","293,604,000","286,939,000","274,634,000","254,997,000","248,330,000","248,999,000","245,971,000","258,793,000","333,869,000","266,104,000","255,231,000","263,809,000","269,184,000","301,084,000","266,500,000","260,500,000","270,300,000","287,600,000","285,900,000","284,600,000","284,900,000","281,000,000","207,400,000","169,300,000","169,600,000","158,700,000","150,400,000","151,100,000","153,600,000","152,500,000","141,700,000","139,000,000","111,600,000","148,400,000","135,800,000","131,700,000","-68,100,000","175,700,000","118,300,000","105,600,000","58,000,000","89,600,000","86,100,000","90,700,000","61,800,000","91,900,000","87,400,000","90,600,000","60,200,000","88,800,000","88,400,000","88,400,000","58,400,000","92,000,000","85,400,000","84,500,000",,,,,,,,,,,,,,,,
ReconciledDepreciation,"130,503,000","32,989,000","32,362,000","32,384,000","32,768,000","31,556,000","31,270,000","30,894,000","30,369,000","28,682,000","29,734,000","31,075,000","29,185,000","27,919,000","27,395,000","27,553,000","27,658,000","27,623,000","26,961,000","26,438,000","26,622,000","26,619,000","26,977,000","27,438,000","27,854,000","27,297,000","30,756,000","31,559,000","32,022,000","32,342,000","32,928,000","34,372,000","35,091,000","35,197,000","32,540,000","27,394,000","28,352,000","28,985,000","26,776,000","28,991,000","29,928,000","26,151,000","23,834,000","24,160,000","24,610,000","23,118,000","22,970,000","22,773,000","25,160,000","23,792,000","23,987,000","23,490,000","23,857,000","23,606,000","24,221,000","24,697,000","25,413,000","23,603,000","23,923,000","21,794,000","22,439,000","18,674,000","19,163,000","18,387,000","17,513,000","17,750,000","18,113,000","17,768,000","18,344,000","16,931,000","16,141,000","15,468,000","17,236,000","16,913,000","16,489,000","15,351,000","22,224,000","21,839,000","20,914,000","19,066,000","18,392,000","17,934,000","18,591,000","18,712,000","23,857,000","24,375,000","24,499,000","24,566,000","25,196,000","25,150,000","25,200,000","26,100,000","24,100,000","24,500,000","23,700,000","23,700,000","21,200,000","21,100,000","14,800,000","10,300,000","10,300,000","10,800,000","10,400,000","9,900,000","10,300,000","10,000,000","10,100,000","9,800,000","37,000,000","800,000","700,000","800,000","40,200,000","1,000,000",,,,,,,,,,,,,,,,,,,,,,,,,,,,,,,,,,
NetIncomeFromContinuingOperationNetMinorityInterest,"138,014,000","35,295,000","31,421,000","36,198,000","35,101,000","21,621,000","19,388,000","-21,675,000","-9,106,000","2,917,000","-5,939,000","6,466,000","61,979,000","68,550,000","54,698,000","56,699,000","68,529,000","50,866,000","41,601,000","39,183,000","24,643,000","38,890,000","7,262,000","-21,656,000","-66,514,000","16,000,000","-169,227,000","-6,226,000","21,147,000","-46,229,000","-388,302,000","39,488,000","45,455,000","50,865,000","24,209,000","37,837,000","60,818,000","53,916,000","42,142,000","46,390,000","86,048,000","75,499,000","73,697,000","71,986,000","86,654,000","64,683,000","43,469,000","34,921,000","40,584,000","9,685,000","6,023,000","-8,450,000","-15,654,000","-137,874,000","15,659,000","35,467,000","59,580,000","23,170,000","50,146,000","34,879,000","62,094,000","51,738,000","33,557,000","29,454,000","180,164,000","32,903,000","31,087,000","28,097,000","37,740,000","30,650,000","28,181,000","22,720,000","29,851,000","24,070,000","10,892,000","8,764,000","-4,868,000","9,699,000","2,470,000","10,829,000","15,370,000","13,144,000","-2,460,000","12,444,000","10,028,000","20,394,000","13,524,000","9,941,000","19,456,000","14,097,000","8,500,000","9,900,000","15,500,000","2,200,000","14,000,000","7,400,000","23,300,000","20,700,000","9,600,000","17,500,000","22,300,000","19,900,000","14,600,000","15,200,000","18,800,000","23,400,000","13,900,000","13,600,000","23,600,000","22,200,000","11,900,000","10,700,000","13,800,000","11,100,000","4,100,000","-18,100,000","7,700,000","7,300,000","2,100,000","3,000,000","2,700,000","5,400,000","1,100,000","3,700,000","1,900,000","5,900,000","6,300,000","6,900,000","8,900,000","10,700,000","6,000,000","6,500,000",,,,,,,,,,,,,,,,
TotalUnusualItemsExcludingGoodwill,"408,000","-947,000","4,461,000","-190,000","-2,916,000","822,000","-1,390,000","-25,577,000","-14,273,000","-17,187,000","-68,846,000","-4,666,000","-9,023,000","-2,440,000","-1,545,000","-1,075,000","-5,073,000","-1,264,000","-45,000","-5,525,000","-20,788,000","-7,169,000","-8,456,000","-28,605,000","-16,025,000","-4,585,000","-245,544,000","-9,120,000","-16,398,000","-175,435,000","-388,839,000","-1,563,000","-12,595,000","-2,703,000","-2,310,000",,,,,"902,000","-394,000","486,000","1,258,000","-574,000","-4,598,000","-2,459,000","-3,138,000","-5,171,000","-9,762,000","-19,224,000","-1,482,000","-4,878,000","-9,628,000","-138,233,000","-1,414,000","-9,815,000","-4,543,000","-35,385,000","993,000","1,103,000","3,782,000","-4,167,000","625,000","1,320,000","235,972,000","-5,839,000","1,096,000","876,000","2,443,000","-6,281,000","1,240,000","1,574,000","-294,000","-508,000","735,000","-1,887,000","-18,188,000","-3,982,000","-6,840,000","-413,000","-4,475,000","-3,930,000","-17,233,000","-1,632,000","-13,366,000","-2,865,000","-2,012,000","-2,992,000","-3,208,000","-14,592,000","-4,500,000","300,000","400,000","-14,600,000","200,000","-400,000","-100,000","-4,800,000","-200,000","-400,000","-200,000","-300,000","400,000","400,000","-500,000","200,000","900,000","-200,000","-100,000","-800,000",,"100,000","-1,000,000","700,000","1,000,000","800,000","1,700,000","300,000","100,000","100,000",,"-400,000","-800,000","200,000","-1,500,000","-4,000,000","500,000","400,000","300,000","300,000","400,000","200,000",,,,,,,,,,,,,,,,
TotalUnusualItems,"408,000","-947,000","4,461,000","-190,000","-2,916,000","822,000","-1,390,000","-25,577,000","-14,273,000","-17,187,000","-68,846,000","-4,666,000","-9,023,000","-2,440,000","-1,545,000","-1,075,000","-5,073,000","-1,264,000","-45,000","-5,525,000","-20,788,000","-7,169,000","-8,456,000","-28,605,000","-16,025,000","-4,585,000","-245,544,000","-9,120,000","-16,398,000","-175,435,000","-388,839,000","-1,563,000","-12,595,000","-2,703,000","-2,310,000",,,,,"902,000","-394,000","486,000","1,258,000","-574,000","-4,598,000","-2,459,000","-3,138,000","-5,171,000","-9,762,000","-19,224,000","-1,482,000","-4,878,000","-9,628,000","-138,233,000","-1,414,000","-9,815,000","-4,543,000","-35,385,000","993,000","1,103,000","3,782,000","-4,167,000","625,000","1,320,000","235,972,000","-5,839,000","1,096,000","876,000","2,443,000","-6,281,000","1,240,000","1,574,000","-294,000","-508,000","735,000","-1,887,000","-18,188,000","-3,982,000","-6,840,000","-413,000","-4,475,000","-3,930,000","-17,233,000","-1,632,000","-13,366,000","-2,865,000","-2,012,000","-2,992,000","-3,208,000","-14,592,000","-4,500,000","300,000","400,000","-14,600,000","200,000","-400,000","-100,000","-4,800,000","-200,000","-400,000","-200,000","-300,000","400,000","400,000","-500,000","200,000","900,000","-200,000","-100,000","-800,000",,"100,000","-1,000,000","700,000","1,000,000","800,000","1,700,000","300,000","100,000","100,000",,"-400,000","-800,000","200,000","-1,500,000","-4,000,000","500,000","400,000","300,000","300,000","400,000","200,000",,,,,,,,,,,,,,,,
NormalizedEBITDA,"355,788,000","91,828,000","78,548,000","90,639,000","94,773,000","72,948,000","55,551,000","43,312,000","65,795,000","86,200,000","55,153,000","54,798,000","126,781,000","117,223,000","111,820,000","114,541,000","129,894,000","113,596,000","93,867,000","88,352,000","87,883,000","90,074,000","58,720,000","46,714,000","71,484,000","61,155,000","43,076,000","46,206,000","85,446,000","87,763,000","85,773,000","98,769,000","124,476,000","115,291,000","83,710,000","85,613,000","117,113,000","103,209,000","92,590,000","93,372,000","147,386,000","129,443,000","117,882,000","125,770,000","144,266,000","111,941,000","87,978,000","83,545,000","98,170,000","70,815,000","42,806,000","21,789,000","13,778,000","16,138,000","55,333,000","96,199,000","151,323,000","107,906,000","92,321,000","84,805,000","107,723,000","98,968,000","74,404,000","67,114,000","-137,373,000","85,262,000","70,034,000","67,749,000","82,733,000","85,782,000","56,168,000","55,803,000","68,199,000","60,443,000","38,177,000","39,636,000","66,592,000","53,694,000","48,260,000","44,799,000","58,358,000","53,088,000","58,461,000","49,616,000","25,023,000","83,446,000","65,479,000","61,464,000","80,415,000","95,847,000","65,200,000","59,600,000","67,800,000","78,700,000","67,700,000","57,700,000","79,700,000","90,500,000","54,900,000","43,400,000","48,800,000","46,300,000","36,300,000","36,800,000","43,100,000","50,200,000","35,000,000","36,100,000","76,000,000","44,100,000","24,300,000","22,700,000","94,300,000","21,200,000","7,900,000","-15,900,000","12,800,000","13,700,000","5,600,000","7,200,000","4,700,000","12,800,000","4,400,000","8,300,000","10,500,000","21,800,000","12,900,000","14,100,000","19,400,000","20,300,000","10,800,000","12,500,000","-291,300,000","124,600,000","111,400,000","111,700,000","-258,300,000","111,600,000","101,800,000","94,100,000","-223,100,000","91,600,000","83,400,000","84,500,000","-239,100,000","91,300,000","86,900,000","87,200,000"
TaxRateForCalcs,"0.283","0.283","0.259","0.27","0.314","0.27","0.27","0.121","0.27","0.27","0.27","0.337","0.21","0.11","0.248","0.249","0.211","0.312","0.293","0.195","0.226","0.19","0.4","0.4","0.4","0.247","0.297","0.4","0.248","0.4","0.35","0.265","0.305","0.241","0.35","0.246","0.239","0.185","0.264","0.207","0.203","0.204","0.173","0.23","0.208","0.191","0.213","0.276","0.28","0.35","0.35","0.396","0.388","0.096","0.232","0.19","0.201","0.35","0.173","0.377","0.27","0.261","0.305","0.317","0.4","0.374","0.315","0.343","0.365","0.371","0.2","0.36","0.322","0.32","0.32","0.337","0.4","0.316","0.266","0.327","0.32","0.32","0.273","0.324","0.4","0.395","0.4","0.4","0.4","0.4","0.4","0.4","0.4","0.4","0.4","0.4","0.395","0.4","0.4","0.4","0.377","0.38","0.392","0.392","0.363","0.379","0.4","0.4","0.339","0.4","0.4","0.4","0.352","0.4","0.328","0.077","0.4","0.376","0.4","0.4","0.4","0.4","0.4","0.4","0.4","0.4","0.4","0.4","0.4","0.399","0.368","0.393",,,,,,,,,,,,,,,,
TaxEffectOfUnusualItems,"115,356.876","-268,001","1,155,399","-51,300","-915,534.195","221,940","-375,300","-3,094,817","-3,853,710","-4,640,490","-18,588,420","-1,572,442","-1,898,259.201","-268,400","-383,160","-267,675","-1,071,131.463","-394,368","-13,185","-1,077,375","-4,705,650.698","-1,362,110","-3,382,400","-11,442,000","-6,410,000","-1,132,495","-72,926,568","-3,648,000","-4,071,001.323","-70,174,000","-136,093,650","-414,195","-3,844,663.374","-651,423","-808,500","0","0","0","0","186,703.525","-79,975.524","99,143.493","217,638.89","-132,018.378","-955,077.67","-469,668.176","-669,665.897","-1,425,311.697","-2,736,571.624","-6,728,400","-518,700","-1,931,989.344","-3,734,072.165","-13,299,572.628","-328,058.051","-1,864,928.948","-914,741.072","-12,384,750","171,298.239","416,223.153","1,019,879.112","-1,086,711.821","190,605.63","418,440.601","94,388,800","-2,185,014.806","345,248.672","300,466.563","892,320.531","-2,330,266.754","247,993.184","566,651.903","-94,645.668","-162,570.67","235,176.991","-635,663.136","-7,275,200","-1,257,000.494","-1,816,271.186","-134,936.272","-1,432,800.98","-1,257,528.808","-4,701,761.454","-527,971.297","-5,346,400","-1,131,496.157","-804,800","-1,196,800","-1,283,200","-5,836,800","-1,800,000","120,000","160,000","-5,840,000","80,000","-160,000","-39,480.519","-1,920,000","-80,000","-160,000","-75,418.994","-114,018.692","156,666.667","156,800","-181,355.932","75,862.069","360,000","-80,000","-33,893.557","-320,000","0","40,000","-352,112.676","280,000","327,868.852","61,224.49","680,000","112,820.513","40,000","40,000","0","-160,000","-320,000","80,000","-600,000","-1,600,000","200,000","160,000","120,000","119,662.921","147,368.421","78,504.673",,,,,,,,,,,,,,,,