name,ttm,03/31/2022,12/31/2021,09/30/2021,06/30/2021,03/31/2021,12/31/2020,09/30/2020,06/30/2020,03/31/2020,12/31/2019,09/30/2019,06/30/2019,03/31/2019,12/31/2018,09/30/2018,06/30/2018,03/31/2018,12/31/2017,09/30/2017,06/30/2017,03/31/2017,12/31/2016,09/30/2016,06/30/2016,03/31/2016,12/31/2015,09/30/2015,06/30/2015,03/31/2015,12/31/2014,09/30/2014,06/30/2014,03/31/2014,12/31/2013,09/30/2013,06/30/2013,03/31/2013,12/31/2012,09/30/2012,06/30/2012,03/31/2012,12/31/2011,09/30/2011,06/30/2011,03/31/2011,12/31/2010,09/30/2010,06/30/2010,03/31/2010,12/31/2009,09/30/2009,06/30/2009,03/31/2009,12/31/2008,09/30/2008,06/30/2008,03/31/2008,12/31/2007,09/30/2007,06/30/2007,03/31/2007,12/31/2006,09/30/2006,06/30/2006,03/31/2006,12/31/2005,09/30/2005,06/30/2005,03/31/2005,12/31/2004,09/30/2004,06/30/2004,03/31/2004,12/31/2003,09/30/2003,06/30/2003,03/31/2003,12/31/2002,09/30/2002,06/30/2002,03/31/2002,12/31/2001,09/30/2001,06/30/2001,03/31/2001,12/31/2000,09/30/2000,06/30/2000,03/31/2000,12/31/1999,09/30/1999,06/30/1999,03/31/1999,12/31/1998,09/30/1998,06/30/1998,03/31/1998,12/31/1997,09/30/1997,06/30/1997,03/31/1997,12/31/1996,09/30/1996,06/30/1996,03/31/1996,12/31/1995,09/30/1995,06/30/1995,03/31/1995,12/31/1994,09/30/1994,06/30/1994,03/31/1994
TotalRevenue,"6,601,994,000","1,826,989,000","1,816,859,000","1,642,445,000","1,315,701,000","1,223,014,000","1,277,961,000","1,210,406,000","1,060,698,000","1,124,798,000","1,196,810,000","1,200,522,000","1,242,083,000","1,204,535,000","1,394,640,000","1,346,611,000","1,331,683,000","1,271,132,000","1,359,420,000","521,608,000","273,243,000","271,182,000","289,098,000","280,530,000","276,318,000","272,088,000","290,739,000","300,122,000","301,822,000","290,281,000","317,467,000","271,547,000","264,155,000","249,163,000","249,716,000","239,338,000","244,783,000","235,400,000","242,303,000","237,933,000","236,268,000","219,532,000","224,100,000","227,143,000","228,483,000","186,473,000","188,311,000","191,299,000","185,408,000","165,691,000","167,790,000","173,132,000","162,080,000","148,719,000","174,760,000","209,657,000","206,107,000","176,411,000","186,538,000","180,325,000","180,187,000","166,534,000","174,916,000","174,672,000","165,767,000","149,052,000","164,576,000","146,188,000","133,867,000","122,181,000","126,771,000","114,056,000","107,148,000","94,312,000","90,112,000","87,639,000","85,109,000","77,209,000","79,060,000","74,562,000","69,815,750","62,351,471","66,734,788","66,232,981","61,187,944","56,663,021","65,844,265","55,769,784","51,675,992","43,568,834","43,219,248","38,054,052","36,694,364","33,522,165","33,540,867","32,861,739","30,369,133","28,258,506","28,183,298","25,682,179","24,240,668","21,322,548","21,621,815","20,331,352","18,969,783","16,580,836","15,934,452","14,800,919","13,527,267","11,907,641","10,942,888","9,800,000","8,400,000","8,400,000"
	OperatingRevenue,"6,601,994,000","1,826,989,000","1,816,859,000","1,642,445,000","1,315,701,000","1,223,014,000","1,277,961,000","1,210,406,000","1,060,698,000","1,124,798,000","1,196,810,000","1,200,522,000","1,242,083,000","1,204,535,000","1,394,640,000","1,346,611,000","1,331,683,000","1,271,132,000","1,359,420,000","521,608,000","273,243,000","271,182,000","289,098,000","280,530,000","276,318,000","272,088,000","290,739,000","300,122,000","301,822,000","290,281,000","317,467,000","271,547,000","264,155,000","249,163,000","249,716,000","239,338,000","244,783,000","235,400,000","242,303,000","237,933,000","236,268,000","219,532,000","224,100,000","227,143,000","228,483,000","186,473,000","188,311,000","191,299,000","185,408,000","165,691,000","167,790,000","173,132,000","162,080,000","148,719,000","174,760,000","209,657,000","206,107,000","176,411,000","186,538,000","180,325,000","180,187,000","166,534,000","174,916,000","174,672,000","165,767,000","149,052,000","164,576,000","146,188,000","133,867,000","122,181,000","126,771,000","114,056,000","107,148,000","94,312,000","90,112,000","87,639,000","85,109,000","77,209,000","79,060,000","74,562,000","69,815,750","62,351,471","66,734,788","66,232,981","61,187,944","56,663,021","56,391,449","55,769,784","51,675,992","43,568,834","43,219,248","38,054,052","36,694,364","33,522,165","33,540,867","32,861,739","30,369,133","28,258,506","28,183,298","25,682,179","24,240,668","21,322,548","21,621,815","20,331,352","18,969,783","16,580,836","15,934,452","14,800,919","13,527,267","11,907,641","10,942,888","9,800,000","8,400,000","8,400,000"
CostOfRevenue,"5,005,528,000","1,383,485,000","1,341,518,000","1,252,398,000","1,028,127,000","963,434,000","977,464,000","943,529,000","866,313,000","917,438,000","973,583,000","1,007,004,000","1,021,884,000","998,578,000","1,089,092,000","1,108,915,000","1,112,502,000","1,073,039,000","1,109,155,000","442,910,000","221,929,000","226,702,000","232,203,000","223,283,000","219,836,000","214,571,000","228,323,000","236,018,000","236,273,000","224,948,000","245,656,000","216,523,000","212,368,000","203,519,000","200,560,000","199,107,000","196,437,000","193,556,000","402,351,000","126,383,000","120,008,000","107,011,000","114,987,000","120,401,000","122,426,000","90,577,000","74,038,000","73,675,000","67,965,000","62,310,000","61,573,000","62,904,000","54,201,000","44,246,000","57,025,000","89,466,000","90,198,000","68,659,000","93,702,000","84,816,000","79,373,000","70,952,000","71,879,000","75,830,000","68,108,000","61,902,000","61,743,000","63,266,000","53,846,000","49,507,000","51,034,000","45,900,000","43,944,000","37,673,000","34,973,000","34,827,000","34,198,000","32,653,000","32,006,000","29,844,000","28,126,529","24,452,509","20,820,120","33,203,552","26,013,324","11,238,636","21,909,899","21,449,585","19,376,735","16,807,524","17,991,703","15,586,922","14,584,288","12,902,439","12,808,685","12,812,047","11,872,675","10,982,015","11,150,802","10,431,692","9,976,327","8,724,733","8,672,766","8,372,113","7,783,955","6,760,617","6,614,781","5,744,824","5,144,109","4,134,032",,,,
GrossProfit,"1,596,466,000","443,504,000","475,341,000","390,047,000","287,574,000","259,580,000","300,497,000","266,877,000","194,385,000","207,360,000","223,227,000","193,518,000","220,199,000","205,957,000","305,548,000","237,696,000","219,181,000","198,093,000","250,265,000","78,698,000","51,314,000","44,480,000","56,895,000","57,247,000","56,482,000","57,517,000","62,416,000","64,104,000","65,549,000","65,333,000","71,811,000","55,024,000","51,787,000","45,644,000","49,156,000","40,231,000","48,346,000","41,844,000","-160,048,000","111,550,000","116,260,000","112,521,000","109,113,000","106,742,000","106,057,000","95,896,000","114,273,000","117,624,000","117,443,000","103,381,000","106,217,000","110,228,000","107,879,000","104,473,000","117,735,000","120,191,000","115,909,000","107,752,000","92,836,000","95,509,000","100,814,000","95,582,000","103,037,000","98,842,000","97,659,000","87,150,000","102,833,000","82,922,000","80,021,000","72,674,000","75,737,000","68,156,000","63,204,000","56,639,000","55,139,000","52,812,000","50,911,000","44,556,000","47,054,000","44,718,000","41,689,221","37,898,962","45,914,668","33,029,429","35,174,620","45,424,385","43,934,366","34,320,199","32,299,257","26,761,310","25,227,545","22,467,130","22,110,076","20,619,726","20,732,182","20,049,692","18,496,458","17,276,491","17,032,496","15,250,487","14,264,341","12,597,815","12,949,049","11,959,239","11,185,828","9,820,219","9,319,671","9,056,095","8,383,158","7,773,609",,,,
OperatingExpense,"493,833,000","144,608,000","132,806,000","119,960,000","96,459,000","97,321,000","101,726,000","101,416,000","91,865,000","104,339,000","122,330,000","90,565,000","109,424,000","89,658,000","95,973,000","93,416,000","94,939,000","104,349,000","106,396,000","43,803,000","18,726,000","21,842,000","22,158,000","20,313,000","18,401,000","18,790,000","18,764,000","17,678,000","23,930,000","19,029,000","19,029,000","15,233,000","12,888,000","14,394,000","16,990,000","15,957,000","16,421,000","16,300,000","-188,612,000","83,783,000","84,157,000","90,368,000","79,879,000","79,037,000","78,923,000","76,956,000","77,593,000","78,240,000","78,283,000","73,283,000","73,280,000","78,646,000","76,309,000","74,392,000","80,436,000","81,612,000","79,688,000","74,785,000","174,719,000","164,587,000","156,989,000","147,286,000","149,135,000","151,098,000","141,947,000","128,708,000","140,009,000","126,556,000","115,684,000","108,028,000","108,845,000","98,656,000","93,930,000","83,814,000","77,613,000","75,957,000","74,425,000","69,183,000","68,296,000","65,260,000","61,517,688","55,598,186","58,156,367","58,133,383","54,295,985","41,729,097","58,816,484","48,625,889","44,843,872","37,418,421","82,298,544","16,289,954","15,965,821","15,030,606","65,927,542","13,747,919","13,016,296","12,449,479","55,158,095","10,379,705","10,035,470","8,899,894","41,705,920","9,145,546","8,751,915","7,563,960","6,949,286","6,595,876","6,262,053","5,889,295",,,,
	SellingGeneralAndAdministration,"341,246,000","104,062,000","93,404,000","80,369,000","63,411,000","60,680,000","52,823,000","50,255,000","50,204,000","59,154,000","53,176,000","51,705,000","53,756,000","55,219,000","55,515,000","57,742,000","58,576,000","64,440,000","63,783,000","23,038,000","9,312,000","9,757,000","9,069,000","10,227,000","9,300,000","10,028,000","9,585,000","8,998,000","9,072,000","10,073,000","9,997,000","8,694,000","8,640,000","8,701,000","9,109,000","8,434,000","8,495,000","8,327,000","-144,783,000","59,381,000","60,360,000","69,996,000","57,904,000","56,804,000","57,252,000","58,482,000","45,293,000","57,689,000","56,751,000","49,109,000","39,161,000","56,677,000","55,256,000","49,776,000","53,983,000","56,035,000","55,368,000","51,425,000","60,411,000","59,427,000","63,733,000","64,852,000","39,304,000","63,431,000","7,536,000","54,709,000","60,607,000","51,766,000","6,892,000","49,648,000","49,600,000","45,193,000","43,761,000","39,908,000","36,301,000","35,180,000","34,946,000","31,445,000","31,904,000","30,898,000","28,970,908","26,577,776","28,715,681","27,146,299","23,928,293","22,447,852","21,992,648","21,443,579","19,972,644","15,522,623","15,220,207","13,227,296","12,400,624","11,850,869","10,969,066","10,837,187","10,331,005","9,937,886","9,692,189","8,285,291","8,043,655","7,018,584","7,768,240","7,180,060","6,943,957","5,965,815","5,251,724","5,338,339","5,109,482","4,855,134",,,,
		GeneralAndAdministrativeExpense,"341,246,000","104,062,000","93,404,000","80,369,000","63,411,000","60,680,000","52,823,000","50,255,000","50,204,000","59,154,000","53,176,000","51,705,000","53,756,000","55,219,000","55,515,000","57,742,000","58,576,000","64,440,000","63,783,000","23,038,000","9,312,000","9,757,000","9,069,000","10,227,000","9,300,000","10,028,000","9,585,000","8,998,000","9,072,000","10,073,000","9,997,000","8,694,000","8,640,000","8,701,000","9,109,000","8,434,000","8,495,000","8,327,000","-140,910,000","58,175,000","60,360,000","69,996,000","57,904,000","56,804,000","57,252,000","58,482,000","45,293,000","57,689,000","56,751,000","49,109,000","39,161,000","56,677,000","55,256,000","49,776,000","53,983,000","56,035,000","55,368,000","51,425,000","60,411,000","59,427,000","63,733,000","64,852,000","39,304,000","63,431,000","7,536,000","54,709,000","60,607,000","51,766,000","6,892,000","49,648,000","49,600,000","45,193,000","43,761,000","39,908,000","36,301,000","35,180,000","34,946,000","31,445,000","31,904,000","30,898,000","28,970,908","26,577,776","28,715,681","27,146,299","23,928,293","22,447,852","21,992,648","21,443,579","19,972,644","15,522,623","15,220,207","13,227,296","12,400,624","11,850,869","10,969,066","10,837,187","10,331,005","9,937,886","9,692,189","8,285,291","8,043,655","7,018,584","7,768,240","7,180,060","6,943,957","5,965,815","5,251,724","5,338,339","5,109,482","4,855,134",,,,
			SalariesAndWages,,,,,,,,,,,,,,,,,,,,,,,,,,,,,,,,,,,,,,,,"58,175,000","59,089,000","60,956,000","56,467,000","55,428,000","55,856,000","50,936,000","52,904,000","53,468,000","52,381,000","47,783,000","48,471,000","52,042,000","49,999,000","48,304,000","52,478,000","54,554,000","53,895,000","50,011,000","-49,883,000","-51,642,000","-51,491,000","-48,840,000","-51,020,000","-49,467,000","-47,861,000","-43,201,000","-44,731,000","-41,934,000","-39,196,000","-36,918,000","-36,918,000","-34,441,000","-32,333,000","-30,130,000","-27,659,000","-26,908,000","-26,398,000","-23,791,000","-24,890,000","-24,506,000","-22,937,540","-21,262,704","-22,483,437","-21,420,309","-19,540,189","-18,334,804","-18,758,966","-18,865,147","-17,493,054","-14,075,995","-12,773,955","-11,233,318","-10,725,756","-9,955,745","-9,693,142","-9,346,431","-8,521,137","-8,330,096","-8,186,467","-7,138,729","-6,619,781","-6,045,096","-6,328,180","-5,800,110","-5,359,717","-4,729,893","-4,290,760","-4,314,875","-4,029,030","-3,725,292",,,,
			RentAndLandingFees,,,,,,,,,,,,,,,,,,,,,,,,,,,,,,,,,,,,,,,,,,,,,,,,,,,"0","0","0","0","0","0","36,000","54,000",,,,,,"-106,000",,,,,,,,,,,,,,,,,,,,,,,,,,,,,,,,,,,,,,,,,,,,,,,,,,
			InsuranceAndClaims,"317,927,000","98,192,000","87,202,000","73,757,000","58,776,000","55,643,000","48,072,000","45,186,000","45,302,000","54,280,000","48,612,000","46,792,000","48,796,000","50,136,000","50,387,000","52,701,000","53,126,000","59,148,000","57,217,000","21,117,000","8,294,000","8,571,000","8,111,000","9,251,000","8,257,000","8,823,000","8,556,000","8,149,000","7,995,000","8,933,000","8,719,000","7,530,000","7,462,000","7,422,000","7,710,000","7,190,000","7,295,000","7,155,000","8,429,000","7,783,000","8,281,000","7,645,000","7,045,000","8,012,000","8,794,000","6,221,000","6,612,000","6,100,000","6,582,000","5,759,000","5,955,000","5,424,000","5,392,000","5,316,000","5,165,000","6,170,000","7,713,000","7,066,000","-10,528,000","-7,785,000","-6,121,000","-8,006,000","-7,398,000","-6,929,000","-6,108,000","-5,754,000","-7,938,000","-4,916,000","-5,940,000","-6,365,000","-6,341,000","-5,376,000","-5,714,000","-4,889,000","-4,321,000","-4,136,000","-4,274,000","-3,827,000","-3,507,000","-3,196,000","-3,016,684","-2,657,536","-3,116,122","-2,862,995","-2,194,052","-2,056,524","-1,616,841","-1,289,216","-1,239,795","-723,314","-1,223,126","-996,989","-837,434","-947,562","-637,962","-745,378","-904,934","-803,895","-752,861","-573,281","-711,937","-486,744","-720,030","-689,975","-792,120","-617,961","-480,482","-511,732","-540,226","-564,921",,,,
			OtherGandA,"23,319,000","5,870,000","6,202,000","6,612,000","4,635,000","5,037,000","4,751,000","5,069,000","4,902,000","4,874,000","4,564,000","4,913,000","4,960,000","5,083,000","5,128,000","5,041,000","5,450,000","5,292,000","6,566,000","1,921,000","1,018,000","1,186,000","958,000","976,000","1,043,000","1,205,000","1,029,000","849,000","1,077,000","1,140,000","1,278,000","1,164,000","1,178,000","1,279,000","1,399,000","1,244,000","1,200,000","1,172,000","28,881,000","-7,783,000","-7,010,000","1,395,000","-5,608,000","-6,636,000","-7,398,000","1,325,000","-14,223,000","-1,879,000","-2,212,000","-4,433,000","-15,265,000","-789,000","-135,000","-3,844,000","-3,660,000","-4,689,000","-6,276,000","-5,706,000","120,822,000","118,854,000","121,345,000","121,698,000","97,399,000","119,933,000","61,505,000","103,664,000","113,276,000","98,616,000","52,028,000","92,931,000","92,859,000","85,010,000","81,808,000","74,927,000","68,281,000","66,224,000","65,618,000","59,063,000","60,301,000","58,600,000","54,925,132","50,498,016","54,315,240","51,429,603","45,662,534","42,839,180","42,368,455","41,597,942","38,705,493","30,321,932","29,217,288","25,457,603","23,963,814","22,754,176","21,300,170","20,928,996","19,757,076","19,071,877","18,631,517","15,997,301","15,375,373","13,550,424","14,816,450","13,670,145","13,095,794","11,313,669","10,022,966","10,164,946","9,678,738","9,145,347",,,,
		SellingAndMarketingExpense,,,,,,,,,,,,,,,,,,,,,,,,,,,,,,,,,,,,,,,,"1,206,000",,,,,,,,,,,,,,,,,,,,,,,,,,,,,,,,,,,,,,,,,,,,,,,,,,,,,,,,,,,,,,,,,,,,,,,,,,
	DepreciationAmortizationDepletionIncomeStatement,,,,,,,,,,,,,,,,,,,,,,,,,,,,,,,,,,,,,,,,"21,825,000","20,933,000","20,372,000","19,891,000","19,115,000","18,351,000","18,474,000","18,077,000","16,955,000","17,965,000","17,965,000","17,920,000","18,204,000","17,620,000","17,701,000","18,087,000","17,663,000","17,118,000","16,953,000","16,874,000","16,596,000","16,287,000","15,931,000","15,346,000","15,449,000","14,993,000","14,600,000","14,180,000","13,328,000","12,786,000","12,309,000","11,820,000","10,463,000","9,573,000","8,898,000","8,270,000","7,744,000","7,266,000","6,786,000","6,215,000","5,793,000","5,523,284","5,354,837","4,195,400","4,527,199","4,826,744","4,867,169","5,117,280","5,058,454","4,802,468","4,152,982","3,817,040","3,280,782","3,643,186","3,438,604","3,394,457","3,244,731","3,010,396","2,796,854","2,737,604","2,430,082","2,267,287","2,125,596","1,892,537","2,061,244","1,904,014","1,663,110","1,476,807","1,409,086","1,324,005","1,206,493",,,,
		DepreciationAndAmortizationInIncomeStatement,,,,,,,,,,,,,,,,,,,,,,,,,,,,,,,,,,,,,,,,"21,825,000","20,933,000","20,372,000","19,891,000","19,115,000","18,351,000","18,474,000","18,077,000","16,955,000","17,965,000","17,965,000","17,920,000","18,204,000","17,620,000","17,701,000","18,087,000","17,663,000","17,118,000","16,953,000","16,874,000","16,596,000","16,287,000","15,931,000","15,346,000","15,449,000","14,993,000","14,600,000","14,180,000","13,328,000","12,786,000","12,309,000","11,820,000","10,463,000","9,573,000","8,898,000","8,270,000","7,744,000","7,266,000","6,786,000","6,215,000","5,793,000","5,523,284","5,354,837","4,195,400","4,527,199","4,826,744","4,867,169","5,117,280","5,058,454","4,802,468","4,152,982","3,817,040","3,280,782","3,643,186","3,438,604","3,394,457","3,244,731","3,010,396","2,796,854","2,737,604","2,430,082","2,267,287","2,125,596","1,892,537","2,061,244","1,904,014","1,663,110","1,476,807","1,409,086","1,324,005","1,206,493",,,,
			DepreciationIncomeStatement,,,,,,,,,,,,,,,,,,,,,,,,,,,,,,,,,,,,,,,,,,,,,,,,,,,,,,,,,,,"16,874,000","16,596,000","16,287,000","15,931,000","15,346,000","15,449,000","14,993,000","14,600,000","14,180,000","13,328,000","12,786,000","12,309,000","11,820,000","10,463,000","9,573,000","8,898,000","8,270,000","7,744,000","7,266,000","6,786,000","6,215,000","5,793,000","5,523,284","5,354,837","4,195,400","4,527,199","4,826,744","4,867,169","5,117,280","5,058,454","4,802,468","4,152,982","3,817,040","3,280,782","3,643,186","3,438,604","3,394,457","3,244,731","3,010,396","2,796,854","2,737,604","2,430,082","2,267,287","2,125,596","1,892,537","2,061,244","1,904,014","1,663,110","1,476,807","1,409,086","1,324,005","1,206,493",,,,
	OtherTaxes,"105,773,000","29,037,000","27,544,000","27,475,000","21,717,000","22,048,000","22,895,000","21,475,000","20,883,000","22,169,000","24,148,000","20,970,000","21,560,000","21,803,000","22,971,000","21,986,000","22,671,000","23,150,000","22,705,000","8,793,000","4,615,000","4,431,000","4,083,000","4,546,000","4,612,000","5,487,000","4,957,000","3,373,000","4,725,000","5,855,000","5,707,000","4,338,000","3,861,000","4,065,000","3,979,000","3,752,000","3,985,000","3,908,000","4,180,000",,,,,,,,,,,"3,051,000",,"3,765,000","3,433,000","3,561,000",,"3,799,000","3,852,000","3,652,000","-3,732,000","-3,748,000","-3,717,000","-3,557,000","-3,492,000","-3,423,000","-3,341,000","-3,251,000","-3,406,000","-3,112,000","-2,964,000","-2,929,000","-2,732,000","-2,476,000","-2,366,000","-2,224,000","-2,390,000","-2,342,000","-2,289,000","-2,126,000","-1,678,000","-1,921,000","-1,913,651","-1,870,600","-1,862,286","-1,798,328","-1,721,676","-1,655,549","-1,960,683","-1,963,488","-1,931,820","-1,658,606","-1,612,449","-1,460,753","-1,261,430","-1,311,448","-1,494,568","-1,386,575","-1,229,298","-1,125,960","-1,194,726","-1,041,106","-980,668","-897,645","-1,041,073","-719,019","-666,939","-591,968","-559,071","-540,545","-575,392","-479,731",,,,
	OtherOperatingExpenses,"46,814,000","11,509,000","11,858,000","12,116,000","11,331,000","14,593,000","26,008,000","29,686,000","20,778,000","23,016,000","45,006,000","17,890,000","34,108,000","12,636,000","17,487,000","13,688,000","13,692,000","16,759,000","19,908,000","11,972,000","4,799,000","7,654,000","9,006,000","5,540,000","4,489,000","3,275,000","4,222,000","5,307,000","10,133,000","3,101,000","3,325,000","2,201,000","387,000","1,628,000","3,902,000","3,771,000","3,941,000","4,065,000","3,117,000","2,577,000","2,864,000","2,319,000","2,084,000","3,118,000","3,320,000","2,992,000","14,223,000","3,596,000","3,567,000","3,158,000",,,,"3,354,000","19,669,000","4,115,000","3,350,000","2,755,000","101,166,000","92,312,000","80,686,000","70,060,000","97,977,000","75,641,000","122,759,000","62,650,000","68,628,000","64,574,000","98,970,000","49,000,000","50,157,000","45,476,000","42,962,000","37,232,000","35,432,000","35,375,000","34,502,000","33,078,000","31,855,000","30,490,000","28,937,147","25,536,173","27,107,572","28,258,213","27,262,624","16,069,625","33,667,239","24,087,344","22,000,580","19,401,422","64,873,746","1,242,629","1,183,441","1,052,581","53,058,587","1,052,576","904,193","840,699","43,923,028","705,438","705,196","653,359","33,086,216","623,261","570,883","527,003","779,826","388,996","403,958","307,399",,,,
OperatingIncome,"1,102,633,000","298,896,000","342,535,000","270,087,000","191,115,000","162,259,000","198,771,000","165,461,000","102,520,000","103,021,000","100,897,000","102,953,000","110,775,000","116,299,000","209,575,000","144,280,000","124,242,000","93,744,000","143,869,000","34,895,000","32,588,000","22,638,000","34,737,000","36,934,000","38,081,000","38,727,000","43,652,000","46,426,000","41,619,000","46,304,000","52,782,000","39,791,000","38,899,000","31,250,000","32,166,000","24,274,000","31,925,000","25,544,000","28,564,000","27,767,000","32,103,000","22,153,000","29,234,000","27,705,000","27,134,000","18,940,000","36,680,000","39,384,000","39,160,000","30,098,000","32,937,000","31,582,000","31,570,000","30,081,000","37,299,000","38,579,000","36,221,000","32,967,000","-81,883,000","-69,078,000","-56,175,000","-51,704,000","-46,098,000","-52,256,000","-44,288,000","-41,558,000","-37,176,000","-43,634,000","-35,663,000","-35,354,000","-33,108,000","-30,500,000","-30,726,000","-27,175,000","-22,474,000","-23,145,000","-23,514,000","-24,627,000","-21,242,000","-20,542,000","-19,828,467","-17,699,224","-12,241,699","-25,103,954","-19,121,365","3,695,288","-14,882,118","-14,305,690","-12,544,615","-10,657,111","-57,070,999","6,177,176","6,144,255","5,589,120","-45,195,360","6,301,773","5,480,162","4,827,012","-38,125,599","4,870,782","4,228,871","3,697,921","-28,756,871","2,813,693","2,433,913","2,256,259","2,370,385","2,460,219","2,121,105","1,884,314","-19,702,351","9,800,000","8,400,000","8,400,000"
NetNonOperatingInterestIncomeExpense,"-22,994,000","-6,219,000","-6,804,000","-6,934,000","-3,037,000","-3,192,000","-3,616,000","-2,906,000","-3,584,000","-5,275,000","-6,305,000","-6,783,000","-6,179,000","-6,332,000","-7,737,000","-6,639,000","-6,402,000","-6,192,000","-6,090,000","-1,442,000","76,000","-24,000","-105,000","-99,000","-176,000","-207,000","-201,000","-80,000","-107,000","-151,000","-259,000","-31,000","22,000","-3,000","-33,000","-2,000","19,000","-32,000","0","-19,000","-6,000","-16,000","0","81,000","462,000","345,000","128,000","487,000","504,000","434,000","455,000","424,000","349,000","306,000","460,000","332,000","190,000","254,000",,,,,,,,,,,,,,,,,,,,,,,,,,,,,,,,,,,,,,,,,,,,,,,,,,,,,,,,
	InterestIncomeNonOperating,"1,340,000","461,000","364,000","245,000","270,000","294,000","333,000","326,000","437,000","832,000","834,000","1,007,000","977,000","1,016,000","1,009,000","889,000","730,000","572,000","648,000","370,000","130,000","58,000","50,000","83,000","82,000","94,000","83,000","140,000","104,000","132,000","132,000","104,000","109,000","114,000","119,000","89,000","96,000","109,000","100,000","96,000","108,000","112,000","131,000","130,000","462,000","345,000","128,000","487,000","504,000","434,000","455,000","424,000","349,000","306,000","460,000","332,000","190,000","254,000",,,,,,,,,,,,,,,,,,,,,,,,,,,,,,,,,,,,,,,,,,,,,,,,,,,,,,,,
	InterestExpenseNonOperating,"24,334,000","6,680,000","7,168,000","7,179,000","3,307,000","3,486,000","3,949,000","3,232,000","4,021,000","6,107,000","7,139,000","7,790,000","7,156,000","7,348,000","8,746,000","7,528,000","7,132,000","6,764,000","6,738,000","1,812,000","54,000","82,000","155,000","182,000","258,000","301,000","284,000","220,000","211,000","283,000","391,000","135,000","87,000","117,000","152,000","91,000","77,000","141,000","100,000","115,000","114,000","128,000","131,000","49,000",,,,,,,,,,,,,,,,,,,,,,,,,,,,,,,,,,,,,,,,,,,,,,,,,,,,,,,,,,,,,,,,,,,,,,
OtherIncomeExpense,"-2,714,000","-15,215,000","-8,411,000","4,072,000","16,840,000","16,105,000","-2,302,000","7,484,000","8,146,000","-7,409,000","-1,742,000","3,335,000","919,000","6,139,000","680,000","3,327,000","1,005,000","2,155,000","580,000","-30,526,000","-3,577,000","722,000","337,000","1,389,000","1,927,000","1,286,000","1,808,000","2,335,000","2,436,000","2,464,000","3,524,000","2,399,000","2,591,000","866,000","1,820,000","971,000","-168,000","220,000","1,120,000","36,000","197,000","-2,122,000","272,000","-1,000",,"-2,984,000","272,000","-91,000","-154,000","817,000","0","386,000",,"-21,000","-12,000","-19,000",,,"0",,"480,000","188,000",,,,,"-1,973,000","1,015,000","691,000","629,000",,,,,,,,,,,,,"0","-5,679,000",,,"-287,499","-1",,,,,,,,,,,,,,,,,,,,,,,,,,
	SpecialIncomeCharges,"-1,109,000","-810,000","-299,000","0","0","0","-4,080,000","0","-353,000","-902,000","-1,304,000","0","-2,182,000",,"-2,798,000","0",,,"-98,000","-29,084,000","-4,178,000",,,,,,,,,,,,,,,,,,,"36,000","197,000","-2,122,000","272,000","-1,000","0","-2,984,000","272,000","-91,000","-154,000","817,000","0","386,000",,"-21,000","-12,000","-19,000",,,"0","0","480,000","188,000","-713,000","0","0","0","-1,973,000","1,015,000","691,000","629,000","0","0","0","0","-330,000","0","0","0","0","0","0","0","0","-5,679,000","0","0","-287,499","-1","0","0",,,,,,,,,,,,,,,,,,,,,,,,
		RestructuringAndMergernAcquisition,,,,,,,,,,,,,,,"0","0",,,"0","12,338,000","4,178,000",,,,,,,,,,,,,,,,,,,,,,,,,,,,,,,,,,,,,,,,,,,,,,,,,,,,,,,,,,,,,,,,,,,,,,,,,,,,,,,,,,,,,,,,,,,,,
		ImpairmentOfCapitalAssets,"1,109,000","810,000","299,000","0","0","0","4,080,000","0","353,000","902,000","1,304,000","0","2,182,000",,"2,798,000","0",,,"98,000","16,746,000",,,,,,,,,,,,,,,,,,,,,,,,,,,,,,,,,,,,,,,,,,,,,,,,,,,,,,,,,,,,,,,,,,,,,,,,,,,,,,,,,,,,,,,,,,,,,,
		OtherSpecialCharges,,,,,,,,,,,,,,,,,,,,,,,,,,,,,,,,,,,,,,,,,,"2,122,000",,,,"2,984,000",,,,,,,,,,,,,,,,,,,,,,,,,,,,,,,,,,,,,,,,,,,,,,,,,,,,,,,,,,,,,,,,,,,,
	OtherNonOperatingIncomeExpenses,"-1,605,000","-14,405,000","-8,112,000","4,072,000","16,840,000","16,105,000","1,778,000","7,484,000","8,499,000","-6,507,000","-438,000","3,335,000","3,101,000","6,139,000","3,478,000","3,327,000","1,005,000","2,155,000","678,000","-1,442,000","601,000","722,000","337,000","1,389,000","1,927,000","1,286,000","1,808,000","2,335,000","2,436,000","2,464,000","3,524,000","2,399,000","2,591,000","866,000","1,820,000","971,000","-168,000","220,000","1,120,000",,,,,,,,,,,,,,,,,,,,,,,,,,,,,,,,,,,,,,,,,,,,,,,,,,,,,,,,,,,,,,,,,,,,,,,,,,,
PretaxIncome,"1,076,925,000","277,462,000","327,320,000","267,225,000","204,918,000","175,172,000","192,853,000","170,039,000","107,082,000","90,337,000","92,850,000","99,505,000","105,515,000","116,106,000","202,518,000","140,968,000","118,845,000","89,707,000","138,359,000","2,927,000","29,087,000","23,336,000","34,969,000","38,224,000","39,832,000","39,806,000","45,259,000","48,681,000","43,948,000","48,617,000","56,047,000","42,159,000","41,512,000","32,113,000","33,953,000","25,243,000","31,776,000","25,732,000","29,684,000","27,784,000","32,294,000","20,015,000","29,506,000","27,785,000","27,596,000","16,301,000","23,856,000","27,580,000","26,346,000","19,831,000","21,482,000","21,544,000","21,135,000","19,734,000","27,417,000","26,552,000","21,138,000","18,981,000","22,703,000","23,959,000","30,139,000","27,624,000","32,331,000","30,910,000","30,221,000","26,382,000","30,748,000","25,751,000","24,957,000","21,257,000","24,326,000","20,908,000","19,015,000","15,511,000","16,298,000","15,763,000","14,950,000","11,787,000","14,141,000","12,537,000","11,304,244","9,363,351","11,484,316","4,885,566","8,600,093","7,096,558","7,510,854","7,445,817","7,275,750","6,372,765","6,841,162","6,480,845","6,453,144","5,838,746","6,031,272","5,993,358","5,713,177","4,984,335","4,887,042","4,625,726","4,397,750","3,552,005","3,691,437","3,295,920","3,084,901","2,737,799","2,946,385","2,731,396","2,409,662","2,318,252",,,,
TaxProvision,"254,732,000","69,174,000","72,716,000","61,059,000","51,783,000","45,329,000","50,472,000","47,835,000","26,815,000","24,554,000","25,275,000","24,524,000","26,076,000","27,923,000","50,573,000","34,624,000","27,217,000","18,975,000","-309,502,000","-1,272,000","10,828,000","8,230,000","11,390,000","14,558,000","14,861,000","16,783,000","15,668,000","17,946,000","15,759,000","18,675,000","22,747,000","16,786,000","15,496,000","12,780,000","13,580,000","10,090,000","12,712,000","10,298,000","11,620,000","11,114,000","12,924,000","9,356,000","11,800,000","11,115,000","11,120,000","6,445,000","9,643,000","10,965,000","10,538,000","7,487,000","8,338,000","8,436,000","8,568,000","7,990,000","11,278,000","10,539,000","8,446,000","7,564,000","8,886,000","9,450,000","11,962,000","11,005,000","12,169,000","12,060,000","12,100,000","10,550,000","12,200,000","10,300,000","10,000,000","8,500,000","9,750,000","8,350,000","7,600,000","6,200,000","6,330,000","6,300,000","6,000,000","4,710,000","5,900,000","5,100,000","4,600,000","3,810,000","4,650,000","2,000,000","3,540,000","2,860,000","2,850,000","2,830,000","2,680,000","2,500,000","2,715,000","2,560,000","2,560,000","2,315,000","2,486,000","2,475,000","2,360,000","2,055,000","2,021,000","1,910,000","1,820,000","1,460,000","1,516,000","1,350,000","1,284,000","1,150,000","1,300,000","1,200,000","1,068,000","1,032,000",,,,
NetIncomeCommonStockholders,"821,935,000","208,337,000","254,616,000","206,178,000","152,804,000","129,790,000","142,329,000","122,058,000","80,189,000","65,426,000","67,444,000","74,619,000","79,205,000","87,938,000","151,696,000","105,881,000","91,323,000","70,364,000","447,564,000","3,881,000","17,970,000","14,876,000","23,268,000","23,350,000","24,675,000","22,570,000","29,234,000","30,283,000","27,638,000","29,563,000","32,938,000","25,100,000","25,761,000","19,064,000","20,101,000","15,059,000","18,939,000","15,183,000","17,699,000","16,584,000","19,289,000","10,546,000","17,470,000","16,563,000","16,358,000","9,856,000","14,242,000","16,651,000","15,836,000","12,344,000","13,144,000","13,108,000","12,567,000","11,744,000","16,139,000","16,013,000","12,692,000","11,417,000","13,817,000","14,509,000","18,177,000","16,619,000","20,162,000","18,850,000","18,121,000","15,832,000","18,548,000","15,451,000","14,957,000","12,757,000","14,576,000","12,558,000","11,415,000","9,311,000","9,968,000","9,463,000","8,950,000","7,077,000","8,241,000","7,437,000","6,704,244","5,553,351","6,834,316","2,885,566","5,060,093","4,236,558","4,660,854","4,615,817","4,595,750","3,872,765","4,126,162","3,920,845","3,893,144","3,523,746","3,545,272","3,518,358","3,353,177","2,929,335","2,866,042","2,715,726","2,577,750","2,092,005","2,175,437","1,945,920","1,800,901","1,587,799","1,646,385","1,531,396","1,341,662","1,286,252","1,194,553","1,100,000","900,000","900,000"
	NetIncome,"821,935,000","208,337,000","254,616,000","206,178,000","152,804,000","129,790,000","142,329,000","122,058,000","80,189,000","65,426,000","67,444,000","74,619,000","79,205,000","87,938,000","151,696,000","105,881,000","91,323,000","70,364,000","447,564,000","3,881,000","17,970,000","14,876,000","23,268,000","23,350,000","24,675,000","22,570,000","29,234,000","30,283,000","27,638,000","29,563,000","32,938,000","25,100,000","25,761,000","19,064,000","20,101,000","15,059,000","18,939,000","15,183,000","17,699,000","16,584,000","19,289,000","10,546,000","17,470,000","16,563,000","16,358,000","9,856,000","14,242,000","16,651,000","15,836,000","12,344,000","13,144,000","13,108,000","12,567,000","11,744,000","16,139,000","16,013,000","12,692,000","11,417,000","13,817,000","14,509,000","18,177,000","16,619,000","20,162,000","18,850,000","18,121,000","15,832,000","18,548,000","15,451,000","14,957,000","12,757,000","14,576,000","12,558,000","11,415,000","9,311,000","9,968,000","9,463,000","8,950,000","7,077,000","8,241,000","7,437,000","6,704,244","5,553,351","6,834,316","2,885,566","5,060,093","4,236,558","4,660,854","4,615,817","4,595,750","3,872,765","4,126,162","3,920,845","3,893,144","3,523,746","3,545,272","3,518,358","3,353,177","2,929,335","2,866,042","2,715,726","2,577,750","2,092,005","2,175,437","1,945,920","1,800,901","1,587,799","1,646,385","1,531,396","1,341,662","1,286,252","1,194,553","1,100,000","900,000","900,000"
		NetIncomeIncludingNoncontrollingInterests,"822,193,000","208,288,000","254,604,000","206,166,000","153,135,000","129,843,000","142,381,000","122,204,000","80,267,000","65,783,000","67,575,000","74,981,000","79,439,000","88,183,000","151,945,000","106,344,000","91,628,000","70,732,000","447,861,000","4,199,000","18,259,000","15,106,000","23,579,000","23,666,000","24,971,000","23,023,000","29,591,000","30,735,000","28,189,000","29,942,000","33,300,000","25,373,000","26,016,000","19,333,000","20,373,000","15,153,000","19,064,000","15,434,000","18,064,000","16,670,000","19,370,000","10,659,000","17,706,000","16,670,000","16,476,000","9,856,000","14,213,000","16,615,000","15,808,000","12,344,000","13,144,000","13,108,000","12,567,000","11,744,000","16,139,000","16,013,000","12,692,000","11,417,000","13,817,000","14,509,000","18,177,000","16,619,000","20,162,000","18,850,000","18,121,000","15,832,000","18,548,000","15,451,000","14,957,000","12,757,000","14,576,000","12,558,000","11,415,000","9,311,000","9,968,000","9,463,000","8,950,000","7,077,000","8,241,000","7,437,000","6,704,244","5,553,351","6,834,316","2,885,566","5,060,093","4,236,558","4,660,854","4,615,817","4,595,750","3,872,765","4,126,162","3,920,845","3,893,144","3,523,746","3,545,272","3,518,358","3,353,177","2,929,335","2,866,042","2,715,726","2,577,750","2,092,005","2,175,437","1,945,920","1,800,901","1,587,799","1,646,385","1,531,396","1,341,662","1,286,252","1,194,553","1,100,000","900,000","900,000"
			NetIncomeContinuousOperations,"822,193,000","208,288,000","254,604,000","206,166,000","153,135,000","129,843,000","142,381,000","122,204,000","80,267,000","65,783,000","67,575,000","74,981,000","79,439,000","88,183,000","151,945,000","106,344,000","91,628,000","70,732,000","447,861,000","4,199,000","18,259,000","15,106,000","23,579,000","23,666,000","24,971,000","23,023,000","29,591,000","30,735,000","28,189,000","29,942,000","33,300,000","25,373,000","26,016,000","19,333,000","20,373,000","15,153,000","19,064,000","15,434,000","18,064,000","16,670,000","19,370,000","10,659,000","17,706,000","16,670,000","16,476,000","9,856,000","14,213,000","16,615,000","15,808,000","12,344,000","13,144,000","13,108,000","12,567,000","11,744,000","16,139,000","16,013,000","12,692,000","11,417,000","13,817,000","14,509,000","18,177,000","16,619,000","20,162,000","18,850,000","18,121,000","15,832,000","18,548,000","15,451,000","14,957,000","12,757,000","14,576,000","12,558,000","11,415,000","9,311,000","9,968,000","9,463,000","8,950,000","7,077,000","8,241,000","7,437,000","6,704,244","5,553,351","6,834,316","2,885,566","5,060,093","4,236,558","4,660,854","4,615,817","4,595,750","3,872,765","4,126,162","3,920,845","3,893,144","3,523,746","3,545,272","3,518,358","3,353,177","2,929,335","2,866,042","2,715,726","2,577,750","2,092,005","2,175,437","1,945,920","1,800,901","1,587,799","1,646,385","1,531,396","1,341,662","1,286,252","1,194,553","1,100,000","900,000","900,000"
		MinorityInterests,"-258,000","49,000","12,000","12,000","-331,000","-53,000","-52,000","-146,000","-78,000","-357,000","-131,000","-362,000","-234,000","-245,000","-249,000","-463,000","-305,000","-368,000","-297,000","-318,000","-289,000","-230,000","-311,000","-316,000","-296,000","-453,000","-357,000","-452,000","-551,000","-379,000","-362,000","-273,000","-255,000","-269,000","-272,000","-94,000","-125,000","-251,000","-365,000","-86,000","-81,000","-113,000","-236,000","-107,000","-118,000","0","29,000","36,000","28,000",,,,,,,,,,,,,,,,,,,,,,,,,,,,,,,,,,,,,,,,,,,,,,,,,,,,,,,,,,,,,,,,,
DilutedNIAvailtoComStockholders,"821,935,000","208,337,000","254,616,000","206,178,000","152,804,000","129,790,000","142,329,000","122,058,000","80,189,000","65,426,000","67,444,000","74,619,000","79,205,000","87,938,000","151,696,000","105,881,000","91,323,000","70,364,000","447,564,000","3,881,000","17,970,000","14,876,000","23,268,000","23,350,000","24,675,000","22,570,000","29,234,000","30,283,000","27,638,000","29,563,000","32,938,000","25,100,000","25,761,000","19,064,000","20,101,000","15,059,000","18,939,000","15,183,000","17,699,000","16,584,000","19,289,000","10,546,000","17,470,000","16,563,000","16,358,000","9,856,000","14,242,000","16,651,000","15,836,000","12,344,000","13,144,000","13,108,000","12,567,000","11,744,000","16,139,000","16,013,000","12,692,000","11,417,000","13,817,000","14,509,000","18,177,000","16,619,000","20,162,000","18,850,000","18,121,000","15,832,000","18,548,000","15,451,000","14,957,000","12,757,000","14,576,000","12,558,000","11,415,000","9,311,000","9,968,000","9,463,000","8,950,000","7,077,000","8,241,000","7,437,000","6,704,244","5,553,351","6,834,316","2,885,566","5,060,093","4,236,558","4,660,854","4,615,817","4,595,750","3,872,765","4,126,162","3,920,845","3,893,144","3,523,746","3,545,272","3,518,358","3,353,177","2,929,335","2,866,042","2,715,726","2,577,750","2,092,005","2,175,437","1,945,920","1,800,901","1,587,799","1,646,385","1,531,396","1,341,662","1,286,252","1,194,553","1,100,000","900,000","900,000"
BasicEPS,,"1.26","1.53","1.24","0.92","0.77","0.85","0.72","0.47","0.38","0.4","0.44","0.46","0.51","0.87","0.6","0.51","0.39","2.52","0.04","0.306","0.264","0.389","0.403","0.431","0.389","0.5","0.514","0.472","0.5","0.556","0.431","0.444","0.333","0.347","0.264","0.333","0.264","0.306","0.292","0.333","0.181","0.306","0.292","0.278","0.167",,"0.278","0.264","0.208",,"0.222","0.208","0.194",,"0.264","0.208","0.181",,"0.236","0.292","0.264",,"0.306","0.292","0.25",,"0.25","0.241","0.204",,"0.204","0.123","0.154",,"0.154","0.148","0.117",,"0.123","0.111","0.093",,"0.053","0.091","0.052",,"0.085","0.085","0.071",,"0.014","0.014","0.012",,"0.013","0.012","0.007",,"0.007","0.006","0.005",,"0.005","0.005","0.004",,"0.004","0.004","0.003",,"0.003","0.003","0.003"
DilutedEPS,,"1.25","1.52","1.23","0.92","0.77","0.84","0.71","0.47","0.38","0.39","0.44","0.46","0.51","0.86","0.6","0.51","0.39","2.5","0.04","0.306","0.25","0.375","0.403","0.431","0.389","0.5","0.514","0.458","0.5","0.556","0.431","0.431","0.319","0.347","0.264","0.333","0.264","0.306","0.292","0.333","0.181","0.306","0.292","0.278","0.167",,"0.278","0.264","0.208",,"0.222","0.208","0.194",,"0.264","0.208","0.181",,"0.236","0.292","0.264",,"0.306","0.292","0.25",,"0.25","0.241","0.204",,"0.204","0.123","0.148",,"0.154","0.142","0.117",,"0.123","0.111","0.093",,"0.049","0.091","0.049",,"0.071","0.085","0.071",,"0.014","0.014","0.012",,"0.012","0.012","0.007",,"0.007","0.006","0.005",,"0.005","0.005","0.004",,"0.004","0.004","0.003",,"0.003","0.003","0.003"
BasicAverageShares,,"165,377,000","165,971,000","165,966,000","165,577,000","167,478,000","168,086,000","170,205,000","169,948,000","170,617,000","170,645,000","170,504,000","172,078,000","172,971,000","174,646,000","176,849,000","178,451,000","178,160,000","177,920,000","102,846,000","57,974,400","57,823,200","57,691,440","57,628,800","57,675,600","58,109,040","58,275,360","58,411,440","58,963,680","59,058,000","58,590,720","58,345,200","58,222,080","57,960,720","57,694,320","57,634,560","57,566,880","57,485,520","57,417,120","57,402,720","57,373,920","57,262,320","57,152,160","57,524,400","59,605,200","60,314,400",,"60,184,800","60,119,280","60,014,880",,"59,901,840","59,809,680","60,001,200",,"61,655,760","61,576,560","62,161,200",,"62,264,880","62,135,280","62,044,560",,"61,844,400","61,797,600","61,741,440",,"61,414,200","61,360,200","61,286,760",,"60,914,160","91,270,800","60,761,340",,"60,568,560","60,481,080","60,251,040",,"60,016,140","59,900,183","59,767,526",,"55,187,790","55,147,197","82,412,943",,"54,481,971","53,431,366","53,323,342",,"185,577,400","278,083,155","276,501,947",,"275,259,927","275,159,978","412,346,154",,"418,613,292","417,575,440","417,248,342",,"409,718,588","381,746,973","378,999,576",,"253,090,837","251,844,017","258,396,515",,"355,173,409","355,160,592","355,160,592"
DilutedAverageShares,,"166,499,000","167,332,000","167,106,000","166,585,000","168,374,000","168,979,000","171,028,000","170,624,000","171,282,000","171,387,000","171,290,000","172,724,000","173,608,000","175,617,000","177,750,000","179,398,000","179,241,000","179,106,000","103,752,000","58,571,280","58,503,600","58,420,800","58,170,240","58,162,320","58,606,560","58,857,840","59,043,600","59,653,440","59,898,240","59,553,360","59,109,840","58,921,200","58,561,920","58,022,640","57,884,400","57,813,120","57,689,280","57,590,640","57,578,400","57,654,720","57,633,120","57,388,320","57,752,640","59,981,040","60,842,160",,"60,770,160","60,780,960","60,564,240",,"60,213,600","60,132,960","60,199,920",,"62,112,960","61,994,880","62,490,240",,"62,856,000","62,835,120","62,760,240",,"62,583,840","62,721,360","62,827,200",,"62,455,320","62,615,160","62,673,480",,"62,366,760","93,115,980","62,002,260",,"62,102,700","61,929,360","61,700,940",,"61,561,620","61,657,412","61,692,627",,"56,618,470","56,381,547","84,006,293",,"54,990,642","54,720,146","54,013,450",,"188,106,275","283,735,577","282,074,280",,"280,046,990","280,940,882","420,991,474",,"419,486,742","418,446,211","417,351,486",,"410,667,976","382,770,877","378,999,576",,"253,090,837","251,844,017","258,396,515",,"355,173,409","355,160,592","355,160,592"
TotalOperatingIncomeAsReported,"1,101,524,000","298,086,000","342,236,000","270,087,000","191,115,000","162,259,000","194,691,000","165,461,000","102,167,000","102,119,000","99,593,000","102,953,000","108,593,000","116,299,000","206,777,000","144,280,000","124,242,000","93,744,000","143,771,000","5,811,000","28,410,000","22,638,000","34,737,000","36,934,000","38,081,000","38,727,000","43,652,000","46,426,000","41,619,000","46,304,000","52,782,000","39,791,000","38,899,000","31,250,000","32,166,000","24,274,000","31,925,000","25,544,000","28,564,000","27,767,000","32,103,000","19,834,000","29,234,000","27,705,000","27,134,000","15,948,000","23,456,000","27,184,000","25,996,000","18,580,000","21,027,000","20,734,000","20,786,000","19,449,000","26,969,000","26,239,000","20,723,000","18,727,000","22,347,000","23,523,000","29,319,000","27,254,000","32,856,000","30,609,000","29,928,000","26,098,000","30,722,000","25,012,000","24,814,000","21,147,000","24,267,000","20,776,000","18,932,000","15,387,000","16,820,000","15,818,000","14,958,000","11,853,000","14,271,000","12,498,000","11,314,746","9,410,821","11,694,543","10,962,593","9,086,011","7,808,336","8,644,622","8,433,111","8,071,915","6,873,727",,,,,,,,,,,,,,,,,,,,,,,,
RentExpenseSupplemental,"51,698,000","13,401,000","12,896,000","12,002,000","13,399,000","16,864,000","19,193,000","19,700,000","22,372,000","25,375,000","25,592,000","28,726,000","32,875,000","35,545,000","37,022,000","39,806,000","47,703,000","52,875,000","56,285,000","15,388,000",,,,,,,,,,,,,,,,,,,,,,,,,,,,,,,"0","0","0","0","0","0","36,000","54,000",,,,,,"-106,000",,,,,,,,,,,,,,,,,,,,,,,,,,,,,,,,,,,,,,,,,,,,,,,,,,
TotalExpenses,"5,499,361,000","1,528,093,000","1,474,324,000","1,372,358,000","1,124,586,000","1,060,755,000","1,079,190,000","1,044,945,000","958,178,000","1,021,777,000","1,095,913,000","1,097,569,000","1,131,308,000","1,088,236,000","1,185,065,000","1,202,331,000","1,207,441,000","1,177,388,000","1,215,551,000","486,713,000","240,655,000","248,544,000","254,361,000","243,596,000","238,237,000","233,361,000","247,087,000","253,696,000","260,203,000","243,977,000","264,685,000","231,756,000","225,256,000","217,913,000","217,550,000","215,064,000","212,858,000","209,856,000","213,739,000","210,166,000","204,165,000","197,379,000","194,866,000","199,438,000","201,349,000","167,533,000","151,631,000","151,915,000","146,248,000","135,593,000","134,853,000","141,550,000","130,510,000","118,638,000","137,461,000","171,078,000","169,886,000","143,444,000","268,421,000","249,403,000","236,362,000","218,238,000","221,014,000","226,928,000","210,055,000","190,610,000","201,752,000","189,822,000","169,530,000","157,535,000","159,879,000","144,556,000","137,874,000","121,487,000","112,586,000","110,784,000","108,623,000","101,836,000","100,302,000","95,104,000","89,644,217","80,050,695","78,976,487","91,336,935","80,309,309","52,967,733","80,726,383","70,075,474","64,220,607","54,225,945","100,290,247","31,876,876","30,550,109","27,933,045","78,736,227","26,559,966","24,888,971","23,431,494","66,308,897","20,811,397","20,011,797","17,624,627","50,378,686","17,517,659","16,535,870","14,324,577","13,564,067","12,340,700","11,406,162","10,023,327",,,,
NetIncomeFromContinuingAndDiscontinuedOperation,"821,935,000","208,337,000","254,616,000","206,178,000","152,804,000","129,790,000","142,329,000","122,058,000","80,189,000","65,426,000","67,444,000","74,619,000","79,205,000","87,938,000","151,696,000","105,881,000","91,323,000","70,364,000","447,564,000","3,881,000","17,970,000","14,876,000","23,268,000","23,350,000","24,675,000","22,570,000","29,234,000","30,283,000","27,638,000","29,563,000","32,938,000","25,100,000","25,761,000","19,064,000","20,101,000","15,059,000","18,939,000","15,183,000","17,699,000","16,584,000","19,289,000","10,546,000","17,470,000","16,563,000","16,358,000","9,856,000","14,242,000","16,651,000","15,836,000","12,344,000","13,144,000","13,108,000","12,567,000","11,744,000","16,139,000","16,013,000","12,692,000","11,417,000","13,817,000","14,509,000","18,177,000","16,619,000","20,162,000","18,850,000","18,121,000","15,832,000","18,548,000","15,451,000","14,957,000","12,757,000","14,576,000","12,558,000","11,415,000","9,311,000","9,968,000","9,463,000","8,950,000","7,077,000","8,241,000","7,437,000","6,704,244","5,553,351","6,834,316","2,885,566","5,060,093","4,236,558","4,660,854","4,615,817","4,595,750","3,872,765","4,126,162","3,920,845","3,893,144","3,523,746","3,545,272","3,518,358","3,353,177","2,929,335","2,866,042","2,715,726","2,577,750","2,092,005","2,175,437","1,945,920","1,800,901","1,587,799","1,646,385","1,531,396","1,341,662","1,286,252","1,194,553","1,100,000","900,000","900,000"
NormalizedIncome,"822,781,681.094","208,945,310","254,616,000","206,178,000","152,804,000","129,790,000","145,341,213.862","122,058,000","80,453,750","66,082,656","68,393,033.926","74,619,000","80,848,046","87,938,000","153,795,280.607","105,881,000","91,323,000","70,364,000","447,622,800","21,331,400","20,577,072","14,876,000","23,268,000","23,350,000","24,675,000","22,570,000","29,234,000","30,283,000","27,638,000","29,563,000","32,938,000","25,100,000","25,761,000","19,064,000","20,101,000","15,059,000","18,939,000","15,183,000","17,699,000","16,562,400","19,170,800","11,925,300","17,306,777.876","16,563,600","16,358,000","11,660,202.442","14,078,800","16,705,821.066","15,928,402.338","11,835,450.356","13,144,000","12,873,146.305","12,567,000","11,756,600","16,146,800","16,024,458.534","12,692,000","11,417,000","13,817,000","14,509,000","17,887,509.307","16,505,896.467","20,606,635.365","18,850,000","18,121,000","15,832,000","19,738,165.344","14,841,984.234","14,542,400","12,379,517.147","14,576,000","12,558,000","11,415,000","9,311,000","10,169,830.899","9,463,000","8,950,000","7,077,000","8,241,000","7,437,000","6,704,244","5,553,351","6,834,316","6,292,966","5,060,093","4,236,558","4,839,261.258","4,615,817.62","4,595,750","3,872,765","4,126,162","3,920,845","3,893,144","3,523,746","3,545,272","3,518,358","3,353,177","2,929,335","2,866,042","2,715,726","2,577,750","2,092,005","2,175,437","1,945,920","1,800,901","1,587,799","1,646,385","1,531,396","1,341,662","1,286,252","1,194,553","1,100,000","900,000","900,000"
InterestIncome,"1,340,000","461,000","364,000","245,000","270,000","294,000","333,000","326,000","437,000","832,000","834,000","1,007,000","977,000","1,016,000","1,009,000","889,000","730,000","572,000","648,000","370,000","130,000","58,000","50,000","83,000","82,000","94,000","83,000","140,000","104,000","132,000","132,000","104,000","109,000","114,000","119,000","89,000","96,000","109,000","100,000","96,000","108,000","112,000","131,000","130,000","462,000","345,000","128,000","487,000","504,000","434,000","455,000","424,000","349,000","306,000","460,000","332,000","190,000","254,000",,,,,,,,,,,,,,,,,,,,,,,,,,,,,,,,,,,,,,,,,,,,,,,,,,,,,,,,
InterestExpense,"24,334,000","6,680,000","7,168,000","7,179,000","3,307,000","3,486,000","3,949,000","3,232,000","4,021,000","6,107,000","7,139,000","7,790,000","7,156,000","7,348,000","8,746,000","7,528,000","7,132,000","6,764,000","6,738,000","1,812,000","54,000","82,000","155,000","182,000","258,000","301,000","284,000","220,000","211,000","283,000","391,000","135,000","87,000","117,000","152,000","91,000","77,000","141,000","100,000","115,000","114,000","128,000","131,000","49,000",,,,,,,,,,,,,,,,,,,,,,,,,,,,,,,,,,,,,,,,,,,,,,,,,,,,,,,,,,,,,,,,,,,,,,
NetInterestIncome,"-22,994,000","-6,219,000","-6,804,000","-6,934,000","-3,037,000","-3,192,000","-3,616,000","-2,906,000","-3,584,000","-5,275,000","-6,305,000","-6,783,000","-6,179,000","-6,332,000","-7,737,000","-6,639,000","-6,402,000","-6,192,000","-6,090,000","-1,442,000","76,000","-24,000","-105,000","-99,000","-176,000","-207,000","-201,000","-80,000","-107,000","-151,000","-259,000","-31,000","22,000","-3,000","-33,000","-2,000","19,000","-32,000","0","-19,000","-6,000","-16,000","0","81,000","462,000","345,000","128,000","487,000","504,000","434,000","455,000","424,000","349,000","306,000","460,000","332,000","190,000","254,000",,,,,,,,,,,,,,,,,,,,,,,,,,,,,,,,,,,,,,,,,,,,,,,,,,,,,,,,
EBIT,"1,101,259,000","284,142,000","334,488,000","274,404,000","208,225,000","178,658,000","196,802,000","173,271,000","111,103,000","96,444,000","99,989,000","107,295,000","112,671,000","123,454,000","211,264,000","148,496,000","125,977,000","96,471,000","145,097,000","4,739,000","29,141,000","23,418,000","35,124,000","38,406,000","40,090,000","40,107,000","45,543,000","48,901,000","44,159,000","48,900,000","56,438,000","42,294,000","41,599,000","32,230,000","34,105,000","25,334,000","31,853,000","25,873,000","29,784,000","27,899,000","32,408,000","20,143,000","29,637,000","27,834,000","27,134,000","18,940,000","36,680,000","39,384,000","39,160,000","30,098,000","32,937,000","31,582,000","31,570,000","30,081,000","-13,677,000","38,579,000","36,221,000","32,967,000","-81,883,000","-69,078,000","-56,175,000","-51,704,000","-46,098,000","-52,256,000","-44,288,000","-41,558,000","-37,176,000","-43,634,000","-35,663,000","-35,354,000","-33,108,000","-30,500,000","-30,726,000","-27,175,000","-22,474,000","-23,145,000","-23,514,000","-24,627,000","-21,242,000","-20,542,000","-19,828,467","-17,699,224","-12,241,699","-25,103,954","-19,121,365","3,695,288","-14,882,118","-14,305,690","-12,544,615","-10,657,111","-57,070,999","6,177,176","6,144,255","5,589,120","-45,195,360","6,301,773","5,480,162","4,827,012","-38,125,599","4,870,782","4,228,871","3,697,921","-28,756,871","2,813,693","2,433,913","2,256,259","2,370,385","2,460,219","2,121,105","1,884,314","-19,702,351","9,800,000","8,400,000","8,400,000"
EBITDA,"1,708,700,000"
ReconciledCostOfRevenue,"5,005,528,000","1,383,485,000","1,341,518,000","1,252,398,000","1,028,127,000","963,434,000","977,464,000","943,529,000","866,313,000","917,438,000","973,583,000","1,007,004,000","1,021,884,000","998,578,000","1,089,092,000","1,108,915,000","1,112,502,000","1,073,039,000","1,109,155,000","442,910,000","221,929,000","226,702,000","232,203,000","223,283,000","219,836,000","214,571,000","228,323,000","236,018,000","236,273,000","224,948,000","245,656,000","216,523,000","212,368,000","203,519,000","200,560,000","199,107,000","196,437,000","193,556,000","402,351,000","126,383,000","120,008,000","107,011,000","114,987,000","120,400,000","122,426,000","90,577,000","74,038,000","73,676,000","67,964,000","62,310,000","61,573,000","62,905,000","54,201,000","44,246,000","57,025,000","89,466,000","90,198,000","68,659,000","93,702,000","84,816,000","79,373,000","70,952,000","71,879,000","75,831,000","68,108,000","61,902,000","61,743,000","63,267,000","53,845,000","49,507,000","51,034,000","45,899,000","43,944,000","37,673,000","34,973,000","34,827,000","34,198,000","32,653,000","32,006,000","29,843,119","28,126,531","24,452,509","20,820,120","33,203,551","26,013,324","11,238,636","21,909,899","21,449,585","19,376,736","16,807,524","17,991,703","22,148,487","21,870,660","19,779,647","12,808,685","19,301,509","17,893,467","16,575,723","11,150,802","15,291,856","14,510,901","12,975,925","8,672,766","12,494,601","11,591,983","10,086,837","9,568,395","8,562,995","7,792,119","6,547,018",,,,
ReconciledDepreciation,"607,441,000","161,210,000","156,352,000","154,289,000","135,590,000","131,664,000","131,763,000","127,137,000","126,075,000","121,695,000","120,055,000","117,643,000","113,630,000","111,630,000","110,879,000","108,403,000","106,435,000","104,372,000","101,921,000","46,131,000","29,371,000","29,682,000","29,674,000","29,129,000","28,955,000","28,402,000","28,295,000","28,204,000","27,364,000","27,160,000","26,471,000","22,684,000","21,950,000","21,788,000","21,551,000","21,981,000","21,090,000","21,507,000","21,926,000","21,825,000","20,933,000","20,372,000","19,891,000","19,116,000","18,351,000","18,474,000","18,077,000","16,954,000","17,966,000","17,965,000","17,920,000","18,203,000","17,620,000","17,701,000","18,087,000","17,663,000","17,118,000","16,953,000","16,874,000","16,596,000","16,287,000","15,931,000","15,346,000","15,448,000","14,993,000","14,600,000","14,180,000","13,327,000","12,787,000","12,309,000","11,820,000","10,464,000","9,573,000","8,898,000","8,270,000","7,744,000","7,266,000","6,786,000","6,215,000","5,793,881","5,523,282","5,354,837","4,195,400","4,527,200","4,826,744","4,867,169","5,117,280","5,058,454","4,802,467","4,152,982","24,542,186","-3,280,783","-3,643,186","-3,438,604","21,498,419","-3,244,731","-3,010,396","-2,796,854","16,383,534","-2,430,082","-2,267,287","-2,125,596","13,149,273","-2,061,244","-1,904,014","-1,663,110","-1,476,807","-1,409,085","-1,324,005","-1,206,493",,,,
NetIncomeFromContinuingOperationNetMinorityInterest,"821,935,000","208,337,000","254,616,000","206,178,000","152,804,000","129,790,000","142,329,000","122,058,000","80,189,000","65,426,000","67,444,000","74,619,000","79,205,000","87,938,000","151,696,000","105,881,000","91,323,000","70,364,000","447,564,000","3,881,000","17,970,000","14,876,000","23,268,000","23,350,000","24,675,000","22,570,000","29,234,000","30,283,000","27,638,000","29,563,000","32,938,000","25,100,000","25,761,000","19,064,000","20,101,000","15,059,000","18,939,000","15,183,000","17,699,000","16,584,000","19,289,000","10,546,000","17,470,000","16,563,000","16,358,000","9,856,000","14,242,000","16,651,000","15,836,000","12,344,000","13,144,000","13,108,000","12,567,000","11,744,000","16,139,000","16,013,000","12,692,000","11,417,000","13,817,000","14,509,000","18,177,000","16,619,000","20,162,000","18,850,000","18,121,000","15,832,000","18,548,000","15,451,000","14,957,000","12,757,000","14,576,000","12,558,000","11,415,000","9,311,000","9,968,000","9,463,000","8,950,000","7,077,000","8,241,000","7,437,000","6,704,244","5,553,351","6,834,316","2,885,566","5,060,093","4,236,558","4,660,854","4,615,817","4,595,750","3,872,765","4,126,162","3,920,845","3,893,144","3,523,746","3,545,272","3,518,358","3,353,177","2,929,335","2,866,042","2,715,726","2,577,750","2,092,005","2,175,437","1,945,920","1,800,901","1,587,799","1,646,385","1,531,396","1,341,662","1,286,252","1,194,553","1,100,000","900,000","900,000"
TotalUnusualItemsExcludingGoodwill,"-1,109,000","-810,000","-299,000","0","0","0","-4,080,000","0","-353,000","-902,000","-1,304,000","0","-2,182,000",,"-2,798,000","0",,,"-98,000","-29,084,000","-4,178,000",,,,,,,,,,,,,,,,,,,"36,000","197,000","-2,122,000","272,000","-1,000","0","-2,984,000","272,000","-91,000","-154,000","817,000","0","386,000",,"-21,000","-12,000","-19,000",,,"0","0","480,000","188,000","-713,000","0","0","0","-1,973,000","1,015,000","691,000","629,000","0","0","0","0","-330,000","0","0","0","0","0","0","0","0","-5,679,000","0","0","-287,499","-1","0","0",,,,,,,,,,,,,,,,,,,,,,,,
TotalUnusualItems,"-1,109,000","-810,000","-299,000","0","0","0","-4,080,000","0","-353,000","-902,000","-1,304,000","0","-2,182,000",,"-2,798,000","0",,,"-98,000","-29,084,000","-4,178,000",,,,,,,,,,,,,,,,,,,"36,000","197,000","-2,122,000","272,000","-1,000","0","-2,984,000","272,000","-91,000","-154,000","817,000","0","386,000",,"-21,000","-12,000","-19,000",,,"0","0","480,000","188,000","-713,000","0","0","0","-1,973,000","1,015,000","691,000","629,000","0","0","0","0","-330,000","0","0","0","0","0","0","0","0","-5,679,000","0","0","-287,499","-1","0","0",,,,,,,,,,,,,,,,,,,,,,,,
NormalizedEBITDA,"1,709,809,000","446,162,000","490,840,000","428,693,000","343,815,000","310,322,000","332,645,000","300,408,000","237,531,000","219,041,000","221,348,000","224,938,000","228,483,000","235,084,000","324,941,000","256,899,000","232,412,000","200,843,000","247,116,000","79,954,000","62,690,000","53,100,000","64,798,000","67,535,000","69,045,000","68,509,000","73,838,000","77,105,000","71,523,000","76,060,000","82,909,000","64,978,000","63,549,000","54,018,000","55,656,000","47,315,000","52,943,000","47,380,000","51,710,000","49,688,000","53,144,000","42,637,000","49,256,000","46,951,000","45,485,000","40,398,000","54,485,000","56,430,000","57,280,000","47,246,000","50,857,000","49,400,000","49,190,000","47,803,000","4,422,000","56,261,000","53,339,000","49,920,000","-65,009,000","-52,482,000","-40,368,000","-35,961,000","-30,039,000","-36,807,000","-29,295,000","-26,958,000","-21,023,000","-31,321,000","-23,567,000","-23,674,000","-21,288,000","-20,036,000","-21,153,000","-18,277,000","-13,874,000","-15,401,000","-16,248,000","-17,841,000","-15,027,000","-14,748,119","-14,305,183","-12,344,387","-8,046,299","-14,897,754","-14,294,621","8,562,457","-9,477,339","-9,247,235","-7,742,147","-6,504,129","-32,528,813","9,457,958","9,787,441","9,027,724","-23,696,941","9,546,504","8,490,558","7,623,866","-21,742,065","7,300,864","6,496,158","5,823,517","-15,607,598","4,874,937","4,337,927","3,919,369","3,847,192","3,869,305","3,445,110","3,090,807","-19,702,351","9,800,000","8,400,000","8,400,000"
TaxRateForCalcs,"0.237","0.249","0.222","0.228","0.253","0.259","0.262","0.281","0.25","0.272","0.272","0.246","0.247","0.24","0.25","0.246","0.229","0.212","0.4","0.4","0.376","0.356","0.326","0.384","0.376","0.4","0.346","0.372","0.363","0.387","0.35","0.398","0.376","0.398","0.4","0.4","0.4","0.4","0.391","0.4","0.4","0.35","0.4","0.4","0.4","0.395","0.4","0.398","0.4","0.378","0.388","0.392","0.35","0.4","0.35","0.397","0.4","0.399","0.391","0.394","0.397","0.398","0.376","0.39","0.4","0.4","0.397","0.4","0.4","0.4","0.4","0.399","0.4","0.4","0.388","0.4","0.4","0.4","0.4","0.4","0.4","0.4","0.4","0.4","0.4","0.4","0.379","0.38","0.368","0.392","0.397","0.395","0.397","0.396","0.4","0.4","0.4","0.4","0.4","0.4","0.4","0.4","0.4","0.4","0.4","0.4","0.4","0.4","0.4","0.4","0.4","0.4","0.4","0.4"
TaxEffectOfUnusualItems,"-262,318.906","-201,690","0","0","0","0","-1,067,786.138","0","-88,250","-245,344","-354,966.074","0","-538,954","0","-698,719.393","0","0","0","-39,200","-11,633,600","-1,570,928","0","0","0","0","0","0","0","0","0","0","0","0","0","0","0","0","0","0","14,400","78,800","-742,700","108,777.876","-400","0","-1,179,797.558","108,800","-36,178.934","-61,597.662","308,450.356","0","151,146.305","0","-8,400","-4,200","-7,541.466","0","0","0","0","190,509.307","74,896.467","-268,364.635","0","0","0","-782,834.656","405,984.234","276,400","251,517.147","0","0","0","0","-128,169.101","0","0","0","0","0","0","0","0","-2,271,600","0","0","-109,091.742","-0.38","0","0","0","0","0","0","0","0","0","0","0","0","0","0","0","0","0","0","0","0","0","0","0","0","0","0"