name,ttm,03/31/2022,12/31/2021,09/30/2021,06/30/2021,03/31/2021,12/31/2020,09/30/2020,06/30/2020,03/31/2020,12/31/2019,09/30/2019,06/30/2019,03/31/2019,12/31/2018,09/30/2018,06/30/2018,03/31/2018,12/31/2017,09/30/2017,06/30/2017,03/31/2017,12/31/2016,09/30/2016,06/30/2016,03/31/2016,12/31/2015,09/30/2015,06/30/2015,03/31/2015,12/31/2014,09/30/2014,06/30/2014,03/31/2014,06/30/2013,03/31/2013,12/31/2012,09/30/2012,06/30/2012,03/31/2012,12/31/2011,09/30/2011,06/30/2011,03/31/2011,12/31/2010,09/30/2010,06/30/2010,03/31/2010,12/31/2009,09/30/2009,06/30/2009,03/31/2009,12/31/2008,09/30/2008,06/30/2008,03/31/2008,12/31/2007,09/30/2007,06/30/2007,03/31/2007,12/31/2006,09/30/2006,06/30/2006,03/31/2006,12/31/2005,09/30/2005,06/30/2005,03/31/2005,12/31/2004,09/30/2004,06/30/2004,03/31/2004,12/31/2003,09/30/2003,06/30/2003,03/31/2003,12/31/2002,09/30/2002,06/30/2002,03/31/2002,12/31/2001,09/30/2001,06/30/2001,03/31/2001,12/31/2000,09/30/2000,06/30/2000,03/31/2000,12/31/1999,09/30/1999,06/30/1999,03/31/1999,12/31/1998,09/30/1998,06/30/1998,03/31/1998,12/31/1997,09/30/1997,06/30/1997,03/31/1997,12/31/1996,09/30/1996,06/30/1996,03/31/1996,12/31/1995,09/30/1995,06/30/1995,03/31/1995,12/31/1994,09/30/1994,06/30/1994,03/31/1994,12/31/1993,09/30/1993,06/30/1993,03/31/1993,12/31/1992,09/30/1992,06/30/1992,03/31/1992,12/31/1991,09/30/1991,06/30/1991,03/31/1991,12/31/1990,09/30/1990,06/30/1990,03/31/1990,12/31/1989,09/30/1989,06/30/1989,03/31/1989,12/31/1988,09/30/1988,06/30/1988,03/31/1988,12/31/1987,09/30/1987,06/30/1987,03/31/1987,12/31/1986,09/30/1986,06/30/1986,03/31/1986,12/31/1985,09/30/1985
TotalRevenue,"1,175,000,000","290,000,000","307,000,000","287,000,000","291,000,000","265,000,000","297,000,000","252,000,000","213,000,000","267,000,000","329,000,000","315,000,000","307,000,000","291,000,000","230,000,000","366,000,000","372,000,000","357,000,000","414,000,000","379,000,000","381,000,000","357,000,000","404,000,000","380,000,000","397,000,000","362,000,000","467,000,000","446,000,000","458,000,000","427,000,000","529,000,000","564,000,000","525,000,000","482,000,000","583,000,000","849,000,000","1,120,000,000","1,018,000,000","1,077,000,000","965,000,000","1,753,000,000","1,462,000,000","1,485,000,000","1,322,000,000","1,927,000,000","1,758,000,000","1,569,000,000","1,933,000,000","2,582,000,000","1,781,000,000","1,766,000,000","1,477,000,000","2,433,000,000","2,405,000,000","2,485,000,000","2,093,000,000","3,091,000,000","2,581,000,000","2,510,000,000","2,119,000,000","3,821,000,000","3,204,000,000","3,360,000,000","2,889,000,000","4,197,000,000","3,553,000,000","3,868,000,000","2,832,000,000","3,765,000,000","3,364,000,000","3,469,000,000","2,919,000,000","3,778,000,000","3,447,000,000","3,352,000,000","2,740,000,000","3,435,000,000","3,354,000,000","3,339,000,000","2,707,000,000","3,359,000,000","3,308,000,000","3,592,000,000","2,975,000,000","3,560,000,000","3,590,000,000","3,749,000,000","3,095,000,000","3,799,000,000","3,580,000,000","3,610,000,000","3,100,000,000","3,563,000,000","3,391,000,000","3,541,000,000","2,911,000,000","3,779,000,000","3,773,000,000","3,853,000,000","3,133,000,000","4,314,000,000","4,149,000,000","4,117,000,000","3,388,000,000","4,092,000,000","3,813,000,000","3,938,000,000","3,137,000,000","3,848,000,000","3,529,000,000","3,425,000,000","3,592,000,000","4,480,000,000","4,077,000,000","4,265,000,000","4,442,000,000","5,404,000,000","5,179,000,000","5,190,000,000","4,410,000,000","5,082,000,000","4,926,000,000","4,989,000,000","4,422,000,000","5,151,000,000","4,774,000,000","4,872,000,000","4,111,000,000","4,886,000,000","5,112,000,000","4,500,000,000","3,900,000,000","4,543,000,000","5,029,000,000","4,134,000,000","3,328,300,000","3,529,000,000","3,914,000,000","3,207,000,000","2,655,000,000","3,025,500,000","3,484,500,000","2,694,600,000","2,345,400,000","2,816,500,000","3,231,700,000"
	OperatingRevenue,"1,175,000,000","290,000,000","307,000,000","287,000,000","291,000,000","265,000,000","297,000,000","252,000,000","213,000,000","267,000,000","329,000,000","315,000,000","307,000,000","291,000,000","230,000,000","366,000,000","372,000,000","357,000,000","414,000,000","379,000,000","381,000,000","357,000,000","404,000,000","380,000,000","397,000,000","362,000,000","467,000,000","446,000,000","458,000,000","427,000,000","529,000,000","564,000,000","525,000,000","482,000,000","583,000,000","849,000,000","1,120,000,000","1,018,000,000","1,077,000,000","965,000,000","1,753,000,000","1,462,000,000","1,485,000,000","1,322,000,000","1,927,000,000","1,758,000,000","1,569,000,000","1,933,000,000","2,582,000,000","1,781,000,000","1,766,000,000","1,477,000,000","2,433,000,000","2,405,000,000","2,485,000,000","2,093,000,000","3,091,000,000","2,581,000,000","2,510,000,000","2,119,000,000","3,821,000,000","3,204,000,000","3,360,000,000","2,889,000,000","4,197,000,000","3,553,000,000","3,686,000,000","2,832,000,000","3,765,000,000","3,364,000,000","3,469,000,000","2,919,000,000","3,778,000,000","3,447,000,000","3,352,000,000","2,740,000,000","3,435,000,000","3,354,000,000","3,339,000,000","2,707,000,000","3,359,000,000","3,308,000,000","3,592,000,000","2,975,000,000","3,560,000,000","3,590,000,000","3,749,000,000","3,095,000,000","3,799,000,000","3,580,000,000","3,610,000,000","3,100,000,000","3,563,000,000","3,391,000,000","3,541,000,000","2,911,000,000","3,779,000,000","3,773,000,000","3,853,000,000","3,133,000,000","4,314,000,000","4,149,000,000","4,117,000,000","3,388,000,000","4,092,000,000","3,813,000,000","3,938,000,000","3,137,000,000","3,848,000,000","3,529,000,000","3,425,000,000","3,592,000,000","4,480,000,000","4,077,000,000","4,265,000,000","4,442,000,000","5,404,000,000","5,179,000,000","5,190,000,000","4,410,000,000","5,082,000,000","4,926,000,000","4,989,000,000","4,422,000,000","5,151,000,000","4,774,000,000","4,872,000,000","4,111,000,000","4,886,000,000","5,112,000,000","4,500,000,000","3,900,000,000","4,543,000,000","5,029,000,000","4,134,000,000","3,328,300,000","3,529,000,000","3,914,000,000","3,207,000,000","2,655,000,000","3,025,500,000","3,484,500,000","2,694,600,000","2,345,400,000","2,816,500,000","3,231,700,000"
CostOfRevenue,"1,018,000,000","257,000,000","274,000,000","244,000,000","243,000,000","225,000,000","250,000,000","221,000,000","192,000,000","231,000,000","282,000,000","262,000,000","265,000,000","251,000,000","228,000,000","301,000,000","312,000,000","303,000,000","320,000,000","292,000,000","290,000,000","274,000,000","299,000,000","288,000,000","297,000,000","276,000,000","348,000,000","347,000,000","372,000,000","350,000,000","420,000,000","408,000,000","423,000,000","396,000,000","450,000,000","664,000,000","933,000,000","858,000,000","902,000,000","927,000,000","1,409,000,000","1,255,000,000","1,274,000,000","1,197,000,000","1,550,000,000","1,282,000,000","1,266,000,000","1,138,000,000","1,695,000,000","1,420,000,000","1,440,000,000","1,283,000,000","1,935,000,000","1,744,000,000","1,900,000,000","1,669,000,000","2,332,000,000","1,899,000,000","1,864,000,000","1,690,000,000","2,814,000,000","2,330,000,000","2,551,000,000","2,211,000,000","3,262,000,000","2,620,000,000","2,622,000,000","2,127,000,000","2,798,000,000","2,289,000,000","2,354,000,000","2,107,000,000","2,561,000,000","2,320,000,000","2,236,000,000","1,916,000,000","2,224,000,000","2,066,000,000","2,086,000,000","1,849,000,000","2,332,000,000","2,176,000,000","2,254,000,000","1,908,000,000","2,233,000,000","1,987,000,000","2,043,000,000","1,756,000,000","1,897,000,000","1,859,000,000","1,673,000,000","1,640,000,000","1,866,000,000","1,566,000,000","1,617,000,000","1,391,000,000","2,048,000,000","1,835,000,000","1,818,000,000","1,450,000,000","2,056,000,000","1,933,000,000","1,871,000,000","1,563,000,000","2,057,000,000","1,775,000,000","1,820,000,000","1,394,000,000","1,836,000,000","1,735,000,000","1,652,000,000","1,540,000,000","2,059,000,000","1,709,000,000","1,784,000,000","1,995,000,000","2,423,000,000","2,243,000,000","2,268,000,000","1,919,000,000","1,225,000,000","2,490,000,000","2,526,000,000","2,267,000,000","2,669,000,000","2,376,000,000","2,454,000,000","2,158,000,000","2,671,000,000","2,668,000,000","2,355,000,000",,,,,,,,,,,,,,,
GrossProfit,"157,000,000","33,000,000","33,000,000","43,000,000","48,000,000","40,000,000","47,000,000","31,000,000","21,000,000","36,000,000","47,000,000","53,000,000","42,000,000","40,000,000","2,000,000","65,000,000","60,000,000","54,000,000","94,000,000","87,000,000","91,000,000","83,000,000","105,000,000","92,000,000","100,000,000","86,000,000","119,000,000","99,000,000","86,000,000","77,000,000","109,000,000","156,000,000","102,000,000","86,000,000","133,000,000","185,000,000","187,000,000","160,000,000","175,000,000","38,000,000","344,000,000","207,000,000","211,000,000","125,000,000","377,000,000","476,000,000","303,000,000","795,000,000","887,000,000","361,000,000","326,000,000","194,000,000","498,000,000","661,000,000","585,000,000","424,000,000","759,000,000","682,000,000","646,000,000","429,000,000","1,007,000,000","874,000,000","809,000,000","678,000,000","935,000,000","933,000,000","1,246,000,000","705,000,000","967,000,000","1,075,000,000","1,115,000,000","812,000,000","1,217,000,000","1,127,000,000","1,116,000,000","824,000,000","1,211,000,000","1,288,000,000","1,253,000,000","858,000,000","1,027,000,000","1,132,000,000","1,338,000,000","1,067,000,000","1,327,000,000","1,603,000,000","1,706,000,000","1,339,000,000","1,902,000,000","1,721,000,000","1,937,000,000","1,460,000,000","1,697,000,000","1,825,000,000","1,924,000,000","1,520,000,000","1,731,000,000","1,938,000,000","2,035,000,000","1,683,000,000","2,258,000,000","2,216,000,000","2,246,000,000","1,825,000,000","2,035,000,000","2,038,000,000","2,118,000,000","1,743,000,000","2,012,000,000","1,794,000,000","1,773,000,000","2,052,000,000","2,421,000,000","2,368,000,000","2,481,000,000","2,447,000,000","2,981,000,000","2,936,000,000","2,922,000,000","2,491,000,000","3,857,000,000","2,436,000,000","2,463,000,000","2,155,000,000","2,482,000,000","2,398,000,000","2,418,000,000","1,953,000,000","2,215,000,000","2,444,000,000","2,145,000,000",,,,,,,,,,,,,,,
OperatingExpense,"209,000,000","52,000,000","55,000,000","51,000,000","50,000,000","53,000,000","41,000,000","63,000,000","40,000,000","55,000,000","57,000,000","57,000,000","64,000,000","70,000,000","60,000,000","67,000,000","76,000,000","79,000,000","61,000,000","61,000,000","68,000,000","66,000,000","50,000,000","54,000,000","60,000,000","49,000,000","61,000,000","72,000,000","77,000,000","80,000,000","93,000,000","89,000,000","111,000,000","114,000,000","139,000,000","193,000,000","263,000,000","240,000,000","251,000,000","292,000,000","395,000,000","364,000,000","356,000,000","319,000,000","1,038,000,000","394,000,000","392,000,000","389,000,000","332,000,000","409,000,000","408,000,000","421,000,000","504,000,000","463,000,000","577,000,000","525,000,000","642,000,000","556,000,000","569,000,000","532,000,000","765,000,000","735,000,000","807,000,000","792,000,000","938,000,000","890,000,000","930,000,000","783,000,000","935,000,000","852,000,000","825,000,000","749,000,000","941,000,000","833,000,000","895,000,000","760,000,000","893,000,000","820,000,000","851,000,000","728,000,000","1,008,000,000","895,000,000","852,000,000","805,000,000","975,000,000","943,000,000","960,000,000","883,000,000","1,283,000,000","1,344,000,000","1,221,000,000","1,182,000,000","1,398,000,000","1,199,000,000","1,269,000,000","1,170,000,000","1,497,000,000","1,504,000,000","1,484,000,000","1,299,000,000","1,713,000,000","1,590,000,000","1,613,000,000","1,425,000,000","1,642,000,000","1,493,000,000","1,541,000,000","1,333,000,000","1,541,000,000","1,425,000,000","1,285,000,000","1,682,000,000","1,927,000,000","1,809,000,000","1,815,000,000","2,040,000,000","2,450,000,000","2,261,000,000","2,187,000,000","2,097,000,000","3,380,000,000","1,748,000,000","1,709,000,000","1,699,000,000","1,815,000,000","1,563,000,000","1,574,000,000","1,455,000,000","2,495,000,000","1,668,000,000","1,519,000,000",,,,,,,,,,,,,,,
	SellingGeneralAndAdministration,"174,000,000","43,000,000","46,000,000","43,000,000","42,000,000","46,000,000","34,000,000","56,000,000","34,000,000","48,000,000","50,000,000","48,000,000","54,000,000","59,000,000","40,000,000","59,000,000","63,000,000","63,000,000","50,000,000","49,000,000","53,000,000","53,000,000","39,000,000","43,000,000","50,000,000","40,000,000","47,000,000","59,000,000","62,000,000","58,000,000","71,000,000","67,000,000","85,000,000","87,000,000","115,000,000","160,000,000","216,000,000","196,000,000","216,000,000","227,000,000","275,000,000","284,000,000","289,000,000","311,000,000","340,000,000","314,000,000","313,000,000","310,000,000","347,000,000","318,000,000","324,000,000","308,000,000","403,000,000","363,000,000","435,000,000","385,000,000","505,000,000","427,000,000","437,000,000","395,000,000","595,000,000","565,000,000","620,000,000","609,000,000","738,000,000","673,000,000","654,000,000","584,000,000","709,000,000","633,000,000","613,000,000","552,000,000","727,000,000","639,000,000","716,000,000","566,000,000","698,000,000","632,000,000","659,000,000","541,000,000","763,000,000","661,000,000","629,000,000","574,000,000","797,000,000","746,000,000","752,000,000","682,000,000","816,000,000","923,000,000","810,000,000","746,000,000","955,000,000","761,000,000","834,000,000","753,000,000","1,007,000,000","1,035,000,000","1,021,000,000","849,000,000","1,183,000,000","1,119,000,000","1,137,000,000","971,000,000","1,128,000,000","1,037,000,000","1,098,000,000","895,000,000","1,067,000,000","972,000,000","925,000,000","1,116,000,000","1,643,000,000","1,533,000,000","1,616,000,000","1,688,000,000","2,043,000,000","1,863,000,000","1,815,000,000","1,735,000,000","2,970,000,000","1,370,000,000","1,355,000,000","1,364,000,000","1,460,000,000","1,238,000,000","1,265,000,000","1,135,000,000","2,145,000,000","1,294,000,000","1,218,000,000",,,,,,,,,,,,,,,
		GeneralAndAdministrativeExpense,,,,,,,,,,,,,,,,,,,,"49,000,000",,"53,000,000",,,,,,,,,,,,,,,,,,,,,,,,,,,,,,,,,,,,,,,,,,,,,,,,,,,,,,,,,,,,,,,,,,,,,,,,,,,,,,,,,,,,,,,,,,,,,,,,,,,,,,,,,,,,,,,,,,,,,,,,,,,,
			OtherGandA,,,,,,,,,,,,,,,,,,,,"49,000,000",,"53,000,000",,,,,,,,,,,,,,,,,,,,,,,,,,,,,,,,,,,,,,,,,,,,,,,,,,,,,,,,,,,,,,,,,,,,,,,,,,,,,,,,,,,,,,,,,,,,,,,,,,,,,,,,,,,,,,,,,,,,,,,,,,,,
	ResearchAndDevelopment,"34,000,000","9,000,000","9,000,000","8,000,000","8,000,000","8,000,000","9,000,000","8,000,000","8,000,000","9,000,000","9,000,000","11,000,000","11,000,000","11,000,000","6,000,000","13,000,000","14,000,000","15,000,000","11,000,000","12,000,000","15,000,000","15,000,000","10,000,000","11,000,000","10,000,000","9,000,000","11,000,000","15,000,000","16,000,000","19,000,000","21,000,000","20,000,000","26,000,000","27,000,000","25,000,000","35,000,000","49,000,000","44,000,000","54,000,000","66,000,000","60,000,000","68,000,000","68,000,000","78,000,000","78,000,000","83,000,000","81,000,000","79,000,000","86,000,000","81,000,000","84,000,000","110,000,000","120,000,000","100,000,000","142,000,000","140,000,000","137,000,000","129,000,000","132,000,000","137,000,000","170,000,000","170,000,000","187,000,000","183,000,000","200,000,000","217,000,000","276,000,000","199,000,000","226,000,000","219,000,000","212,000,000","197,000,000","214,000,000","194,000,000","179,000,000","194,000,000","195,000,000","188,000,000","192,000,000","187,000,000","207,000,000","197,000,000","186,000,000","189,000,000","178,000,000","197,000,000","208,000,000","201,000,000","219,000,000","193,000,000","198,000,000","207,000,000","209,000,000","224,000,000","224,000,000","223,000,000","262,000,000","259,000,000","266,000,000","257,000,000","288,000,000","252,000,000","247,000,000","241,000,000","239,000,000","244,000,000","233,000,000","219,000,000","204,000,000","221,000,000","230,000,000","315,000,000",,,,,,,,,,,,,,,,,,,,,,,,,,,,,,,,,,
	DepreciationAmortizationDepletionIncomeStatement,,,,,,,,,,,,,,,,,,,,,,,,,,,,,,,,,,,,,,,,,,,,,,,,,,,,,,,,,,,,,,,,,,,,,,,,,,,,,,,,,"38,000,000","37,000,000","37,000,000","42,000,000",,,,,"248,000,000","228,000,000","213,000,000","229,000,000","234,000,000","214,000,000","211,000,000","194,000,000","228,000,000","210,000,000","197,000,000","193,000,000","242,000,000","219,000,000","229,000,000","213,000,000","275,000,000","212,000,000","210,000,000","219,000,000","270,000,000","232,000,000","130,000,000","251,000,000","284,000,000","276,000,000","199,000,000","352,000,000","407,000,000","398,000,000","372,000,000","362,000,000","410,000,000","378,000,000","354,000,000","335,000,000","355,000,000","325,000,000","309,000,000","320,000,000","350,000,000","374,000,000","301,000,000",,,,,,,,,,,,,,,
		DepreciationAndAmortizationInIncomeStatement,,,,,,,,,,,,,,,,,,,,,,,,,,,,,,,,,,,,,,,,,,,,,,,,,,,,,,,,,,,,,,,,,,,,,,,,,,,,,,,,,"38,000,000","37,000,000","37,000,000","42,000,000",,,,,"248,000,000","228,000,000","213,000,000","229,000,000","234,000,000","214,000,000","211,000,000","194,000,000","228,000,000","210,000,000","197,000,000","193,000,000","242,000,000","219,000,000","229,000,000","213,000,000","275,000,000","212,000,000","210,000,000","219,000,000","270,000,000","232,000,000","130,000,000","251,000,000","284,000,000","276,000,000","199,000,000","352,000,000","407,000,000","398,000,000","372,000,000","362,000,000","410,000,000","378,000,000","354,000,000","335,000,000","355,000,000","325,000,000","309,000,000","320,000,000","350,000,000","374,000,000","301,000,000",,,,,,,,,,,,,,,
			Amortization,,,,,,,,,,,,,,,,,,,,,,,,,,,,,,,,,,,,,,,,,,,,,,,,,,,,,,,,,,,,,,,,,,,,,,,,,,,,,,,,,"38,000,000","37,000,000","37,000,000","42,000,000",,,,,,,,,,,,,,,,,,,,,,,,,,,,,,,,,,,,,,,,,,,,,,,,,,,,,,,,,,,,,,
				AmortizationOfIntangiblesIncomeStatement,,,,,,,,,,,,,,,,,,,,,,,,,,,,,,,,,,,,,,,,,,,,,,,,,,,,,,,,,,,,,,,,,,,,,,,,,,,,,,,,,"38,000,000","37,000,000","37,000,000","42,000,000",,,,,,,,,,,,,,,,,,,,,,,,,,,,,,,,,,,,,,,,,,,,,,,,,,,,,,,,,,,,,,
	OtherOperatingExpenses,,,,,,"-1,000,000","-2,000,000","-1,000,000","-2,000,000","-2,000,000","-2,000,000","-2,000,000","-1,000,000",,"-2,000,000","-5,000,000","-1,000,000","1,000,000",,,,"-2,000,000",,,,,"2,000,000","-2,000,000","-1,000,000","3,000,000","1,000,000","2,000,000",,,"-1,000,000","-2,000,000",,,"-19,000,000","-1,000,000","60,000,000","12,000,000","-1,000,000","-70,000,000","620,000,000","-3,000,000","-2,000,000",,"-101,000,000","10,000,000",,"3,000,000",,,,,,,,,,,,,,,,,,,,,,,,,,,,,,,,,,,,,,,,,,,,,,,,,,,,,,,,,,,,,,,,,,,,,,,,,,,,,,,,,,,,,,,,,,,,,,
OperatingIncome,"-52,000,000","-19,000,000","-22,000,000","-8,000,000","-2,000,000","-13,000,000","6,000,000","-32,000,000","-19,000,000","-19,000,000","-10,000,000","-4,000,000","-22,000,000","-30,000,000","-58,000,000","-2,000,000","-16,000,000","-25,000,000","33,000,000","26,000,000","23,000,000","17,000,000","55,000,000","38,000,000","40,000,000","37,000,000","58,000,000","27,000,000","9,000,000","-3,000,000","16,000,000","67,000,000","-9,000,000","-28,000,000","-6,000,000","-8,000,000","-76,000,000","-80,000,000","-76,000,000","-254,000,000","-51,000,000","-157,000,000","-145,000,000","-194,000,000","-661,000,000","82,000,000","-89,000,000","406,000,000","555,000,000","-48,000,000","-82,000,000","-227,000,000","-6,000,000","198,000,000","8,000,000","-101,000,000","117,000,000","126,000,000","77,000,000","-103,000,000","242,000,000","139,000,000","2,000,000","-114,000,000","-3,000,000","43,000,000","316,000,000","-78,000,000","32,000,000","223,000,000","290,000,000","63,000,000","276,000,000","294,000,000","221,000,000","64,000,000","318,000,000","468,000,000","402,000,000","130,000,000","19,000,000","237,000,000","486,000,000","262,000,000","352,000,000","660,000,000","746,000,000","456,000,000","619,000,000","377,000,000","716,000,000","278,000,000","299,000,000","626,000,000","655,000,000","350,000,000","234,000,000","434,000,000","551,000,000","384,000,000","545,000,000","626,000,000","633,000,000","400,000,000","393,000,000","545,000,000","577,000,000","410,000,000","471,000,000","369,000,000","488,000,000","370,000,000","494,000,000","559,000,000","666,000,000","407,000,000","531,000,000","675,000,000","735,000,000","394,000,000","477,000,000","688,000,000","754,000,000","456,000,000","667,000,000","835,000,000","844,000,000","498,000,000","-280,000,000","776,000,000","626,000,000","3,900,000,000","-9,553,000,000","5,029,000,000","4,134,000,000","3,328,300,000","-7,665,000,000","3,914,000,000","3,207,000,000","2,655,000,000","-7,280,500,000","3,484,500,000","2,694,600,000","2,345,400,000","-6,690,500,000","3,231,700,000"
NetNonOperatingInterestIncomeExpense,"-38,000,000","-9,000,000","-10,000,000","-9,000,000","-10,000,000","-4,000,000","-1,000,000","-3,000,000","-4,000,000","-4,000,000","-4,000,000","-4,000,000","-5,000,000","-3,000,000","17,000,000","-9,000,000","-9,000,000","-8,000,000","-4,000,000","-8,000,000","-8,000,000","-8,000,000","-9,000,000","-16,000,000","-16,000,000","-16,000,000","-16,000,000","-16,000,000","-15,000,000","-15,000,000","-15,000,000","-15,000,000","-16,000,000","-16,000,000","-47,000,000","-30,000,000","-30,000,000","-41,000,000","-41,000,000","-36,000,000","-29,000,000","-41,000,000","-38,000,000","-38,000,000","-21,000,000","-38,000,000","-41,000,000","-38,000,000","-44,000,000","-27,000,000","-23,000,000","-25,000,000",,,,,,,,,,,,,,,,,,,,,,,,,,,,,,,,,,,,,,,,,,,,,,,,,,,,,,,,,,,,,,,,,,,,,,,,,,,,,,,,,,,,,,,,,,,,,,
	InterestExpenseNonOperating,"38,000,000","9,000,000","10,000,000","9,000,000","10,000,000","4,000,000","1,000,000","3,000,000","4,000,000","4,000,000","4,000,000","4,000,000","5,000,000","3,000,000","-17,000,000","9,000,000","9,000,000","8,000,000","8,000,000","8,000,000","8,000,000","8,000,000","12,000,000","16,000,000","16,000,000","16,000,000","17,000,000","16,000,000","15,000,000","15,000,000","15,000,000","15,000,000","16,000,000","16,000,000","47,000,000","30,000,000","41,000,000","41,000,000","41,000,000","36,000,000","39,000,000","41,000,000","38,000,000","38,000,000","32,000,000","38,000,000","41,000,000","38,000,000","44,000,000","27,000,000","23,000,000","25,000,000",,,,,,,,,,,,,,,,,,,,,,,,,,,,,,,,,,,,,,,,,,,,,,,,,,,,,,,,,,,,,,,,,,,,,,,,,,,,,,,,,,,,,,,,,,,,,,
OtherIncomeExpense,"110,000,000","27,000,000","25,000,000","26,000,000","31,000,000","24,000,000","13,000,000","-409,000,000","19,000,000","77,000,000","-30,000,000","5,000,000","23,000,000","24,000,000","17,000,000","35,000,000","30,000,000","15,000,000","-5,000,000","-76,000,000","-4,000,000","1,000,000","-18,000,000","4,000,000","-2,000,000","-19,000,000","-15,000,000","-9,000,000","-8,000,000","-32,000,000","-42,000,000","-11,000,000","-27,000,000","-16,000,000","-104,000,000","340,000,000","-457,000,000","-175,000,000","-175,000,000","4,000,000","12,000,000","-24,000,000","-12,000,000","-41,000,000","-215,000,000","-16,000,000","-11,000,000","81,000,000","-25,000,000","-24,000,000","-23,000,000","-124,000,000","-863,000,000","-43,000,000","5,000,000","55,000,000","-85,000,000","-69,000,000","-241,000,000","-62,000,000","-40,000,000","-83,000,000","-167,000,000","-119,000,000","-104,000,000","-172,000,000","-304,000,000","-83,000,000","-146,000,000","-207,000,000","-128,000,000","-51,000,000","-268,000,000","-161,000,000","-53,000,000","-53,000,000","-123,000,000","-12,000,000","-22,000,000","-31,000,000","-304,000,000","-53,000,000","-343,000,000","23,000,000","-7,000,000","22,000,000","62,000,000","19,000,000","136,000,000","17,000,000","67,000,000","41,000,000","127,000,000","9,000,000","135,000,000","15,000,000","-1,287,000,000","-56,000,000","28,000,000","-137,000,000","-668,000,000","16,000,000","48,000,000","39,000,000","27,000,000","-13,000,000","41,000,000","24,000,000","-455,000,000","-23,000,000","7,000,000","-35,000,000","-28,000,000","-544,000,000","19,000,000","30,000,000","143,000,000","-184,000,000","68,000,000","52,000,000","-919,000,000","-694,000,000","27,000,000","41,000,000","36,000,000","-904,000,000","39,000,000","54,000,000","411,000,000","51,000,000","-282,000,000",,,,,,,,,,,,,,,
	GainOnSaleOfSecurity,"3,000,000","-3,000,000","4,000,000","2,000,000",,"-1,000,000","1,000,000","-432,000,000","-7,000,000","51,000,000","-38,000,000","-7,000,000","2,000,000",,"-3,000,000","3,000,000",,"-16,000,000","12,000,000","4,000,000","11,000,000","21,000,000","-2,000,000","-1,000,000","-1,000,000","-1,000,000",,,,"-10,000,000",,,,,,,,,,,,,,,,,,,,,,,,,,,,,,,,,,,,,,,,,,,,,,,,,,,,,,,,,,,,,,,,,,,,,,,,,,,,,,,,,,,,,,,,,,,,,,,,,,,,,,,,,,,,,,,,,,,,
	SpecialIncomeCharges,"1,000,000","0","-5,000,000","-1,000,000","6,000,000","-1,000,000","-7,000,000","-3,000,000","0","-2,000,000","-16,000,000","-15,000,000","-4,000,000","-2,000,000","-11,000,000","-4,000,000","-1,000,000","-1,000,000","-14,000,000","-80,000,000","-13,000,000","-19,000,000","-14,000,000","5,000,000","-1,000,000","-18,000,000","-11,000,000","-6,000,000","-6,000,000","-22,000,000","-25,000,000","-10,000,000","-25,000,000","-18,000,000","-101,000,000","354,000,000","-467,000,000","-175,000,000","-175,000,000","4,000,000","24,000,000","-24,000,000","-12,000,000","-41,000,000","-215,000,000","-16,000,000","-11,000,000","81,000,000","-25,000,000","-24,000,000","-23,000,000","-124,000,000","-863,000,000","-43,000,000","5,000,000","55,000,000","-85,000,000","-69,000,000","-241,000,000","-62,000,000","-47,000,000","-83,000,000","-167,000,000","-119,000,000","-104,000,000","-172,000,000","-304,000,000","-83,000,000","-176,000,000","-207,000,000","-128,000,000","-51,000,000","-268,000,000","-161,000,000","-53,000,000","-53,000,000","-17,000,000","-12,000,000","-22,000,000","-31,000,000","-304,000,000","-53,000,000","-343,000,000","23,000,000","-7,000,000","22,000,000","62,000,000","19,000,000","136,000,000","17,000,000","67,000,000","41,000,000","127,000,000","9,000,000","135,000,000","15,000,000","-1,287,000,000","-56,000,000","28,000,000","-137,000,000","-668,000,000","16,000,000","48,000,000","39,000,000","27,000,000","-13,000,000","41,000,000","24,000,000","-455,000,000","-23,000,000","7,000,000","-35,000,000","-28,000,000","-544,000,000","19,000,000","30,000,000","143,000,000","-184,000,000","68,000,000","52,000,000","-919,000,000","-694,000,000","27,000,000","41,000,000","36,000,000","-904,000,000","39,000,000","54,000,000","411,000,000","51,000,000","-282,000,000",,,,,,,,,,,,,,,
		RestructuringAndMergernAcquisition,"5,000,000","0","5,000,000","0","0","1,000,000","8,000,000","1,000,000","1,000,000","7,000,000","9,000,000","3,000,000","2,000,000","2,000,000","4,000,000","9,000,000","2,000,000","2,000,000","9,000,000","4,000,000","11,000,000","7,000,000","-3,000,000","1,000,000","7,000,000","4,000,000","9,000,000","6,000,000","6,000,000","22,000,000","19,000,000","10,000,000","25,000,000","18,000,000","101,000,000","132,000,000","865,000,000","117,000,000","19,000,000","94,000,000","42,000,000","17,000,000","29,000,000","33,000,000","22,000,000","24,000,000","11,000,000","13,000,000","47,000,000","33,000,000","37,000,000","109,000,000","100,000,000","48,000,000","-3,000,000","-10,000,000","44,000,000","100,000,000","295,000,000","85,000,000","20,000,000","137,000,000","169,000,000","145,000,000","159,000,000","163,000,000","267,000,000","118,000,000","283,000,000","227,000,000","135,000,000","50,000,000","256,000,000","152,000,000","44,000,000","32,000,000","107,000,000","-9,000,000",,,"288,000,000","35,000,000","336,000,000",,,,,,,,,,,,,,,,,,,,,,,,,,,,,,,,,,,,,,,,,,,,,,,,,,,,,,,,,,,,,,,
		ImpairmentOfCapitalAssets,,,"0","0","0","0","0","0","0","3,000,000",,,,,"13,000,000","0",,,"2,000,000","76,000,000","2,000,000","0","0","0","1,000,000","24,000,000",,,,,"9,000,000","0","0","0","0","77,000,000",,,,,,,,,,,,,,,,,,,,,,,,,,,,,,,,,,,,,,,,,,,,,,,,,,,,,,,,,,,,,,,,,,,,,,,,,,,,,,,,,,,,,,,,,,,,,,,,,,,,,,,,,,,,,,
		OtherSpecialCharges,,,"0",,"-6,000,000",,"0","2,000,000",,,,,"1,000,000","-27,000,000",,,,,"9,000,000","-4,000,000","-12,000,000","12,000,000","4,000,000","-6,000,000","-7,000,000","-10,000,000","-16,000,000","1,000,000","1,000,000","18,000,000","20,000,000",,"7,000,000","3,000,000","68,000,000","6,000,000","-340,000,000","58,000,000","156,000,000","-98,000,000",,"7,000,000","-17,000,000","8,000,000","193,000,000","-8,000,000","0","-94,000,000","-22,000,000","-9,000,000","-14,000,000","15,000,000","763,000,000","-5,000,000","-2,000,000","-45,000,000","41,000,000","-31,000,000","-54,000,000","-23,000,000","27,000,000","-54,000,000","-2,000,000","-26,000,000","-55,000,000","9,000,000","37,000,000","-35,000,000","-107,000,000","-20,000,000","-7,000,000","1,000,000","12,000,000","9,000,000","9,000,000","21,000,000","-90,000,000","21,000,000",,,"16,000,000","18,000,000","7,000,000",,,,,,,,,,,,,,,,,,,,,,,,,,,,,,,,,,,,,,,,,,,,,,,,,,,,,,,,,,,,,,,
		GainOnSaleOfPPE,,,"0","-1,000,000","0","0","1,000,000","0","1,000,000","8,000,000","-1,000,000","-12,000,000","-1,000,000",,"6,000,000","5,000,000","1,000,000","1,000,000","6,000,000","0","0",,"2,000,000","0","7,000,000","0",,,,,"3,000,000","0","0","0","0","569,000,000",,,,,,,,,,,,,,,,,,,,,,,,,,,,,,,,,,,,,,,,,,,,,,,,,,,,,,,,,,,,,,,,,,,,,,,,,,,,,,,,,,,,,,,,,,,,,,,,,,,,,,,,,,,,,,
	OtherNonOperatingIncomeExpenses,"106,000,000","30,000,000","26,000,000","25,000,000","25,000,000","26,000,000","19,000,000","26,000,000","26,000,000","28,000,000","24,000,000","27,000,000","25,000,000","26,000,000","31,000,000","36,000,000","31,000,000","32,000,000","-3,000,000","8,000,000","-2,000,000","-1,000,000",,,,,"10,000,000","-3,000,000","-2,000,000","-10,000,000","-17,000,000","-1,000,000","-2,000,000","2,000,000","-3,000,000","-14,000,000",,,,,,,,,,,,,,,,,,,,,,,,,,,,,,,,,,,,,,,,,,,,,,,,,,,,,,,,,,,,,,,,,,,,,,,,,,,,,,,,,,,,,,,,,,,,,,,,,,,,,,,,,,,,,,
PretaxIncome,"20,000,000","-1,000,000","-7,000,000","9,000,000","19,000,000","7,000,000","18,000,000","-444,000,000","-4,000,000","54,000,000","-44,000,000","-3,000,000","-4,000,000","-9,000,000","-24,000,000","24,000,000","5,000,000","-18,000,000","24,000,000","-58,000,000","11,000,000","10,000,000","28,000,000","26,000,000","22,000,000","2,000,000","27,000,000","2,000,000","-14,000,000","-50,000,000","-41,000,000","41,000,000","-52,000,000","-60,000,000","-157,000,000","302,000,000","-573,000,000","-284,000,000","-300,000,000","-476,000,000","-68,000,000","-222,000,000","-195,000,000","-273,000,000","-693,000,000","28,000,000","-141,000,000","245,000,000","486,000,000","-99,000,000","-128,000,000","-376,000,000","-916,000,000","129,000,000","-13,000,000","-74,000,000","100,000,000","29,000,000","-195,000,000","-190,000,000","198,000,000","-18,000,000","-231,000,000","-295,000,000","-174,000,000","-186,000,000","-219,000,000","-199,000,000","-154,000,000","-27,000,000","119,000,000","-32,000,000","-36,000,000","100,000,000","134,000,000","-26,000,000","139,000,000","416,000,000","336,000,000","55,000,000","-333,000,000","132,000,000","85,000,000","224,000,000","294,000,000","634,000,000","766,000,000","438,000,000","720,000,000","355,000,000","745,000,000","289,000,000","412,000,000","603,000,000","750,000,000","341,000,000","-1,082,000,000","352,000,000","558,000,000","225,000,000","-147,000,000","622,000,000","660,000,000","421,000,000","400,000,000","512,000,000","599,000,000","415,000,000","-13,000,000","318,000,000","467,000,000","160,000,000","319,000,000","-139,000,000","516,000,000","245,000,000","472,000,000","293,000,000","596,000,000","240,000,000","-651,000,000","-216,000,000","583,000,000","295,000,000","530,000,000","-278,000,000","662,000,000","343,000,000","-90,000,000","560,000,000","129,000,000",,,,,,,,,,,,,,,
TaxProvision,"5,000,000","2,000,000","-1,000,000","1,000,000","3,000,000","1,000,000","1,000,000","1,000,000","1,000,000","165,000,000","19,000,000","7,000,000","2,000,000","3,000,000","-17,000,000","5,000,000","1,000,000","7,000,000","-104,000,000","-13,000,000","4,000,000","3,000,000","16,000,000","4,000,000","6,000,000","6,000,000","4,000,000","15,000,000","9,000,000","4,000,000","-1,000,000","10,000,000","8,000,000","-7,000,000","51,000,000","7,000,000","-173,000,000","24,000,000","-1,000,000","-110,000,000","49,000,000","0","-16,000,000","-24,000,000","-109,000,000","71,000,000","26,000,000","126,000,000","56,000,000","12,000,000","63,000,000","-16,000,000","-2,000,000","28,000,000","-213,000,000","40,000,000","13,000,000","-5,000,000","-43,000,000","-16,000,000","181,000,000","19,000,000","51,000,000","3,000,000","-31,000,000","855,000,000","-65,000,000","-56,000,000","-31,000,000","-72,000,000","-24,000,000","-48,000,000","-43,000,000","-22,000,000","22,000,000","-23,000,000","3,000,000","82,000,000","52,000,000","16,000,000","-127,000,000","36,000,000","49,000,000","74,000,000","100,000,000","216,000,000","260,000,000","149,000,000","245,000,000","120,000,000","254,000,000","98,000,000","140,000,000","205,000,000","255,000,000","116,000,000","-338,000,000","120,000,000","190,000,000","76,000,000","-34,000,000","212,000,000","220,000,000","147,000,000","125,000,000","174,000,000","222,000,000","153,000,000","66,000,000","125,000,000","172,000,000","66,000,000","115,000,000","-12,000,000","212,000,000","96,000,000","173,000,000","104,000,000","235,000,000","95,000,000","-251,000,000","-98,000,000","226,000,000","117,000,000","204,000,000","-72,000,000","278,000,000","144,000,000","-30,000,000","231,000,000","69,000,000",,,,,,,,,,,,,,,
EarningsFromEquityInterestNetOfTax,,,,,,,,,,,,,,,"0","0",,,"0","-1,000,000",,,,,,,,,,,,,,,,,,,,,,,,,,,,,,,,,,,,,,,,,,,,,,,,,,,,,,,,,,,,,,,,,,,,,,,,,,,,,,,,,,,,,,,,,,,,,,,,,,,,,,,,,,,,,,,,,,,,,,,,,,,,,,
NetIncomeCommonStockholders,"3,000,000","-6,000,000","-9,000,000","5,000,000","13,000,000","13,000,000","15,000,000","-450,000,000","-10,000,000","-116,000,000","-67,000,000","-10,000,000","196,000,000","-23,000,000","-19,000,000","14,000,000","-1,000,000","-30,000,000","124,000,000","-51,000,000","-1,000,000","2,000,000","7,000,000","16,000,000","7,000,000","-18,000,000","24,000,000","-22,000,000","-24,000,000","-58,000,000","-42,000,000","17,000,000","-62,000,000","-36,000,000","-224,000,000","283,000,000","-402,000,000","-312,000,000","-299,000,000","-366,000,000","-117,000,000","-222,000,000","-179,000,000","-246,000,000","-595,000,000","-43,000,000","-168,000,000","119,000,000","443,000,000","-111,000,000","-189,000,000","-353,000,000","-918,000,000","96,000,000","495,000,000","-115,000,000","215,000,000","37,000,000","575,000,000","-151,000,000","16,000,000","-37,000,000","-282,000,000","-298,000,000","-52,000,000","-1,038,000,000","-154,000,000","-142,000,000","-105,000,000","479,000,000","154,000,000","28,000,000","19,000,000","122,000,000","112,000,000","12,000,000","113,000,000","334,000,000","284,000,000","39,000,000","-206,000,000","96,000,000","36,000,000","150,000,000","194,000,000","418,000,000","506,000,000","289,000,000","475,000,000","235,000,000","491,000,000","191,000,000","272,000,000","398,000,000","495,000,000","225,000,000","-744,000,000","232,000,000","368,000,000","149,000,000","164,000,000","410,000,000","440,000,000","274,000,000","275,000,000","338,000,000","377,000,000","262,000,000","18,000,000","193,000,000","264,000,000","82,000,000","201,000,000","-68,000,000","371,000,000","-1,880,000,000","299,000,000","189,000,000","361,000,000","145,000,000","-400,000,000","-118,000,000","357,000,000","178,000,000","326,000,000","-206,000,000","384,000,000","199,000,000","-60,000,000","329,000,000","60,000,000",,,,,,,,,,,,,,,
	NetIncome,"15,000,000","-3,000,000","-6,000,000","8,000,000","16,000,000","6,000,000","20,000,000","-445,000,000","-5,000,000","-111,000,000","-62,000,000","-5,000,000","201,000,000","-18,000,000","-14,000,000","19,000,000","4,000,000","-25,000,000","129,000,000","-46,000,000","4,000,000","7,000,000","10,000,000","16,000,000","7,000,000","-18,000,000","24,000,000","-22,000,000","-24,000,000","-58,000,000","-42,000,000","17,000,000","-62,000,000","-36,000,000","-224,000,000","283,000,000","-402,000,000","-312,000,000","-299,000,000","-366,000,000","-117,000,000","-222,000,000","-179,000,000","-246,000,000","-595,000,000","-43,000,000","-168,000,000","119,000,000","443,000,000","-111,000,000","-189,000,000","-353,000,000","-918,000,000","96,000,000","495,000,000","-115,000,000","215,000,000","37,000,000","575,000,000","-151,000,000","16,000,000","-37,000,000","-282,000,000","-298,000,000","-52,000,000","-1,038,000,000","-154,000,000","-142,000,000","-105,000,000","479,000,000","154,000,000","28,000,000","19,000,000","122,000,000","112,000,000","12,000,000","113,000,000","334,000,000","284,000,000","39,000,000","-206,000,000","96,000,000","36,000,000","150,000,000","194,000,000","418,000,000","506,000,000","289,000,000","475,000,000","235,000,000","491,000,000","191,000,000","272,000,000","398,000,000","495,000,000","225,000,000","-744,000,000","232,000,000","368,000,000","149,000,000","164,000,000","410,000,000","440,000,000","274,000,000","275,000,000","338,000,000","377,000,000","262,000,000","18,000,000","193,000,000","264,000,000","82,000,000","201,000,000","-68,000,000","371,000,000","-1,880,000,000","299,000,000","189,000,000","361,000,000","145,000,000","-400,000,000","-118,000,000","357,000,000","178,000,000","326,000,000","-206,000,000","384,000,000","199,000,000","-60,000,000","329,000,000","60,000,000",,,,,,,,,,,,,,,
		NetIncomeIncludingNoncontrollingInterests,"15,000,000","-3,000,000","-6,000,000","8,000,000","16,000,000","6,000,000","20,000,000","-445,000,000","-5,000,000","-111,000,000","-62,000,000","-5,000,000","201,000,000","-18,000,000","-14,000,000","19,000,000","4,000,000","-25,000,000","129,000,000","-46,000,000","4,000,000","7,000,000","11,000,000","12,000,000","8,000,000","-15,000,000","23,000,000","-21,000,000","-23,000,000","-54,000,000","-41,000,000","19,000,000","-62,000,000","-34,000,000","-224,000,000","283,000,000","-402,000,000","-312,000,000","-299,000,000","-366,000,000","-117,000,000","-222,000,000","-179,000,000","-246,000,000","-595,000,000","-43,000,000","-168,000,000","119,000,000","444,000,000","-111,000,000","-189,000,000","-353,000,000","-918,000,000","96,000,000","495,000,000","-115,000,000","215,000,000","37,000,000","575,000,000","-151,000,000","23,000,000","-37,000,000","-282,000,000","-298,000,000","-52,000,000","-1,038,000,000","-154,000,000","-142,000,000","-103,000,000","479,000,000","154,000,000","28,000,000","19,000,000","122,000,000","112,000,000","12,000,000","130,000,000","334,000,000","284,000,000","39,000,000","-206,000,000","96,000,000","36,000,000","150,000,000","194,000,000","418,000,000","506,000,000","289,000,000","475,000,000","235,000,000","491,000,000","191,000,000","272,000,000","398,000,000","495,000,000","225,000,000","-744,000,000","232,000,000","368,000,000","149,000,000","164,000,000","410,000,000","440,000,000","274,000,000","275,000,000","338,000,000","377,000,000","262,000,000","18,000,000","193,000,000","264,000,000","82,000,000","201,000,000","-68,000,000","371,000,000","-1,880,000,000","299,000,000","189,000,000","361,000,000","145,000,000","-400,000,000","-118,000,000","357,000,000","178,000,000","326,000,000","-206,000,000","384,000,000","199,000,000","-60,000,000","329,000,000","60,000,000","200,000,000","312,000,000","435,000,000","390,000,000","260,000,000","242,000,000","396,100,000","361,900,000","178,000,000","74,600,000","263,000,000","-12,200,000","48,600,000","-193,600,000","246,100,000"
			NetIncomeContinuousOperations,"15,000,000","-3,000,000","-6,000,000","8,000,000","16,000,000","6,000,000","17,000,000","-445,000,000","-5,000,000","-111,000,000","-63,000,000","-10,000,000","-6,000,000","-12,000,000","-7,000,000","19,000,000","4,000,000","-25,000,000","128,000,000","-46,000,000","7,000,000","7,000,000","12,000,000","22,000,000","16,000,000","-4,000,000","23,000,000","-13,000,000","-23,000,000","-54,000,000","-40,000,000","31,000,000","-60,000,000","-53,000,000","-208,000,000","295,000,000","-400,000,000","-308,000,000","-299,000,000","-366,000,000","-117,000,000","-222,000,000","-179,000,000","-249,000,000","-584,000,000","-43,000,000","-167,000,000","119,000,000","430,000,000","-111,000,000","-191,000,000","-360,000,000","-914,000,000","101,000,000","200,000,000","-114,000,000","87,000,000","34,000,000","-152,000,000","-174,000,000","17,000,000","-37,000,000","-282,000,000","-298,000,000","-143,000,000","-1,039,000,000","-154,000,000","-143,000,000","-123,000,000","45,000,000","143,000,000","16,000,000","7,000,000","122,000,000","112,000,000","-3,000,000","136,000,000","334,000,000","284,000,000","39,000,000","-206,000,000","96,000,000","36,000,000","150,000,000","194,000,000","418,000,000","506,000,000","289,000,000","475,000,000","235,000,000","491,000,000","191,000,000","272,000,000","398,000,000","495,000,000","225,000,000","-744,000,000","232,000,000","368,000,000","149,000,000","-113,000,000","410,000,000","440,000,000","274,000,000","275,000,000","338,000,000","377,000,000","262,000,000","-79,000,000","193,000,000","295,000,000","94,000,000","204,000,000","-127,000,000","304,000,000","149,000,000","299,000,000","189,000,000","361,000,000","145,000,000","-400,000,000","-118,000,000","357,000,000","178,000,000","326,000,000","-206,000,000","384,000,000","199,000,000","-60,000,000","329,000,000","60,000,000","200,000,000","312,000,000","435,000,000","390,000,000","260,000,000","242,000,000","396,100,000","361,900,000","178,000,000","74,600,000","263,000,000","-12,200,000","48,600,000","-193,600,000","246,100,000"
			NetIncomeDiscontinuousOperations,,,,,,,"3,000,000","0","0","0","1,000,000","5,000,000","207,000,000","-6,000,000","-7,000,000","0",,,"1,000,000","0","-3,000,000","0","-1,000,000","-10,000,000","-8,000,000","-11,000,000","0","-8,000,000","0","0","-1,000,000","-12,000,000","-2,000,000","19,000,000","-16,000,000","-12,000,000","-2,000,000","-4,000,000","0","0","0","0","0","3,000,000","-11,000,000","0","-1,000,000","0","14,000,000","0","-4,000,000","7,000,000","-4,000,000","-5,000,000","295,000,000","-1,000,000","128,000,000","3,000,000","727,000,000","23,000,000",,,,,"148,000,000","1,000,000",,"1,000,000","18,000,000","434,000,000","11,000,000","12,000,000","12,000,000",,,"15,000,000",,,,,,,,,,,,,,,,,,,,,,,,,,,,,,,,,"350,000,000",,"-30,000,000",,"-2,000,000","60,000,000","79,000,000",,,,,,,,,,,,,,,,,,,,,,,,,,,,,,,
			NetIncomeExtraordinary,,,,,,,,,,,,,,,,,,,,,,,,,,,,,,,,,,,,,,,,,,,,,"0","0","0",,"0","0","6,000,000",,,,,,,,,,,,,,,,,,,,,,,,,,,,,,,,,,,,,,,,,,,,,,,,,,,,,,,,,,,,,,"0",,,"-2,029,000,000","0",,,,,,,,,,,,,,,,,,,,,,,,,,,,,
			NetIncomeFromTaxLossCarryforward,,,,,,,,,,,,,,,,,,,,,,,,,,,,,,,,,,,,,,,,,,,,,,,,,,,,,,,,,,,,,,,,,,,,,,,,,,,,,,,,,,,,,,,,,,,,,,,,,,,,,,,,,,,,,"-253,000,000",,"-1,000,000","-12,000,000","-1,000,000","-1,000,000","-12,000,000",,,,,,,,,,,,,,,,,,,,,,,,,,,,,,,
		MinorityInterests,,,,,,,,,,,,,,,,,,,"0","0","0","0",,"4,000,000","-1,000,000","-3,000,000","1,000,000","-1,000,000","-1,000,000","-4,000,000","-1,000,000","-2,000,000","0","-2,000,000",,,,,,,,,,,,,,,,,,"0",,,,,,,,,,,,,,,,,,,,,,,,,,,,,,,,,,,,,,,,,,,,,,,,,,,,,,,,,,,,,,,,,,,,,,,,,,,,,,,,,,,,,,,,,,,,,,
	PreferredStockDividends,"21,000,000","3,000,000","12,000,000","3,000,000","3,000,000","-7,000,000","5,000,000","5,000,000","5,000,000","5,000,000","5,000,000","5,000,000","5,000,000","5,000,000","5,000,000","5,000,000","5,000,000","5,000,000","5,000,000","5,000,000","5,000,000","5,000,000",,,,,,,,,,,,,,,,,,,,,,,,,,,,,"0",,,,,,,,,,,,,,,,,,,,,,,,,,,,,,,,,,,,,,,,,,,,,,,,,,,,,,,,,,,,,,,,,,,,,,,,,,,,,,,,,,,,,,,,,,,,,,,
AverageDilutionEarnings,,,,,"3,000,000",,,,,,,,,,,,,,,,,,,,,,,,,,,,,,,,,,,,,,,,,,,,,,,,,,,,,,,,,,,,,,,,,,,,,,,,,,,,,,,,,,,,,,,,,,,,,,,,,,,,,,,,,,,,,,,,,,,,,,,,,,,,,,,,,,,,,,,,,,,,,
DilutedNIAvailtoComStockholders,"3,000,000","-6,000,000","-9,000,000","5,000,000","16,000,000","13,000,000","15,000,000","-450,000,000","-10,000,000","-116,000,000","-67,000,000","-10,000,000","196,000,000","-23,000,000","-19,000,000","14,000,000","-1,000,000","-30,000,000","124,000,000","-51,000,000","-1,000,000","2,000,000","7,000,000","16,000,000","7,000,000","-18,000,000","24,000,000","-22,000,000","-24,000,000","-58,000,000","-42,000,000","17,000,000","-62,000,000","-36,000,000","-224,000,000","283,000,000","-402,000,000","-312,000,000","-299,000,000","-366,000,000","-117,000,000","-222,000,000","-179,000,000","-246,000,000","-595,000,000","-43,000,000","-168,000,000","119,000,000","443,000,000","-111,000,000","-189,000,000","-353,000,000","-918,000,000","96,000,000","495,000,000","-115,000,000","215,000,000","37,000,000","575,000,000","-151,000,000","16,000,000","-37,000,000","-282,000,000","-298,000,000","-52,000,000","-1,038,000,000","-154,000,000","-142,000,000","-105,000,000","479,000,000","154,000,000","28,000,000","19,000,000","122,000,000","112,000,000","12,000,000","113,000,000","334,000,000","284,000,000","39,000,000","-206,000,000","96,000,000","36,000,000","150,000,000","194,000,000","418,000,000","506,000,000","289,000,000","475,000,000","235,000,000","491,000,000","191,000,000","272,000,000","398,000,000","495,000,000","225,000,000","-744,000,000","232,000,000","368,000,000","149,000,000","164,000,000","410,000,000","440,000,000","274,000,000","275,000,000","338,000,000","377,000,000","262,000,000","18,000,000","193,000,000","264,000,000","82,000,000","201,000,000","-68,000,000","371,000,000","-1,880,000,000","299,000,000","189,000,000","361,000,000","145,000,000","-400,000,000","-118,000,000","357,000,000","178,000,000","326,000,000","-206,000,000","384,000,000","199,000,000","-60,000,000","329,000,000","60,000,000",,,,,,,,,,,,,,,
BasicEPS,,"-0.08",,"0.06","0.17","0.076",,"-6.94","-0.23","-2.66",,"-0.23","4.56","-0.54",,"0.33","-0.02","-0.7",,"-1.2","-0.02","0.05",,"0.38","0.17","-0.43","0.57","-0.53","-0.57","-1.384",,"0.41","-1.49","-0.863","-0.82","1.04",,"-1.15","-1.1","-1.35",,"-0.83","-0.67","-0.91",,"-0.16","-0.63","0.44",,"-0.41","-0.7","-1.32",,"0.34","1.72","-0.4",,"0.13","2","-0.53",,"-0.13","-0.98","-1.04",,"-3.61","-0.54","-0.5",,"1.67","0.54","0.1",,"0.42","0.39","0.04",,"1.15","0.97","0.13",,"0.33","0.12","0.52",,"1.37","1.63","0.93",,"0.74","1.54","0.59",,"1.23","1.53","0.7",,"0.71","1.12","0.45",,"1.22","1.3","0.8",,"0.99","1.11","0.77",,"0.57","0.79","0.25",,"-0.21","1.13","-5.75",,"0.58","1.11","0.45",,"-0.37","1.1","0.55",,"-0.64","1.19","0.61",,"1.02","0.18","0.62",,"1.35","1.2","0.8",,"1.18","1.06","0.53",,"0.78","-0.04","0.15",,"0.73"
DilutedEPS,,"-0.08",,"0.06","0.16","0.076",,"-6.94","-0.23","-2.66",,"-0.23","4.56","-0.54",,"0.33","-0.02","-0.7",,"-1.2","-0.02","0.05",,"0.37","0.16","-0.43","0.57","-0.53","-0.57","-1.384",,"0.39","-1.49","-0.863","-0.82","1.04",,"-1.15","-1.1","-1.35",,"-0.83","-0.67","-0.91",,"-0.16","-0.63","0.4",,"-0.41","-0.7","-1.32",,"0.33","1.62","-0.4",,"0.13","2","-0.53",,"-0.13","-0.982","-1.04",,"-3.61","-0.54","-0.5",,"1.67","0.537","0.098",,"0.42","0.39","0.04",,"1.145","0.97","0.13",,"0.33","0.12","0.52",,"1.36","1.62","0.93",,"0.73","1.52","0.59",,"1.21","1.51","0.69",,"0.71","1.11","0.44",,"1.22","1.3","0.8",,"0.99","1.11","0.76",,"0.56","0.78","0.25",,"-0.21","1.08","-5.75",,"0.58","1.06","0.45",,"-0.37","1.1","0.55",,"-0.64","1.19","0.61",,"1.02","0.18","0.62",,"1.35","1.2","0.8",,"1.18","1.06","0.53",,"0.78","-0.04","0.15",,"0.73"
BasicAverageShares,,"78,700,000",,"78,600,000","78,500,000","78,500,000",,"64,800,000","43,700,000","43,600,000",,"43,000,000","43,000,000","42,900,000",,"42,700,000","42,700,000","42,600,000",,"42,500,000","42,500,000","42,400,000",,"42,300,000","42,200,000","42,100,000","42,077,595","41,900,000","41,900,000","41,900,000",,"41,800,000","41,700,000","41,700,000","272,800,000","272,500,000",,"271,900,000","271,900,000","271,100,000",,"268,900,000","268,900,000","268,900,000",,"268,500,000","268,500,000","268,300,000",,"268,200,000","268,200,000","268,200,000",,"283,100,000","288,200,000","288,100,000",,"287,800,000","287,600,000","287,300,000",,"287,200,000","287,300,000","287,200,000",,"287,200,000","287,100,000","286,900,000",,"286,600,000","286,600,000","286,600,000",,"286,500,000","286,500,000","286,300,000",,"291,800,000","291,700,000","291,300,000",,"290,900,000","290,500,000","290,100,000",,"305,400,000","309,700,000","310,200,000",,"316,200,000","319,100,000","322,200,000",,"323,900,000","323,000,000","323,000,000",,"325,200,000","327,400,000","332,400,000",,"335,400,000","338,200,000","343,400,000",,"342,000,000","341,200,000","340,000,000",,"339,400,000","332,800,000","330,700,000",,"323,809,524","328,318,584","326,956,522",,"325,862,069","325,225,225","322,222,222",,"318,918,919","324,545,455","323,636,364",,"321,875,000","322,689,076","326,229,508",,"322,549,020","333,333,333","324,167,000",,"324,200,000","324,371,000","324,371,000",,"338,907,000","339,050,000","338,675,000",,"338,363,000","338,680,000","338,345,000",,"338,610,000"
DilutedAverageShares,,"78,700,000",,"80,600,000","100,600,000","78,500,000",,"64,800,000","43,700,000","43,600,000",,"43,000,000","43,000,000","42,900,000",,"43,000,000","42,700,000","42,600,000",,"42,500,000","42,700,000","42,700,000",,"42,800,000","42,600,000","42,100,000","42,077,595","41,900,000","41,900,000","41,900,000",,"43,300,000","41,700,000","41,700,000","272,800,000","272,500,000",,"271,900,000","271,900,000","271,100,000",,"268,900,000","268,900,000","268,900,000",,"268,500,000","268,500,000","326,200,000",,"268,200,000","268,200,000","268,200,000",,"301,900,000","308,300,000","288,100,000",,"288,600,000","287,600,000","287,300,000",,"287,200,000","287,300,000","287,200,000",,"287,200,000","287,100,000","286,900,000",,"286,700,000","286,600,000","287,000,000",,"286,600,000","286,600,000","286,600,000",,"291,800,000","291,800,000","291,300,000",,"291,300,000","291,300,000","290,500,000",,"307,700,000","311,800,000","312,300,000",,"320,300,000","323,000,000","325,200,000",,"329,900,000","327,200,000","326,400,000",,"329,100,000","332,600,000","338,200,000",,"335,400,000","338,200,000","343,400,000",,"342,000,000","341,200,000","346,000,000",,"345,200,000","337,600,000","334,100,000",,"323,809,524","343,518,519","326,956,522",,"325,862,069","340,566,038","322,222,222",,"318,918,919","324,545,455","323,636,364",,"321,875,000","322,689,076","326,229,508",,"322,549,020","333,333,333","324,167,000",,"324,200,000","324,371,000","324,371,000",,"338,907,000","339,050,000","338,675,000",,"338,363,000","338,680,000","338,345,000",,"338,610,000"
TotalOperatingIncomeAsReported,,"-19,000,000",,"-9,000,000",,"-14,000,000",,,"-19,000,000","-21,000,000",,,"-25,000,000","-32,000,000",,"-6,000,000","-17,000,000","-26,000,000","28,000,000","-54,000,000","10,000,000","-2,000,000","39,000,000","43,000,000","39,000,000","19,000,000","50,000,000","21,000,000","3,000,000","-20,000,000","-7,000,000","58,000,000","-29,000,000","-41,000,000","-35,000,000","472,000,000","-9,000,000","-193,000,000","-95,000,000","-348,000,000","-25,000,000","-174,000,000","-174,000,000","-227,000,000","-683,000,000","58,000,000","-100,000,000","389,000,000","508,000,000","-81,000,000","-119,000,000","-336,000,000","-106,000,000","150,000,000","11,000,000","-91,000,000","73,000,000","26,000,000","-218,000,000","-188,000,000","222,000,000","2,000,000","-167,000,000","-259,000,000","-162,000,000","-120,000,000","-133,000,000","-196,000,000","-251,000,000","-4,000,000","155,000,000","13,000,000","20,000,000","142,000,000","177,000,000","32,000,000","211,000,000","477,000,000","402,000,000","130,000,000","-269,000,000","202,000,000","150,000,000","262,000,000","352,000,000","660,000,000","746,000,000","456,000,000","619,000,000","377,000,000","716,000,000","278,000,000","299,000,000","626,000,000","655,000,000","350,000,000","234,000,000","434,000,000","551,000,000","384,000,000","545,000,000","626,000,000","633,000,000","400,000,000","393,000,000","545,000,000","577,000,000","410,000,000","471,000,000","369,000,000","488,000,000","370,000,000","494,000,000","559,000,000","666,000,000","407,000,000","531,000,000","675,000,000","735,000,000","394,000,000","477,000,000","688,000,000","754,000,000","456,000,000","667,000,000","835,000,000","844,000,000","498,000,000","-280,000,000","776,000,000","626,000,000",,,,,,,,,,,,,,,
TotalExpenses,"1,227,000,000","309,000,000","329,000,000","295,000,000","293,000,000","278,000,000","291,000,000","284,000,000","232,000,000","286,000,000","339,000,000","319,000,000","329,000,000","321,000,000","288,000,000","368,000,000","388,000,000","382,000,000","381,000,000","353,000,000","358,000,000","340,000,000","349,000,000","342,000,000","357,000,000","325,000,000","409,000,000","419,000,000","449,000,000","430,000,000","513,000,000","497,000,000","534,000,000","510,000,000","589,000,000","857,000,000","1,196,000,000","1,098,000,000","1,153,000,000","1,219,000,000","1,804,000,000","1,619,000,000","1,630,000,000","1,516,000,000","2,588,000,000","1,676,000,000","1,658,000,000","1,527,000,000","2,027,000,000","1,829,000,000","1,848,000,000","1,704,000,000","2,439,000,000","2,207,000,000","2,477,000,000","2,194,000,000","2,974,000,000","2,455,000,000","2,433,000,000","2,222,000,000","3,579,000,000","3,065,000,000","3,358,000,000","3,003,000,000","4,200,000,000","3,510,000,000","3,552,000,000","2,910,000,000","3,733,000,000","3,141,000,000","3,179,000,000","2,856,000,000","3,502,000,000","3,153,000,000","3,131,000,000","2,676,000,000","3,117,000,000","2,886,000,000","2,937,000,000","2,577,000,000","3,340,000,000","3,071,000,000","3,106,000,000","2,713,000,000","3,208,000,000","2,930,000,000","3,003,000,000","2,639,000,000","3,180,000,000","3,203,000,000","2,894,000,000","2,822,000,000","3,264,000,000","2,765,000,000","2,886,000,000","2,561,000,000","3,545,000,000","3,339,000,000","3,302,000,000","2,749,000,000","3,769,000,000","3,523,000,000","3,484,000,000","2,988,000,000","3,699,000,000","3,268,000,000","3,361,000,000","2,727,000,000","3,377,000,000","3,160,000,000","2,937,000,000","3,222,000,000","3,986,000,000","3,518,000,000","3,599,000,000","4,035,000,000","4,873,000,000","4,504,000,000","4,455,000,000","4,016,000,000","4,605,000,000","4,238,000,000","4,235,000,000","3,966,000,000","4,484,000,000","3,939,000,000","4,028,000,000","3,613,000,000","5,166,000,000","4,336,000,000","3,874,000,000",,,,,,,,,,,,,,,
NetIncomeFromContinuingAndDiscontinuedOperation,"15,000,000","-3,000,000","-6,000,000","8,000,000","16,000,000","6,000,000","20,000,000","-445,000,000","-5,000,000","-111,000,000","-62,000,000","-5,000,000","201,000,000","-18,000,000","-14,000,000","19,000,000","4,000,000","-25,000,000","129,000,000","-46,000,000","4,000,000","7,000,000","10,000,000","16,000,000","7,000,000","-18,000,000","24,000,000","-22,000,000","-24,000,000","-58,000,000","-42,000,000","17,000,000","-62,000,000","-36,000,000","-224,000,000","283,000,000","-402,000,000","-312,000,000","-299,000,000","-366,000,000","-117,000,000","-222,000,000","-179,000,000","-246,000,000","-595,000,000","-43,000,000","-168,000,000","119,000,000","443,000,000","-111,000,000","-195,000,000","-353,000,000","-918,000,000","96,000,000","495,000,000","-115,000,000","215,000,000","37,000,000","575,000,000","-151,000,000","16,000,000","-37,000,000","-282,000,000","-298,000,000","5,000,000","-1,038,000,000","-154,000,000","-142,000,000","-105,000,000","479,000,000","154,000,000","28,000,000","19,000,000","122,000,000","112,000,000","12,000,000","113,000,000","334,000,000","284,000,000","39,000,000","-206,000,000","96,000,000","36,000,000","150,000,000","194,000,000","418,000,000","506,000,000","289,000,000","475,000,000","235,000,000","491,000,000","191,000,000","272,000,000","398,000,000","495,000,000","225,000,000","-744,000,000","232,000,000","368,000,000","149,000,000","164,000,000","410,000,000","440,000,000","274,000,000","275,000,000","338,000,000","377,000,000","262,000,000","271,000,000","193,000,000","265,000,000","94,000,000","202,000,000","-67,000,000","383,000,000","149,000,000","299,000,000","189,000,000","361,000,000","145,000,000","-400,000,000","-118,000,000","357,000,000","178,000,000","326,000,000","-206,000,000","384,000,000","199,000,000","-60,000,000","329,000,000","60,000,000",,,,,,,,,,,,,,,
NormalizedIncome,"12,000,000","-1,200,000","-5,142,857.143","7,111,000","10,948,000","7,714,000","22,666,666.667","-127,450,000","110,000","-146,770,000","-23,580,000","6,060,000","-4,540,000","-10,540,000","3,220,000","19,792,000","4,800,000","-12,590,000","129,200,000","12,965,517.241","8,272,000","5,600,000","20,600,000","22,616,000","16,954,000","4,400,000","45,296,296.296","-10,400,000","-20,400,000","-38,800,000","-16,609,756.098","36,560,000","-43,750,000","-39,106,000","-142,350,000","-50,794,701.987","-79,581,151.832","-194,250,000","-124,583,333.333","-369,075,630.252","-123,500,000","-198,000,000","-167,984,615.385","-211,604,395.604","-402,816,738.817","-32,600,000","-159,850,000","66,350,000","451,119,341.564","-95,400,000","-176,050,000","-241,276,595.745","-52,884,279.476","134,666,666.667","196,750,000","-149,750,000","160,950,000","78,850,000","35,856,410.256","-117,221,052.632","45,200,000","12,800,000","-181,800,000","-226,600,000","-57,528,735.632","-935,800,000","59,771,689.498","-83,356,783.92","17,571,428.571","169,200,000","219,800,000","46,600,000","167,800,000","218,600,000","156,298,507.463","28,800,000","152,633,093.525","343,634,615.385","302,595,238.095","60,981,818.182","-17,939,939.94","134,545,454.545","241,800,000","134,598,214.286","198,619,047.619","403,495,268.139","465,044,386.423","276,463,470.32","385,277,777.778","223,746,478.873","446,842,953.02","163,903,114.187","188,155,339.806","392,059,701.493","405,900,000","215,102,639.296","140,961,182.994","268,909,090.909","349,534,050.179","239,724,444.444","400,496,598.639","399,453,376.206","408,000,000","248,617,577.197","256,437,500","346,582,031.25","351,195,325.543","246,848,192.771","194,000,000","206,959,119.497","290,578,158.458","115,000,000","221,905,956.113","370,035,971.223","292,600,000","130,755,102.041","208,413,135.593","307,689,419.795","319,812,080.537","113,583,333.333","164,669,738.863","298,400,000","340,466,552.316","153,261,016.949","303,856,603.774","463,870,503.597","360,600,000","166,600,000","-334,000,000","298,400,000","229,200,000",,,,,,,,,,,,,,,
InterestExpense,"38,000,000","9,000,000","10,000,000","9,000,000","10,000,000","4,000,000","1,000,000","3,000,000","4,000,000","4,000,000","4,000,000","4,000,000","5,000,000","3,000,000","-17,000,000","9,000,000","9,000,000","8,000,000","8,000,000","8,000,000","8,000,000","8,000,000","12,000,000","16,000,000","16,000,000","16,000,000","17,000,000","16,000,000","15,000,000","15,000,000","15,000,000","15,000,000","16,000,000","16,000,000","47,000,000","30,000,000","41,000,000","41,000,000","41,000,000","36,000,000","39,000,000","41,000,000","38,000,000","38,000,000","32,000,000","38,000,000","41,000,000","38,000,000","44,000,000","27,000,000","23,000,000","25,000,000","28,000,000","26,000,000","26,000,000","28,000,000","29,000,000","28,000,000","31,000,000",,"60,000,000","74,000,000","66,000,000","62,000,000","67,000,000",,"49,000,000","38,000,000","38,000,000",,"43,000,000","44,000,000","44,000,000","33,000,000",,,"45,000,000","40,000,000","44,000,000","44,000,000","48,000,000","52,000,000","58,000,000","61,000,000","51,000,000","48,000,000",,"37,000,000",,"39,000,000",,"30,000,000","14,000,000","32,000,000",,,,,"21,000,000","22,000,000","24,000,000","20,000,000","21,000,000","18,000,000","20,000,000","20,000,000","19,000,000","19,000,000","29,000,000","28,000,000","28,000,000","175,000,000","147,000,000","154,000,000","169,000,000","192,000,000","202,000,000","198,000,000","207,000,000",,"209,000,000","210,000,000","198,000,000","202,000,000","173,000,000","209,000,000","221,000,000","209,000,000","221,000,000","267,000,000","215,000,000",,,,,,,,,,,,,,,
NetInterestIncome,"-38,000,000","-9,000,000","-10,000,000","-9,000,000","-10,000,000","-4,000,000","-1,000,000","-3,000,000","-4,000,000","-4,000,000","-4,000,000","-4,000,000","-5,000,000","-3,000,000","17,000,000","-9,000,000","-9,000,000","-8,000,000","-4,000,000","-8,000,000","-8,000,000","-8,000,000","-9,000,000","-16,000,000","-16,000,000","-16,000,000","-16,000,000","-16,000,000","-15,000,000","-15,000,000","-15,000,000","-15,000,000","-16,000,000","-16,000,000","-47,000,000","-30,000,000","-30,000,000","-41,000,000","-41,000,000","-36,000,000","-29,000,000","-41,000,000","-38,000,000","-38,000,000","-21,000,000","-38,000,000","-41,000,000","-38,000,000","-44,000,000","-27,000,000","-23,000,000","-25,000,000","-28,000,000","-26,000,000","-26,000,000","-28,000,000","68,000,000","-28,000,000","-31,000,000",,"3,000,000","-74,000,000","-66,000,000","-62,000,000","-67,000,000",,"-49,000,000","-38,000,000","-38,000,000",,"-43,000,000","-44,000,000","-44,000,000","-33,000,000",,,"-39,000,000","-40,000,000","-44,000,000","-44,000,000","-48,000,000","-52,000,000","-58,000,000","-61,000,000","-51,000,000","-48,000,000",,"-37,000,000",,"-39,000,000",,"-30,000,000","-14,000,000","-32,000,000",,,,,"-21,000,000","-22,000,000","-24,000,000","-20,000,000","-21,000,000","-18,000,000","-20,000,000","-20,000,000","-19,000,000","-19,000,000","-29,000,000","-28,000,000","-28,000,000","-175,000,000","-147,000,000","-154,000,000","-169,000,000","-192,000,000","-202,000,000","-198,000,000","-207,000,000",,"-209,000,000","-210,000,000","-198,000,000","-202,000,000","-173,000,000","-209,000,000","-221,000,000","-209,000,000","-221,000,000","-267,000,000","-215,000,000",,,,,,,,,,,,,,,
EBIT,"58,000,000","8,000,000","3,000,000","18,000,000","29,000,000","11,000,000","19,000,000","-441,000,000","0","58,000,000","-40,000,000","1,000,000","1,000,000","-6,000,000","-41,000,000","33,000,000","14,000,000","-10,000,000","32,000,000","-50,000,000","19,000,000","18,000,000","40,000,000","42,000,000","38,000,000","18,000,000","44,000,000","18,000,000","1,000,000","-35,000,000","-26,000,000","56,000,000","-36,000,000","-44,000,000","-110,000,000","332,000,000","-532,000,000","-243,000,000","-259,000,000","-440,000,000","-29,000,000","-181,000,000","-157,000,000","-235,000,000","-661,000,000","66,000,000","-100,000,000","283,000,000","530,000,000","-72,000,000","-105,000,000","-351,000,000","-6,000,000","198,000,000","8,000,000","-101,000,000","117,000,000","126,000,000","77,000,000","-103,000,000","242,000,000","139,000,000","2,000,000","-114,000,000","-3,000,000","43,000,000","316,000,000","-78,000,000","32,000,000","223,000,000","290,000,000","63,000,000","276,000,000","294,000,000","221,000,000","64,000,000","318,000,000","468,000,000","402,000,000","130,000,000","19,000,000","237,000,000","486,000,000","262,000,000","352,000,000","660,000,000","746,000,000","456,000,000","619,000,000","377,000,000","716,000,000","278,000,000","299,000,000","626,000,000","655,000,000","350,000,000","234,000,000","434,000,000","551,000,000","384,000,000","545,000,000","626,000,000","633,000,000","400,000,000","393,000,000","545,000,000","577,000,000","410,000,000","471,000,000","369,000,000","488,000,000","370,000,000","494,000,000","559,000,000","666,000,000","407,000,000","531,000,000","675,000,000","735,000,000","394,000,000","477,000,000","688,000,000","754,000,000","456,000,000","667,000,000","835,000,000","844,000,000","498,000,000","-280,000,000","776,000,000","626,000,000","3,900,000,000","-9,553,000,000","5,029,000,000","4,134,000,000","3,328,300,000","-7,665,000,000","3,914,000,000","3,207,000,000","2,655,000,000","-7,280,500,000","3,484,500,000","2,694,600,000","2,345,400,000","-6,690,500,000","3,231,700,000"
EBITDA,"88,000,000"
ReconciledCostOfRevenue,"1,018,000,000","257,000,000","274,000,000","244,000,000","243,000,000","225,000,000","250,000,000","221,000,000","192,000,000","231,000,000","282,000,000","262,000,000","265,000,000","251,000,000","228,000,000","301,000,000","312,000,000","303,000,000","320,000,000","292,000,000","290,000,000","274,000,000","299,000,000","288,000,000","297,000,000","276,000,000","348,000,000","347,000,000","372,000,000","350,000,000","420,000,000","408,000,000","423,000,000","396,000,000","450,000,000","664,000,000","933,000,000","858,000,000","902,000,000","927,000,000","1,409,000,000","1,255,000,000","1,274,000,000","1,197,000,000","1,550,000,000","1,282,000,000","1,266,000,000","1,138,000,000","1,695,000,000","1,420,000,000","1,440,000,000","1,283,000,000","1,935,000,000","1,744,000,000","1,900,000,000","1,669,000,000","2,332,000,000","1,899,000,000","1,864,000,000","1,690,000,000","2,814,000,000","2,330,000,000","2,551,000,000","2,211,000,000","3,262,000,000","2,620,000,000","2,622,000,000","2,127,000,000","2,798,000,000","2,289,000,000","2,354,000,000","2,107,000,000","2,561,000,000","2,320,000,000","2,236,000,000","1,916,000,000","2,224,000,000","2,066,000,000","2,086,000,000","1,849,000,000","2,137,000,000","1,989,000,000","2,059,000,000","1,720,000,000","2,233,000,000","1,987,000,000","2,043,000,000","1,756,000,000","1,897,000,000","1,859,000,000","1,673,000,000","1,640,000,000","1,866,000,000","1,566,000,000","1,617,000,000","1,391,000,000","2,048,000,000","1,835,000,000","1,818,000,000","1,450,000,000","2,056,000,000","1,933,000,000","1,871,000,000","1,563,000,000","2,057,000,000","1,775,000,000","1,820,000,000","1,394,000,000","1,836,000,000","1,735,000,000","1,652,000,000","1,540,000,000","2,059,000,000","1,709,000,000","1,784,000,000","1,995,000,000","2,423,000,000","2,243,000,000","2,268,000,000","1,919,000,000","1,225,000,000","2,490,000,000","2,526,000,000","2,267,000,000","2,669,000,000","2,376,000,000","2,454,000,000","2,158,000,000","2,671,000,000","2,668,000,000","2,355,000,000",,,,,,,,,,,,,,,
ReconciledDepreciation,"30,000,000","7,000,000","8,000,000","7,000,000","8,000,000","8,000,000","8,000,000","9,000,000","10,000,000","10,000,000","12,000,000","14,000,000","14,000,000","15,000,000","15,000,000","19,000,000","20,000,000","19,000,000","18,000,000","21,000,000","22,000,000","19,000,000","23,000,000","25,000,000","27,000,000","30,000,000","32,000,000","36,000,000","39,000,000","38,000,000","38,000,000","49,000,000","56,000,000","56,000,000","29,000,000","50,000,000","59,000,000","59,000,000","58,000,000","66,000,000","71,000,000","72,000,000","76,000,000","75,000,000","89,000,000","96,000,000","92,000,000","101,000,000","99,000,000","109,000,000","106,000,000","113,000,000","120,000,000","128,000,000","125,000,000","127,000,000","176,000,000","163,000,000","198,000,000","248,000,000","315,000,000","300,000,000","345,000,000","371,000,000","465,000,000","396,000,000","274,000,000","267,000,000","377,000,000","227,000,000","212,000,000","214,000,000","210,000,000","225,000,000","193,000,000","202,000,000","217,000,000","215,000,000","201,000,000","185,000,000","233,000,000","224,000,000","232,000,000","230,000,000","236,000,000","219,000,000","218,000,000","216,000,000","248,000,000","228,000,000","213,000,000","229,000,000","234,000,000","214,000,000","211,000,000","194,000,000","228,000,000","210,000,000","197,000,000","193,000,000","242,000,000","219,000,000","229,000,000","213,000,000","275,000,000","212,000,000","210,000,000","219,000,000","270,000,000","232,000,000","130,000,000","251,000,000","284,000,000","276,000,000","199,000,000","352,000,000","407,000,000","398,000,000","372,000,000","362,000,000","410,000,000","378,000,000","354,000,000","335,000,000","355,000,000","325,000,000","309,000,000","320,000,000","350,000,000","374,000,000","301,000,000",,,,,,,,,,,,,,,
NetIncomeFromContinuingOperationNetMinorityInterest,"15,000,000","-3,000,000","-6,000,000","8,000,000","16,000,000","6,000,000","17,000,000","-445,000,000","-5,000,000","-111,000,000","-63,000,000","-10,000,000","-6,000,000","-12,000,000","-7,000,000","19,000,000","4,000,000","-25,000,000","128,000,000","-46,000,000","7,000,000","7,000,000","11,000,000","26,000,000","15,000,000","-7,000,000","24,000,000","-14,000,000","-24,000,000","-58,000,000","-41,000,000","29,000,000","-60,000,000","-55,000,000","-208,000,000","295,000,000","-400,000,000","-308,000,000","-299,000,000","-366,000,000","-117,000,000","-222,000,000","-179,000,000","-249,000,000","-584,000,000","-43,000,000","-167,000,000","119,000,000","429,000,000","-111,000,000","-191,000,000","-360,000,000","-914,000,000","101,000,000","200,000,000","-114,000,000","87,000,000","34,000,000","-152,000,000","-174,000,000","17,000,000","-37,000,000","-282,000,000","-298,000,000","-143,000,000","-1,039,000,000","-154,000,000","-143,000,000","-123,000,000","45,000,000","143,000,000","16,000,000","7,000,000","122,000,000","112,000,000","-3,000,000","136,000,000","334,000,000","284,000,000","39,000,000","-206,000,000","96,000,000","36,000,000","150,000,000","194,000,000","418,000,000","506,000,000","289,000,000","475,000,000","235,000,000","491,000,000","191,000,000","272,000,000","398,000,000","495,000,000","225,000,000","-744,000,000","232,000,000","368,000,000","149,000,000","-113,000,000","410,000,000","440,000,000","274,000,000","275,000,000","338,000,000","377,000,000","262,000,000","-79,000,000","193,000,000","295,000,000","94,000,000","204,000,000","-127,000,000","304,000,000","149,000,000","299,000,000","189,000,000","361,000,000","145,000,000","-400,000,000","-118,000,000","357,000,000","178,000,000","326,000,000","-206,000,000","384,000,000","199,000,000","-60,000,000","329,000,000","60,000,000",,,,,,,,,,,,,,,
TotalUnusualItemsExcludingGoodwill,"4,000,000","-3,000,000","-1,000,000","1,000,000","6,000,000","-2,000,000","-6,000,000","-435,000,000","-7,000,000","49,000,000","-54,000,000","-22,000,000","-2,000,000","-2,000,000","-14,000,000","-1,000,000","-1,000,000","-17,000,000","-2,000,000","-76,000,000","-2,000,000","2,000,000","-16,000,000","4,000,000","-2,000,000","-19,000,000","-25,000,000","-6,000,000","-6,000,000","-32,000,000","-25,000,000","-10,000,000","-25,000,000","-18,000,000","-101,000,000","354,000,000","-459,000,000","-175,000,000","-175,000,000","4,000,000","10,000,000","-24,000,000","-12,000,000","-41,000,000","-215,000,000","-16,000,000","-11,000,000","81,000,000","-25,000,000","-24,000,000","-23,000,000","-124,000,000","-863,000,000","-43,000,000","5,000,000","55,000,000","-85,000,000","-69,000,000","-241,000,000","-62,000,000","-47,000,000","-83,000,000","-167,000,000","-119,000,000","-104,000,000","-172,000,000","-304,000,000","-83,000,000","-176,000,000","-207,000,000","-128,000,000","-51,000,000","-268,000,000","-161,000,000","-53,000,000","-53,000,000","-17,000,000","-12,000,000","-22,000,000","-31,000,000","-304,000,000","-53,000,000","-343,000,000","23,000,000","-7,000,000","22,000,000","62,000,000","19,000,000","136,000,000","17,000,000","67,000,000","41,000,000","127,000,000","9,000,000","135,000,000","15,000,000","-1,287,000,000","-56,000,000","28,000,000","-137,000,000","-668,000,000","16,000,000","48,000,000","39,000,000","27,000,000","-13,000,000","41,000,000","24,000,000","-455,000,000","-23,000,000","7,000,000","-35,000,000","-28,000,000","-544,000,000","19,000,000","30,000,000","143,000,000","-184,000,000","68,000,000","52,000,000","-919,000,000","-694,000,000","27,000,000","41,000,000","36,000,000","-904,000,000","39,000,000","54,000,000","411,000,000","51,000,000","-282,000,000",,,,,,,,,,,,,,,
TotalUnusualItems,"4,000,000","-3,000,000","-1,000,000","1,000,000","6,000,000","-2,000,000","-6,000,000","-435,000,000","-7,000,000","49,000,000","-54,000,000","-22,000,000","-2,000,000","-2,000,000","-14,000,000","-1,000,000","-1,000,000","-17,000,000","-2,000,000","-76,000,000","-2,000,000","2,000,000","-16,000,000","4,000,000","-2,000,000","-19,000,000","-25,000,000","-6,000,000","-6,000,000","-32,000,000","-25,000,000","-10,000,000","-25,000,000","-18,000,000","-101,000,000","354,000,000","-459,000,000","-175,000,000","-175,000,000","4,000,000","10,000,000","-24,000,000","-12,000,000","-41,000,000","-215,000,000","-16,000,000","-11,000,000","81,000,000","-25,000,000","-24,000,000","-23,000,000","-124,000,000","-863,000,000","-43,000,000","5,000,000","55,000,000","-85,000,000","-69,000,000","-241,000,000","-62,000,000","-47,000,000","-83,000,000","-167,000,000","-119,000,000","-104,000,000","-172,000,000","-304,000,000","-83,000,000","-176,000,000","-207,000,000","-128,000,000","-51,000,000","-268,000,000","-161,000,000","-53,000,000","-53,000,000","-17,000,000","-12,000,000","-22,000,000","-31,000,000","-304,000,000","-53,000,000","-343,000,000","23,000,000","-7,000,000","22,000,000","62,000,000","19,000,000","136,000,000","17,000,000","67,000,000","41,000,000","127,000,000","9,000,000","135,000,000","15,000,000","-1,287,000,000","-56,000,000","28,000,000","-137,000,000","-668,000,000","16,000,000","48,000,000","39,000,000","27,000,000","-13,000,000","41,000,000","24,000,000","-455,000,000","-23,000,000","7,000,000","-35,000,000","-28,000,000","-544,000,000","19,000,000","30,000,000","143,000,000","-184,000,000","68,000,000","52,000,000","-919,000,000","-694,000,000","27,000,000","41,000,000","36,000,000","-904,000,000","39,000,000","54,000,000","411,000,000","51,000,000","-282,000,000",,,,,,,,,,,,,,,
NormalizedEBITDA,"84,000,000","18,000,000","12,000,000","24,000,000","31,000,000","21,000,000","33,000,000","3,000,000","17,000,000","19,000,000","26,000,000","37,000,000","17,000,000","11,000,000","-12,000,000","53,000,000","35,000,000","26,000,000","52,000,000","47,000,000","43,000,000","35,000,000","79,000,000","63,000,000","67,000,000","67,000,000","101,000,000","60,000,000","46,000,000","35,000,000","37,000,000","115,000,000","45,000,000","30,000,000","20,000,000","28,000,000","-14,000,000","-9,000,000","-26,000,000","-378,000,000","32,000,000","-85,000,000","-69,000,000","-119,000,000","-357,000,000","178,000,000","3,000,000","303,000,000","654,000,000","61,000,000","24,000,000","-114,000,000","977,000,000","369,000,000","128,000,000","-29,000,000","378,000,000","358,000,000","516,000,000","207,000,000","604,000,000","522,000,000","514,000,000","376,000,000","566,000,000","611,000,000","894,000,000","272,000,000","585,000,000","657,000,000","630,000,000","328,000,000","754,000,000","680,000,000","467,000,000","319,000,000","552,000,000","695,000,000","625,000,000","346,000,000","556,000,000","514,000,000","1,061,000,000","469,000,000","595,000,000","857,000,000","902,000,000","653,000,000","731,000,000","588,000,000","862,000,000","466,000,000","406,000,000","831,000,000","731,000,000","529,000,000","1,749,000,000","700,000,000","720,000,000","714,000,000","1,455,000,000","829,000,000","814,000,000","574,000,000","641,000,000","770,000,000","746,000,000","605,000,000","1,196,000,000","624,000,000","611,000,000","656,000,000","806,000,000","1,379,000,000","846,000,000","729,000,000","795,000,000","1,257,000,000","1,039,000,000","704,000,000","1,806,000,000","1,760,000,000","1,081,000,000","750,000,000","986,000,000","2,064,000,000","1,114,000,000","764,000,000","-341,000,000","1,099,000,000","1,209,000,000","3,900,000,000","-9,553,000,000","5,029,000,000","4,134,000,000","3,328,300,000","-7,665,000,000","3,914,000,000","3,207,000,000","2,655,000,000","-7,280,500,000","3,484,500,000","2,694,600,000","2,345,400,000","-6,690,500,000","3,231,700,000"
TaxRateForCalcs,"0.25","0.4","0.143","0.111","0.158","0.143","0.056","0.27","0.27","0.27","0.27","0.27","0.27","0.27","0.27","0.208","0.2","0.27","0.4","0.224","0.364","0.3","0.4","0.154","0.023","0.4","0.148","0.4","0.4","0.4","0.024","0.244","0.35","0.117","0.35","0.023","0.302","0.35","0.003","0.231","0.35","0","0.082","0.088","0.157","0.35","0.35","0.35","0.115","0.35","0.35","0.043","0.002","0.217","0.35","0.35","0.13","0.35","0.221","0.084","0.4","0.4","0.4","0.4","0.178","0.4","0.297","0.281","0.201","0.4","0.4","0.4","0.4","0.4","0.164","0.4","0.022","0.197","0.155","0.291","0.381","0.273","0.4","0.33","0.34","0.341","0.339","0.34","0.34","0.338","0.341","0.339","0.34","0.34","0.34","0.34","0.312","0.341","0.341","0.338","0.231","0.341","0.333","0.349","0.313","0.34","0.371","0.369","0.4","0.393","0.368","0.4","0.361","0.086","0.4","0.392","0.367","0.355","0.394","0.396","0.386","0.4","0.388","0.397","0.385","0.259","0.4","0.4","0.333","0.4","0.4",,,,,,,,,,,,,,,
TaxEffectOfUnusualItems,"1,000,000","-1,200,000","-142,857.143","111,000","948,000","-286,000","-333,333.333","-117,450,000","-1,890,000","13,230,000","-14,580,000","-5,940,000","-540,000","-540,000","-3,780,000","-208,000","-200,000","-4,590,000","-800,000","-17,034,482.759","-728,000","600,000","-6,400,000","616,000","-46,000","-7,600,000","-3,703,703.704","-2,400,000","-2,400,000","-12,800,000","-609,756.098","-2,440,000","-8,750,000","-2,106,000","-35,350,000","8,205,298.013","-138,581,151.832","-61,250,000","-583,333.333","924,369.748","3,500,000","0","-984,615.385","-3,604,395.604","-33,816,738.817","-5,600,000","-3,850,000","28,350,000","-2,880,658.436","-8,400,000","-8,050,000","-5,276,595.745","-1,884,279.476","-9,333,333.333","1,750,000","19,250,000","-11,050,000","-24,150,000","-53,143,589.744","-5,221,052.632","-18,800,000","-33,200,000","-66,800,000","-47,600,000","-18,528,735.632","-68,800,000","-90,228,310.502","-23,356,783.92","-35,428,571.429","-82,800,000","-51,200,000","-20,400,000","-107,200,000","-64,400,000","-8,701,492.537","-21,200,000","-366,906.475","-2,365,384.615","-3,404,761.905","-9,018,181.818","-115,939,939.94","-14,454,545.455","-137,200,000","7,598,214.286","-2,380,952.381","7,495,268.139","21,044,386.423","6,463,470.32","46,277,777.778","5,746,478.873","22,842,953.02","13,903,114.187","43,155,339.806","3,059,701.493","45,900,000","5,102,639.296","-402,038,817.006","-19,090,909.091","9,534,050.179","-46,275,555.556","-154,503,401.361","5,453,376.206","16,000,000","13,617,577.197","8,437,500","-4,417,968.75","15,195,325.543","8,848,192.771","-182,000,000","-9,040,880.503","2,578,158.458","-14,000,000","-10,094,043.887","-46,964,028.777","7,600,000","11,755,102.041","52,413,135.593","-65,310,580.205","26,812,080.537","20,583,333.333","-354,330,261.137","-277,600,000","10,466,552.316","16,261,016.949","13,856,603.774","-234,129,496.403","15,600,000","21,600,000","137,000,000","20,400,000","-112,800,000",,,,,,,,,,,,,,,