name,ttm,04/30/2022,01/31/2022,10/31/2021,07/31/2021,04/30/2021,01/31/2021,10/31/2020,07/31/2020,04/30/2020,01/31/2020,10/31/2019,07/31/2019,04/30/2019,01/31/2019,10/31/2018,07/31/2018,04/30/2018,01/31/2018,10/31/2017,07/31/2017,04/30/2017,01/31/2017,10/31/2016,07/31/2016,04/30/2016,01/31/2016,10/31/2015,07/31/2015,04/30/2015,01/31/2015,10/31/2014,07/31/2014,04/30/2014,01/31/2014,10/31/2013,07/31/2013,04/30/2013,01/31/2013,10/31/2012,07/31/2012,04/30/2012,01/31/2012,10/31/2011,07/31/2011,04/30/2011,01/31/2011,10/31/2010,07/31/2010,04/30/2010,01/31/2010,10/31/2009,07/31/2009,04/30/2009,01/31/2009,10/31/2008,07/31/2008,04/30/2008,01/31/2008,10/31/2007,07/31/2007,04/30/2007,01/31/2007,10/31/2006,07/31/2006,04/30/2006,01/31/2006,10/31/2005,07/31/2005,04/30/2005,01/31/2005,10/31/2004,07/31/2004,04/30/2004,01/31/2004,10/31/2003,07/31/2003,04/30/2003,01/31/2003,10/31/2002,07/31/2002,04/30/2002,01/31/2002,10/31/2001,07/31/2001,04/30/2001,01/31/2001,10/31/2000,07/31/2000,04/30/2000,01/31/2000,10/31/1999,07/31/1999,04/30/1999,01/31/1999,10/31/1998,07/31/1998,04/30/1998,01/31/1998,10/31/1997,07/31/1997,04/30/1997,01/31/1997,10/31/1996,07/31/1996,04/30/1996,01/31/1996,10/31/1995,07/31/1995,04/30/1995,01/31/1995,10/31/1994,07/31/1994,04/30/1994,01/31/1994,10/31/1993,07/31/1993,04/30/1993,01/31/1993,10/31/1992,08/31/1992,05/31/1992,02/29/1992,11/30/1991,08/31/1991,05/31/1991,02/28/1991,11/30/1990
TotalRevenue,"19,261,000,000","3,715,000,000","6,499,000,000","4,600,000,000","4,447,000,000","3,887,000,000","6,141,000,000","3,979,000,000","3,407,000,000","2,428,000,000","6,832,000,000","4,625,000,000","4,430,000,000","4,087,000,000","6,823,000,000","4,628,000,000","4,570,000,000","4,208,000,000","6,776,000,000","4,332,000,000","4,144,000,000","3,843,000,000","6,205,000,000","4,327,000,000","4,182,000,000","3,972,000,000","6,387,000,000","4,427,000,000","4,267,000,000","4,123,000,000","6,337,000,000","4,374,000,000","4,242,000,000","4,070,000,000","6,099,000,000","4,444,000,000","4,289,000,000","4,199,000,000","6,342,000,000","4,490,000,000","4,205,000,000","4,243,000,000","6,018,000,000","4,376,000,000","4,248,000,000","4,162,000,000","6,038,000,000","4,218,000,000","4,100,000,000","4,035,000,000","5,682,000,000","4,051,000,000","3,806,000,000","3,638,000,000","5,235,602,000","3,803,649,000","3,725,490,000","3,624,259,000","5,487,322,000","3,825,162,000","3,589,210,000","3,572,040,000","5,430,757,000","3,637,272,000","3,291,431,000","3,184,725,000","4,651,941,000","3,119,360,000","2,888,078,000","2,742,838,000","4,078,706,000","2,743,882,000","2,497,858,000","2,380,173,000","3,561,941,000","2,393,950,000","2,208,459,000","2,117,744,000","3,184,479,000","2,143,390,000","1,921,830,000","1,870,588,000","2,724,225,000","1,760,346,000","1,515,750,000","1,488,333,000","2,223,041,000","1,444,929,000","1,255,360,000","1,228,666,000","1,607,512,000","1,099,900,000","939,500,000","910,300,000","1,289,600,000","888,900,000","758,700,000","744,600,000","1,077,800,000","757,800,000","623,900,000","600,500,000","846,900,000","598,100,000","474,600,000","468,600,000","707,000,000","486,800,000","363,500,000","368,400,000","564,300,000","389,500,000","292,400,000","307,900,000","457,000,000","341,000,000","257,400,000","250,200,000","382,400,000","285,200,000","247,000,000","237,000,000","260,900,000","260,900,000","215,800,000","215,700,000","215,700,000","215,700,000"
	OperatingRevenue,"18,280,000,000","3,471,000,000","6,220,000,000","4,366,000,000","4,223,000,000","3,662,000,000","5,879,000,000","3,779,000,000","3,213,000,000","2,160,000,000","6,537,000,000","4,358,000,000","4,169,000,000","3,821,000,000","6,535,000,000","4,369,000,000","4,310,000,000","3,953,000,000","6,776,000,000","4,332,000,000","4,144,000,000","3,843,000,000","6,205,000,000","4,327,000,000","4,182,000,000","3,972,000,000","6,387,000,000","4,427,000,000","4,267,000,000","4,123,000,000","6,337,000,000","4,374,000,000","4,242,000,000","4,070,000,000","6,099,000,000","4,444,000,000","4,289,000,000","4,199,000,000","6,342,000,000","4,490,000,000","4,205,000,000","4,243,000,000","6,018,000,000","4,376,000,000","4,248,000,000","4,162,000,000","6,038,000,000","4,218,000,000","4,100,000,000","4,035,000,000","5,682,000,000","4,051,000,000","3,806,000,000","3,638,000,000","5,235,602,000","3,803,649,000","3,725,490,000","3,624,259,000","5,487,322,000","3,825,162,000","3,589,210,000","3,572,040,000","5,430,757,000","3,637,272,000","3,291,431,000","3,184,725,000","4,651,941,000","3,119,360,000","2,888,078,000","2,742,838,000","4,078,706,000","2,743,882,000","2,497,858,000","2,380,173,000","3,561,941,000","2,393,950,000","2,208,459,000","2,117,744,000","3,184,479,000","2,143,390,000","1,921,830,000","1,870,588,000","2,724,225,000","1,760,346,000","1,515,750,000","1,488,333,000","2,223,041,000","1,444,929,000","1,255,360,000","1,228,666,000","1,607,512,000","1,099,900,000","939,500,000","910,300,000","1,289,600,000","888,900,000","758,700,000","744,600,000","1,077,800,000","757,800,000","623,900,000","600,500,000","846,900,000","598,100,000","474,600,000","468,600,000","707,000,000","486,800,000","363,500,000","368,400,000","564,300,000","389,500,000","292,400,000","307,900,000","457,000,000","341,000,000","257,400,000","250,200,000","382,400,000","285,200,000","247,000,000","237,000,000","260,900,000","260,900,000","215,800,000","215,700,000","215,700,000","215,700,000"
CostOfRevenue,"11,344,000,000","2,140,000,000","4,155,000,000","2,623,000,000","2,426,000,000","2,233,000,000","4,000,000,000","2,424,000,000","2,149,000,000","1,787,000,000","4,400,000,000","2,775,000,000","2,550,000,000","2,415,000,000","4,345,000,000","2,752,000,000","2,605,000,000","2,496,000,000","4,483,000,000","2,737,000,000","2,511,000,000","2,445,000,000","4,132,000,000","2,720,000,000","2,532,000,000","2,560,000,000","4,275,000,000","2,784,000,000","2,605,000,000","2,600,000,000","4,190,000,000","2,746,000,000","2,588,000,000","2,574,000,000","4,024,000,000","2,778,000,000","2,613,000,000","2,671,000,000","4,230,000,000","2,778,000,000","2,563,000,000","2,719,000,000","3,841,000,000","2,688,000,000","2,520,000,000","2,576,000,000","3,816,000,000","2,596,000,000","2,449,000,000","2,498,000,000","3,612,000,000","2,512,000,000","2,286,000,000","2,270,000,000","3,413,387,000","2,380,852,000","2,250,552,000","2,289,209,000","3,605,412,000","2,407,131,000","2,192,801,000","2,255,719,000","3,512,455,000","2,288,141,000","2,053,385,000","2,036,532,000","3,073,381,000","1,986,766,000","1,819,493,000","1,759,638,000","2,708,116,000","1,758,331,000","1,587,809,000","1,532,736,000","2,460,290,000","1,578,608,000","1,471,656,000","1,376,479,000","2,133,528,000","1,399,097,000","1,234,773,000","1,213,821,000","1,825,039,000","1,152,038,000","978,915,000","965,098,000","1,483,809,000","947,245,000","816,139,000","802,658,000","1,078,459,000","724,200,000","614,000,000","597,100,000","864,800,000","589,300,000","502,200,000","491,100,000","729,700,000","503,900,000","415,700,000","397,300,000","579,300,000","399,600,000","318,000,000","311,800,000","482,300,000","326,100,000","242,300,000","244,000,000","382,400,000","260,400,000","191,200,000","201,100,000","307,500,000","228,100,000","167,900,000","164,000,000","254,400,000","186,300,000","161,000,000","153,600,000",,,,,,
GrossProfit,"7,917,000,000","1,575,000,000","2,344,000,000","1,977,000,000","2,021,000,000","1,654,000,000","2,141,000,000","1,555,000,000","1,258,000,000","641,000,000","2,432,000,000","1,850,000,000","1,880,000,000","1,672,000,000","2,478,000,000","1,876,000,000","1,965,000,000","1,712,000,000","2,293,000,000","1,595,000,000","1,633,000,000","1,398,000,000","2,073,000,000","1,607,000,000","1,650,000,000","1,412,000,000","2,112,000,000","1,643,000,000","1,662,000,000","1,523,000,000","2,147,000,000","1,628,000,000","1,654,000,000","1,496,000,000","2,075,000,000","1,666,000,000","1,676,000,000","1,528,000,000","2,112,000,000","1,712,000,000","1,642,000,000","1,524,000,000","2,177,000,000","1,688,000,000","1,728,000,000","1,586,000,000","2,222,000,000","1,622,000,000","1,651,000,000","1,537,000,000","2,070,000,000","1,539,000,000","1,520,000,000","1,368,000,000","1,822,215,000","1,422,797,000","1,474,938,000","1,335,050,000","1,881,910,000","1,418,031,000","1,396,409,000","1,316,321,000","1,918,302,000","1,349,131,000","1,238,046,000","1,148,193,000","1,578,560,000","1,132,594,000","1,068,585,000","983,200,000","1,370,590,000","985,551,000","910,049,000","847,437,000","1,101,651,000","815,342,000","736,803,000","741,265,000","1,050,951,000","744,293,000","687,057,000","656,767,000","899,186,000","608,308,000","536,835,000","523,235,000","739,232,000","497,684,000","439,221,000","426,008,000","529,053,000","375,700,000","325,500,000","313,200,000","424,800,000","299,600,000","256,500,000","253,500,000","348,100,000","253,900,000","208,200,000","203,200,000","267,600,000","198,500,000","156,600,000","156,800,000","224,700,000","160,700,000","121,200,000","124,400,000","181,900,000","129,100,000","101,200,000","106,800,000","149,500,000","112,900,000","89,500,000","86,200,000","128,000,000","98,900,000","86,000,000","83,400,000",,,,,,
OperatingExpense,"6,428,000,000","1,493,000,000","1,894,000,000","1,590,000,000","1,451,000,000","1,381,000,000","1,821,000,000","1,512,000,000","1,269,000,000","1,293,000,000","1,973,000,000","1,646,000,000","1,497,000,000","1,505,000,000","1,933,000,000","1,618,000,000","1,513,000,000","1,502,000,000","1,726,000,000","1,338,000,000","1,226,000,000","1,213,000,000","1,599,000,000","1,312,000,000","1,220,000,000","1,242,000,000","1,571,000,000","1,335,000,000","1,238,000,000","1,243,000,000","1,493,000,000","1,324,000,000","1,203,000,000","1,216,000,000","1,466,000,000","1,301,000,000","1,225,000,000","1,211,000,000","1,425,000,000","1,287,000,000","1,185,000,000","1,203,000,000","1,372,000,000","1,273,000,000","1,181,000,000","1,224,000,000","1,402,000,000","1,266,000,000","1,202,000,000","1,186,000,000","1,348,000,000","1,200,000,000","1,121,000,000","1,117,000,000","1,249,530,000","1,137,458,000","1,068,389,000","1,063,650,000","1,198,106,000","1,087,168,000","952,684,000","970,236,000","1,130,547,000","979,747,000","862,627,000","865,978,000","956,911,000","865,163,000","759,185,000","765,500,000","843,493,000","739,329,000","644,649,000","649,480,000","688,630,000","604,779,000","533,324,000","545,024,000","585,868,000","516,019,000","474,063,000","474,978,000","509,906,000","432,473,000","384,485,000","390,725,000","432,488,000","361,706,000","324,622,000","332,013,000","324,778,000","281,200,000","245,200,000","243,800,000","264,400,000","228,300,000","199,800,000","196,700,000","222,300,000","194,200,000","166,500,000","172,000,000","176,600,000","156,500,000","127,900,000","129,500,000","159,200,000","122,300,000","99,200,000","100,600,000","121,900,000","103,400,000","83,600,000","86,300,000","99,600,000","88,100,000","76,300,000","71,900,000","86,700,000","78,400,000","73,000,000","83,500,000",,,,,,
	SellingGeneralAndAdministration,"5,601,000,000","1,293,000,000","1,687,000,000","1,380,000,000","1,241,000,000","1,170,000,000","1,603,000,000","1,302,000,000","1,050,000,000","1,066,000,000","1,743,000,000","1,419,000,000","1,269,000,000","1,275,000,000","1,694,000,000","1,375,000,000","1,272,000,000","1,259,000,000","1,459,000,000","1,095,000,000","983,000,000","975,000,000","1,361,000,000","1,080,000,000","986,000,000","1,008,000,000","1,332,000,000","1,099,000,000","1,005,000,000","1,016,000,000","1,272,000,000","1,097,000,000","981,000,000","1,000,000,000","1,242,000,000","1,073,000,000","1,000,000,000","997,000,000","1,212,000,000","1,077,000,000","975,000,000","1,002,000,000","1,177,000,000","1,071,000,000","991,000,000","1,068,000,000","1,241,000,000","1,059,000,000","1,047,000,000","1,035,000,000","1,193,000,000","1,050,000,000","977,000,000","976,000,000","1,106,679,000","1,001,967,000","935,708,000","933,646,000","1,072,002,000","971,961,000","846,538,000","865,548,000","1,026,539,000","885,429,000","766,522,000","772,706,000","865,736,000","780,051,000","676,562,000","685,494,000","763,665,000","667,785,000","573,824,000","583,478,000","624,108,000","544,863,000","476,315,000","489,607,000","534,889,000","466,954,000","426,637,000","428,766,000","468,193,000","392,210,000","346,106,000","351,476,000","395,864,000","326,155,000","292,152,000","303,385,000","300,441,000","257,800,000","224,000,000","223,900,000","245,700,000","210,200,000","182,800,000","180,400,000","206,700,000","179,500,000","152,200,000","158,900,000","164,500,000","144,900,000","117,500,000","119,500,000","149,700,000","113,500,000","91,400,000","92,600,000","114,300,000","96,100,000","77,400,000","80,000,000","93,300,000","82,200,000","70,600,000","66,200,000","81,600,000","73,200,000","67,800,000","78,600,000",,,,,,
	DepreciationAmortizationDepletionIncomeStatement,"827,000,000","200,000,000","207,000,000","210,000,000","210,000,000","211,000,000","218,000,000","210,000,000","219,000,000","227,000,000","230,000,000","227,000,000","228,000,000","230,000,000","239,000,000","243,000,000","241,000,000","243,000,000","267,000,000","243,000,000","243,000,000","238,000,000","238,000,000","232,000,000","234,000,000","234,000,000","239,000,000","236,000,000","233,000,000","227,000,000","221,000,000","227,000,000","222,000,000","216,000,000","224,000,000","228,000,000","225,000,000","214,000,000","213,000,000","210,000,000","210,000,000","201,000,000","195,000,000","202,000,000","190,000,000","156,000,000","161,000,000","207,000,000","153,000,000","151,000,000","155,000,000","150,000,000","144,000,000","141,000,000","142,851,000","135,491,000","132,681,000","129,977,000","126,104,000","115,207,000","106,146,000","104,688,000","103,979,000","94,318,000","96,105,000","93,272,000","91,175,000","85,112,000","82,623,000","80,006,000","79,828,000","71,544,000","70,799,000","66,002,000","64,522,000","59,916,000","57,009,000","55,417,000","50,979,000","49,065,000","47,426,000","43,969,000","41,713,000","40,263,000","38,379,000","39,249,000","36,624,000","35,551,000","32,470,000","28,628,000","24,337,000","23,400,000","21,200,000","19,900,000","18,700,000","18,100,000","17,000,000","16,300,000","15,600,000","14,700,000","14,300,000","13,100,000","12,100,000","11,600,000","10,400,000","10,000,000","9,500,000","8,800,000","7,800,000","8,000,000","7,600,000","7,300,000","6,200,000","6,300,000","6,300,000","5,900,000","5,700,000","5,700,000","5,100,000","5,200,000","5,200,000","4,900,000",,,,,,
		DepreciationAndAmortizationInIncomeStatement,"827,000,000","200,000,000","207,000,000","210,000,000","210,000,000","211,000,000","218,000,000","210,000,000","219,000,000","227,000,000","230,000,000","227,000,000","228,000,000","230,000,000","239,000,000","243,000,000","241,000,000","243,000,000","267,000,000","243,000,000","243,000,000","238,000,000","238,000,000","232,000,000","234,000,000","234,000,000","239,000,000","236,000,000","233,000,000","227,000,000","221,000,000","227,000,000","222,000,000","216,000,000","224,000,000","228,000,000","225,000,000","214,000,000","213,000,000","210,000,000","210,000,000","201,000,000","195,000,000","202,000,000","190,000,000","156,000,000","161,000,000","207,000,000","153,000,000","151,000,000","155,000,000","150,000,000","144,000,000","141,000,000","142,851,000","135,491,000","132,681,000","129,977,000","126,104,000","115,207,000","106,146,000","104,688,000","103,979,000","94,318,000","96,105,000","93,272,000","91,175,000","85,112,000","82,623,000","80,006,000","79,828,000","71,544,000","70,799,000","66,002,000","64,522,000","59,916,000","57,009,000","55,417,000","50,979,000","49,065,000","47,426,000","43,969,000","41,713,000","40,263,000","38,379,000","39,249,000","36,624,000","35,551,000","32,470,000","28,628,000","24,337,000","23,400,000","21,200,000","19,900,000","18,700,000","18,100,000","17,000,000","16,300,000","15,600,000","14,700,000","14,300,000","13,100,000","12,100,000","11,600,000","10,400,000","10,000,000","9,500,000","8,800,000","7,800,000","8,000,000","7,600,000","7,300,000","6,200,000","6,300,000","6,300,000","5,900,000","5,700,000","5,700,000","5,100,000","5,200,000","5,200,000","4,900,000",,,,,,
			DepreciationIncomeStatement,,,,,,,,,,,,,,,,,,,,,,,,,,,,,,,,,,,,,,,,,,,,,,,,,,,,,,,,,,,,,,,,,,,,,,,,,,,,,,,,,,,"40,413,000","38,963,000","37,079,000",,,,,,,,,,,,,,,,,,,,,,,,,,,,,,,,,,,,,,,,,,,
			Amortization,,,,,,,,,,,,,,,,,,,,,,,,,,,,,,,,,,,,,,,,,,,,,,,,,,,,,,,,,,,,,,,,,,,,,,,,,,,,,,,,,,,"1,300,000","1,300,000","1,300,000",,,,,,,,,,,,,,,,,,,,,,,,,,,,,,,,,,,,,,,,,,,
				AmortizationOfIntangiblesIncomeStatement,,,,,,,,,,,,,,,,,,,,,,,,,,,,,,,,,,,,,,,,,,,,,,,,,,,,,,,,,,,,,,,,,,,,,,,,,,,,,,,,,,,"1,300,000","1,300,000","1,300,000",,,,,,,,,,,,,,,,,,,,,,,,,,,,,,,,,,,,,,,,,,,
	OtherOperatingExpenses,,,,,,,,,,,,,,,,,,,,,,,,,,,,,,,,,,,,,,,,,,,,,,,,,"2,000,000",,,,,,,,,"27,000",,,,,,,,,,,,,,,"26,000",,,,,,,,,"2,243,000",,,,,,,,,,,,,,,,,,,,,,,,,,,,,,,,,,,,,,,,,,,,,,
OperatingIncome,"1,489,000,000","82,000,000","450,000,000","387,000,000","570,000,000","273,000,000","320,000,000","43,000,000","-11,000,000","-652,000,000","459,000,000","204,000,000","383,000,000","167,000,000","545,000,000","258,000,000","452,000,000","210,000,000","567,000,000","257,000,000","407,000,000","185,000,000","474,000,000","295,000,000","430,000,000","170,000,000","541,000,000","308,000,000","424,000,000","280,000,000","654,000,000","304,000,000","451,000,000","280,000,000","609,000,000","365,000,000","451,000,000","317,000,000","687,000,000","425,000,000","457,000,000","321,000,000","805,000,000","415,000,000","547,000,000","362,000,000","820,000,000","356,000,000","449,000,000","351,000,000","722,000,000","339,000,000","399,000,000","251,000,000","572,685,000","285,339,000","406,549,000","271,400,000","683,804,000","330,863,000","443,725,000","346,085,000","787,755,000","369,384,000","375,419,000","282,215,000","621,649,000","267,431,000","309,400,000","217,700,000","527,097,000","246,222,000","265,400,000","197,957,000","413,021,000","210,563,000","203,479,000","196,241,000","465,083,000","228,274,000","212,994,000","181,789,000","389,280,000","175,835,000","152,350,000","132,510,000","306,744,000","135,978,000","114,599,000","93,995,000","204,275,000","94,500,000","80,300,000","69,400,000","160,400,000","71,300,000","56,700,000","56,800,000","125,800,000","59,700,000","41,700,000","31,200,000","91,000,000","42,000,000","28,700,000","27,300,000","65,500,000","38,400,000","22,000,000","23,800,000","60,000,000","25,700,000","17,600,000","20,500,000","49,900,000","24,800,000","13,200,000","14,300,000","41,300,000","20,500,000","13,000,000","-100,000","260,900,000","260,900,000","-587,600,000","215,700,000","215,700,000","215,700,000"
NetNonOperatingInterestIncomeExpense,"-261,000,000","-68,000,000","-65,000,000","-66,000,000","-62,000,000","-67,000,000","-70,000,000","-78,000,000","-78,000,000","-58,000,000","-50,000,000","-52,000,000","-53,000,000","-52,000,000","-59,000,000","-63,000,000","-65,000,000","-71,000,000","-74,000,000","-74,000,000","-75,000,000","-76,000,000","-75,000,000","-76,000,000","-78,000,000","-79,000,000","-79,000,000","-81,000,000","-84,000,000","-84,000,000","-85,000,000","-85,000,000","-85,000,000","-85,000,000","-87,000,000","-84,000,000","-84,000,000","-83,000,000","-86,000,000","-80,000,000","-80,000,000","-82,000,000","-76,000,000","-75,000,000","72,000,000","-29,000,000","-32,000,000","-79,000,000","-31,000,000","-31,000,000","-31,000,000","-31,000,000","-31,000,000","-32,000,000",,,,,,,,,,,,,,,,,,,,,,,,,,,,,,,,,,,,,,,,,,,,,,,,,,,,,,,,,,,,,,,,,,,,,,,,,,
	InterestExpenseNonOperating,"261,000,000","68,000,000","65,000,000","66,000,000","62,000,000","67,000,000","70,000,000","78,000,000","78,000,000","58,000,000","50,000,000","52,000,000","53,000,000","52,000,000","59,000,000","63,000,000","65,000,000","71,000,000","74,000,000","74,000,000","75,000,000","76,000,000","75,000,000","76,000,000","78,000,000","79,000,000","79,000,000","81,000,000","84,000,000","84,000,000","85,000,000","85,000,000","85,000,000","85,000,000","87,000,000","84,000,000","84,000,000","83,000,000","86,000,000","80,000,000","80,000,000","82,000,000",,"75,000,000",,"29,000,000","41,000,000",,"31,000,000","31,000,000","41,000,000","31,000,000","31,000,000","32,000,000",,,,,,,,,,,,,,,,,,,,,,,,,,,,,,,,,,,,,,,,,,,,,,,,,,,,,,,,,,,,,,,,,,,,,,,,,,
	TotalOtherFinanceCost,,,,,,,,,,,"50,000,000","52,000,000","53,000,000","52,000,000","59,000,000","63,000,000","65,000,000","71,000,000","74,000,000","74,000,000","75,000,000","76,000,000","75,000,000","76,000,000","78,000,000","79,000,000","79,000,000","81,000,000","84,000,000","84,000,000","85,000,000","85,000,000","85,000,000","85,000,000","87,000,000","84,000,000","84,000,000","83,000,000","85,000,000",,,,,"75,000,000","-72,000,000","29,000,000",,"79,000,000",,"-31,000,000",,"-31,000,000","-31,000,000",,,,,,,,,,,,,,,,,,,,,,,,,,,,,,,,,,,,,,,,,,,,,,,,,,,,,,,,,,,,,,,,,,,,,,,,,,,
OtherIncomeExpense,,,"0",,,"-201,000,000","-4,000,000","-21,000,000","129,000,000","-66,000,000","-58,000,000","9,000,000","-7,000,000","-49,000,000","-125,000,000",,,"-42,000,000",,,,,"0","6,000,000","-128,000,000","-64,000,000","0","-38,000,000","-131,000,000",,,,,,,,,,,,,,,,,,,,,,,,,,,,,,,,,,,,,,,,,,,,,,,,,,,,,,,,,,,,,,,,,,,,,"-7,500,000",,,,,,,,,"9,300,000","-21,600,000",,"-1,500,000",,,,,,,,,,,"100,000","-300,000",,,,,,
	GainOnSaleOfSecurity,,,,,,,"0",,"127,000,000",,,,,,,,,,,,,,,,,,,,,,,,,,,,,,,,,,,,,,,,,,,,,,,,,,,,,,,,,,,,,,,,,,,,,,,,,,,,,,,,,,,,,,,,,,,,,,,,,,,,,,,,,,,,,,,,,,,,,,,
	SpecialIncomeCharges,"0","0","0","0","0","-201,000,000","-4,000,000","-21,000,000","2,000,000","-66,000,000","-58,000,000","9,000,000","-7,000,000","-49,000,000","-125,000,000","0","0","-42,000,000","0","0","0","0","0","6,000,000","-128,000,000","-64,000,000","0","-38,000,000","-131,000,000",,,,,,,,,,,,,,,,,,,,,,,,,,,,,,,,,,,,,,,,,,,,,,,,,,,,,,,,,,,,,,,,,,,,,"-7,500,000",,,,,,,,,"9,300,000","-21,600,000",,"-1,500,000",,,,,,,,,,,"100,000","-300,000",,,,,,
		ImpairmentOfCapitalAssets,,,,,"0","0","4,000,000","21,000,000","-2,000,000","66,000,000","58,000,000","0","7,000,000","49,000,000","104,000,000",,,,"0","0","0","0","0","-6,000,000","128,000,000","64,000,000",,,,,,,,,,,,,,,,,,,,,,,,,,,,,,,,,,,,,,,,,,,,,,,,,,,,,,,,,,,,,,,,,,,,,,,,,,,,,,,,,,,,,,,,,,,,,,,,,,,,,,
		WriteOff,,,"0","0","0","0","4,000,000","21,000,000","-2,000,000","66,000,000","58,000,000","0","7,000,000","49,000,000","104,000,000",,,,"0","0","0","0","0","-6,000,000","128,000,000","64,000,000",,,,,,,,,,,,,,,,,,,,,,,,,,,,,,,,,,,,,,,,,,,,,,,,,,,,,,,,,,,,,,,,,,,,,,,,,,,,,,,,,,,,,,,,,,,,,,,,,,,,,,
		OtherSpecialCharges,,,"0",,,"201,000,000",,,,,"0","-9,000,000",,,"21,000,000",,,"42,000,000",,,,,,,,,"0","38,000,000","131,000,000",,,,,,,,,,,,,,,,,,,,,,,,,,,,,,,,,,,,,,,,,,,,,,,,,,,,,,,,,,,,,,,,,,,,,,,,,,,,,,,,,,,,,,,,,,,,,,,,,,,
		GainOnSaleOfPPE,,,,,,,,,"127,000,000",,,,,,,,,,,,,,,,,,,,,,,,,,,,,,,,,,,,,,,,,,,,,,,,,,,,,,,,,,,,,,,,,,,,,,,,,,,,,,,,,,,,,,,,,,,,,,,,,,,,,,,,,,,,,,,,,,,,,,,
PretaxIncome,"1,228,000,000","14,000,000","385,000,000","321,000,000","508,000,000","5,000,000","246,000,000","-56,000,000","40,000,000","-776,000,000","351,000,000","161,000,000","323,000,000","66,000,000","361,000,000","195,000,000","387,000,000","97,000,000","493,000,000","183,000,000","332,000,000","109,000,000","399,000,000","225,000,000","224,000,000","27,000,000","462,000,000","189,000,000","209,000,000","196,000,000","569,000,000","219,000,000","366,000,000","195,000,000","522,000,000","281,000,000","367,000,000","234,000,000","601,000,000","345,000,000","377,000,000","239,000,000","729,000,000","340,000,000","475,000,000","333,000,000","788,000,000","277,000,000","418,000,000","320,000,000","691,000,000","308,000,000","368,000,000","219,000,000","543,141,000","257,074,000","380,056,000","244,729,000","660,784,000","312,155,000","433,184,000","335,938,000","777,823,000","359,195,000","369,408,000","268,020,000","602,755,000","249,400,000","293,097,000","200,538,000","509,703,000","231,151,000","250,443,000","182,953,000","396,819,000","194,808,000","180,271,000","178,475,000","448,471,000","214,505,000","199,981,000","171,417,000","376,152,000","162,184,000","139,594,000","121,934,000","289,718,000","124,997,000","104,636,000","85,765,000","196,712,000","86,500,000","73,800,000","64,100,000","155,000,000","65,900,000","51,600,000","44,200,000","120,800,000","54,100,000","34,600,000","25,500,000","86,600,000","36,600,000","25,000,000","23,200,000","71,100,000","12,900,000","18,800,000","19,900,000","57,900,000","23,600,000","16,400,000","19,600,000","48,800,000","23,100,000","11,800,000","12,900,000","36,500,000","17,800,000","10,300,000","-5,500,000",,,,,,
TaxProvision,"290,000,000","0","86,000,000","78,000,000","126,000,000","-9,000,000","-97,000,000","-44,000,000","-7,000,000","-235,000,000","86,000,000","38,000,000","82,000,000","4,000,000","89,000,000","34,000,000","95,000,000","22,000,000","25,000,000","66,000,000","124,000,000","43,000,000","146,000,000","79,000,000","84,000,000","10,000,000","166,000,000","69,000,000","79,000,000","69,000,000","200,000,000","77,000,000","134,000,000","70,000,000","188,000,000","104,000,000","136,000,000","87,000,000","224,000,000","130,000,000","137,000,000","85,000,000","273,000,000","129,000,000","176,000,000","122,000,000","296,000,000","101,000,000","158,000,000","121,000,000","260,000,000","115,000,000","139,000,000","82,000,000","207,268,000","96,917,000","144,041,000","91,774,000","249,115,000","118,150,000","163,960,000","126,985,000","293,240,000","134,699,000","137,050,000","100,775,000","227,842,000","94,273,000","105,911,000","75,804,000","192,668,000","87,375,000","94,668,000","69,159,000","149,995,000","73,638,000","68,126,000","67,462,000","169,520,000","81,084,000","75,593,000","64,796,000","142,330,000","61,954,000","53,081,000","46,823,000","111,224,000","48,251,000","40,346,000","33,147,000","76,170,000","33,500,000","28,600,000","24,800,000","60,900,000","25,900,000","20,300,000","17,400,000","48,200,000","21,600,000","13,800,000","10,200,000","34,600,000","14,700,000","10,200,000","9,400,000","29,000,000","5,300,000","7,700,000","8,100,000","24,000,000","9,800,000","6,900,000","8,300,000","20,600,000","10,000,000","4,900,000","5,400,000","16,100,000","7,700,000","4,700,000","-2,100,000",,,,,,
NetIncomeCommonStockholders,"938,000,000","14,000,000","299,000,000","243,000,000","382,000,000","14,000,000","343,000,000","-12,000,000","47,000,000","-541,000,000","265,000,000","123,000,000","241,000,000","62,000,000","272,000,000","161,000,000","292,000,000","75,000,000","468,000,000","117,000,000","208,000,000","66,000,000","253,000,000","146,000,000","140,000,000","17,000,000","296,000,000","120,000,000","130,000,000","127,000,000","369,000,000","142,000,000","232,000,000","125,000,000","334,000,000","177,000,000","231,000,000","147,000,000","377,000,000","215,000,000","240,000,000","154,000,000","456,000,000","211,000,000","299,000,000","211,000,000","492,000,000","176,000,000","260,000,000","199,000,000","431,000,000","193,000,000","229,000,000","137,000,000","335,873,000","160,157,000","236,015,000","152,955,000","411,669,000","194,005,000","269,224,000","208,953,000","484,583,000","224,496,000","232,358,000","167,245,000","374,913,000","155,127,000","187,186,000","124,734,000","317,035,000","143,776,000","155,775,000","113,794,000","246,824,000","121,170,000","112,145,000","111,013,000","278,951,000","133,421,000","124,388,000","106,621,000","233,822,000","100,230,000","86,513,000","75,111,000","178,494,000","76,746,000","64,290,000","52,618,000","120,542,000","53,000,000","45,200,000","39,300,000","94,100,000","40,000,000","31,300,000","26,800,000","72,600,000","32,500,000","20,800,000","15,300,000","52,000,000","21,900,000","14,800,000","13,800,000","42,100,000","7,600,000","11,100,000","11,800,000","33,900,000","13,800,000","9,500,000","11,300,000","26,400,000","13,100,000","6,900,000","7,500,000","22,500,000","10,100,000","3,500,000","-3,400,000","8,200,000","8,400,000","3,800,000","3,800,000","3,700,000","3,700,000"
	NetIncome,"938,000,000","14,000,000","299,000,000","243,000,000","382,000,000","14,000,000","343,000,000","-12,000,000","47,000,000","-541,000,000","265,000,000","123,000,000","241,000,000","62,000,000","272,000,000","161,000,000","292,000,000","75,000,000","468,000,000","117,000,000","208,000,000","66,000,000","253,000,000","146,000,000","140,000,000","17,000,000","296,000,000","120,000,000","130,000,000","127,000,000","369,000,000","142,000,000","232,000,000","125,000,000","334,000,000","177,000,000","231,000,000","147,000,000","377,000,000","215,000,000","240,000,000","154,000,000","456,000,000","211,000,000","299,000,000","211,000,000","492,000,000","176,000,000","260,000,000","199,000,000","431,000,000","193,000,000","229,000,000","137,000,000","335,873,000","160,157,000","236,015,000","152,955,000","411,669,000","194,005,000","269,224,000","208,953,000","484,583,000","224,496,000","232,358,000","167,245,000","374,913,000","155,127,000","187,186,000","124,734,000","317,035,000","143,776,000","155,775,000","113,794,000","246,824,000","121,170,000","112,145,000","111,013,000","278,951,000","133,421,000","124,388,000","106,621,000","233,822,000","100,230,000","86,513,000","75,111,000","178,494,000","76,746,000","64,290,000","52,618,000","120,542,000","53,000,000","45,200,000","39,300,000","94,100,000","40,000,000","31,300,000","26,800,000","72,600,000","32,500,000","20,800,000","15,300,000","52,000,000","21,900,000","14,800,000","13,800,000","42,100,000","7,600,000","11,100,000","11,800,000","33,900,000","13,800,000","9,500,000","11,300,000","26,400,000","13,100,000","6,900,000","7,500,000","22,500,000","10,100,000","3,500,000","-3,400,000","8,200,000","8,400,000","3,800,000","3,800,000","3,700,000","3,700,000"
		NetIncomeIncludingNoncontrollingInterests,"938,000,000","14,000,000","299,000,000","243,000,000","382,000,000","14,000,000","343,000,000","-12,000,000","47,000,000","-541,000,000","265,000,000","123,000,000","241,000,000","62,000,000","272,000,000","161,000,000","292,000,000","75,000,000","468,000,000","117,000,000","208,000,000","66,000,000","253,000,000","146,000,000","140,000,000","17,000,000","296,000,000","120,000,000","130,000,000","127,000,000","369,000,000","142,000,000","232,000,000","125,000,000","334,000,000","177,000,000","231,000,000","147,000,000","377,000,000","215,000,000","240,000,000","154,000,000","456,000,000","211,000,000","299,000,000","211,000,000","492,000,000","176,000,000","260,000,000","199,000,000","431,000,000","193,000,000","229,000,000","137,000,000","335,873,000","160,157,000","236,015,000","152,955,000","411,669,000","194,005,000","269,224,000","208,953,000","484,583,000","224,496,000","232,358,000","167,245,000","374,913,000","155,127,000","187,186,000","124,734,000","317,035,000","143,776,000","155,775,000","113,794,000","246,824,000","121,170,000","112,145,000","111,013,000","278,951,000","133,421,000","124,388,000","106,621,000","233,822,000","100,230,000","86,513,000","75,111,000","178,494,000","76,746,000","64,290,000","52,618,000","120,542,000","53,000,000","45,200,000","39,300,000","94,100,000","40,000,000","31,300,000","26,800,000","72,600,000","32,500,000","20,800,000","15,300,000","52,000,000","21,900,000","14,800,000","13,800,000","42,100,000","7,600,000","11,100,000","11,800,000","33,900,000","13,800,000","9,500,000","11,300,000","26,400,000","13,100,000","6,900,000","7,500,000","22,500,000","10,100,000","3,500,000","-3,400,000","8,200,000","8,400,000","3,800,000","3,800,000","3,700,000","3,700,000"
			NetIncomeContinuousOperations,"938,000,000","14,000,000","299,000,000","243,000,000","382,000,000","14,000,000","343,000,000","-12,000,000","47,000,000","-541,000,000","265,000,000","123,000,000","241,000,000","62,000,000","272,000,000","161,000,000","292,000,000","75,000,000","468,000,000","117,000,000","208,000,000","66,000,000","253,000,000","146,000,000","140,000,000","17,000,000","296,000,000","120,000,000","130,000,000","127,000,000","369,000,000","142,000,000","232,000,000","125,000,000","334,000,000","177,000,000","231,000,000","147,000,000","377,000,000","215,000,000","240,000,000","154,000,000","456,000,000","211,000,000","299,000,000","211,000,000","492,000,000","176,000,000","260,000,000","199,000,000","431,000,000","193,000,000","229,000,000","137,000,000","335,873,000","160,157,000","236,015,000","152,955,000","411,669,000","194,005,000","269,224,000","208,953,000","484,583,000","224,496,000","232,358,000","167,245,000","374,913,000","155,127,000","187,186,000","124,734,000","317,035,000","143,776,000","155,775,000","113,794,000","246,824,000","121,170,000","112,145,000","111,013,000","278,951,000","133,421,000","124,388,000","106,621,000","233,822,000","100,230,000","86,513,000","75,111,000","178,494,000","76,746,000","64,290,000","52,618,000","120,542,000","53,000,000","45,200,000","39,300,000","94,100,000","40,000,000","31,300,000","26,800,000","72,600,000","32,500,000","20,800,000","15,300,000","52,000,000","21,900,000","14,800,000","13,800,000","42,100,000","7,600,000","11,100,000","11,800,000","33,900,000","13,800,000","9,500,000","11,300,000","28,200,000","13,100,000","6,900,000","7,500,000","20,400,000","10,100,000","5,600,000","-3,400,000","7,600,000","7,700,000","3,800,000","3,800,000","3,700,000","3,700,000"
			NetIncomeFromTaxLossCarryforward,,,,,,,,,,,,,,,,,,,,,,,,,,,,,,,,,,,,,,,,,,,,,,,,,,,,,,,,,,,,,,,,,,,,,,,,,,,,,,,,,,,,,,,,,,,,,,,,,,,,,,,,,,,,,,,,,,,,,,,,,"-2,100,000",,"600,000","700,000",,,,
DilutedNIAvailtoComStockholders,"938,000,000","14,000,000","299,000,000","243,000,000","382,000,000","14,000,000","343,000,000","-12,000,000","47,000,000","-541,000,000","265,000,000","123,000,000","241,000,000","62,000,000","272,000,000","161,000,000","292,000,000","75,000,000","468,000,000","117,000,000","208,000,000","66,000,000","253,000,000","146,000,000","140,000,000","17,000,000","296,000,000","120,000,000","130,000,000","127,000,000","369,000,000","142,000,000","232,000,000","125,000,000","334,000,000","177,000,000","231,000,000","147,000,000","377,000,000","215,000,000","240,000,000","154,000,000","456,000,000","211,000,000","299,000,000","211,000,000","492,000,000","176,000,000","260,000,000","199,000,000","431,000,000","193,000,000","229,000,000","137,000,000","335,873,000","160,157,000","236,015,000","152,955,000","411,669,000","194,005,000","269,224,000","208,953,000","484,583,000","224,496,000","232,358,000","167,245,000","374,913,000","155,127,000","187,186,000","124,734,000","317,035,000","143,776,000","155,775,000","113,794,000","246,824,000","121,170,000","112,145,000","111,013,000","278,951,000","133,421,000","124,388,000","106,621,000","233,822,000","100,230,000","86,513,000","75,111,000","178,494,000","76,746,000","64,290,000","52,618,000","120,542,000","53,000,000","45,200,000","39,300,000","94,100,000","40,000,000","31,300,000","26,800,000","72,600,000","32,500,000","20,800,000","15,300,000","52,000,000","21,900,000","14,800,000","13,800,000","42,100,000","7,600,000","11,100,000","11,800,000","33,900,000","13,800,000","9,500,000","11,300,000","26,400,000","13,100,000","6,900,000","7,500,000","22,500,000","10,100,000","3,500,000","-3,400,000","8,200,000","8,400,000","3,800,000","3,800,000","3,700,000","3,700,000"
BasicEPS,,"0.11",,"1.67","2.51","0.09","2.23","-0.08","0.31","-3.52","1.72","0.79","1.52","0.38","1.68","0.98","1.77","0.46","2.83","0.7","1.24","0.39","1.45","0.82","0.77","0.09","1.58","0.63","0.66","0.64","1.85","0.7","1.14","0.6","1.57","0.82","1.05","0.66","1.66","0.92","1.01","0.63",,"0.8","1.1","0.73",,"0.63","0.84","0.65",,"0.63","0.76","0.45",,"0.53","0.77","0.5",,"0.61","0.84","0.65",,"0.69","0.7","0.48",,"0.45","0.54","0.36",,"0.42","0.46","0.33",,"0.36","0.33","0.33",,"0.4","0.37","0.32",,"0.3","0.26","0.23",,"0.23","0.19","0.16",,"0.17","0.14","0.13",,"0.13","0.1","0.09",,"0.11","0.07","0.06",,"0.08","0.05","0.05",,"0.03","0.04","0.04",,"0.05","0.04","0.04",,"0.05","0.03","0.03",,"0.04",,"-0.02","0.05","0.05",,"0.02","0.02","0.02"
DilutedEPS,,"0.11",,"1.65","2.48","0.09","2.2","-0.08","0.3","-3.52","1.72","0.78","1.51","0.38","1.67","0.98","1.76","0.45","2.81","0.7","1.24","0.39","1.44","0.82","0.77","0.09","1.58","0.63","0.66","0.63","1.83","0.7","1.13","0.6","1.56","0.81","1.04","0.66","1.66","0.91","1","0.63",,"0.8","1.09","0.73",,"0.63","0.84","0.64",,"0.63","0.75","0.448",,"0.52","0.77","0.49",,"0.61","0.83","0.64",,"0.68","0.69","0.48",,"0.45","0.54","0.36",,"0.42","0.45","0.33",,"0.35","0.33","0.32",,"0.39","0.36","0.31",,"0.29","0.25","0.22",,"0.23","0.19","0.16",,"0.16","0.14","0.12",,"0.13","0.1","0.09",,"0.11","0.07","0.06",,"0.08","0.05","0.05",,"0.03","0.04","0.04",,"0.05","0.04","0.04",,"0.05","0.03","0.03",,"0.04",,"-0.02","0.05","0.05",,"0.02","0.02","0.02"
BasicAverageShares,,"127,000,000",,"145,000,000","152,000,000","154,000,000","154,000,000","154,000,000","154,000,000","154,000,000","154,000,000","156,000,000","159,000,000","161,000,000","162,000,000","164,000,000","165,000,000","165,000,000","165,000,000","166,000,000","168,000,000","170,000,000","174,000,000","177,000,000","180,000,000","183,000,000","187,000,000","191,000,000","196,000,000","200,000,000","199,000,000","202,000,000","204,000,000","206,000,000","213,000,000","216,000,000","220,000,000","222,000,000","227,000,000","233,000,000","238,000,000","243,000,000",,"264,000,000","276,000,000","288,000,000",,"307,000,000","307,000,000","307,000,000",,"305,000,000","305,000,000","305,000,000",,"304,567,000","305,866,000","308,531,000",,"316,948,000","320,488,000","321,775,000",,"326,904,000","333,394,000","345,277,000",,"344,441,000","344,066,000","343,526,000",,"342,312,000","341,030,000","340,434,000",,"339,751,000","338,954,000","338,013,000",,"336,923,000","336,662,000","335,858,000",,"334,616,000","334,159,000","332,784,000",,"331,196,000","329,848,000","327,806,000",,"162,953,000","325,646,000","320,872,000",,"307,692,308","313,000,000","297,777,778",,"295,454,545","297,142,857","255,000,000",,"273,750,000","296,000,000","276,000,000",,"253,333,333","277,500,000","295,000,000",,"276,000,000","237,500,000","282,500,000",,"262,000,000","230,000,000","250,000,000",,"252,500,000",,"207,500,000","280,304,000","280,304,000",,"280,304,000","280,304,000","280,304,000"
DilutedAverageShares,,"129,000,000",,"147,000,000","154,000,000","156,000,000","156,000,000","154,000,000","155,000,000","155,000,000","154,000,000","157,000,000","159,000,000","162,000,000","163,000,000","165,000,000","166,000,000","167,000,000","167,000,000","166,000,000","168,000,000","171,000,000","175,000,000","177,000,000","181,000,000","184,000,000","187,000,000","192,000,000","197,000,000","202,000,000","201,000,000","203,000,000","205,000,000","208,000,000","215,000,000","218,000,000","222,000,000","223,000,000","228,000,000","235,000,000","239,000,000","245,000,000",,"265,000,000","278,000,000","290,000,000",,"308,000,000","308,000,000","309,000,000",,"308,000,000","306,000,000","306,000,000",,"305,386,000","306,708,000","309,396,000",,"318,593,000","323,213,000","325,068,000",,"329,814,000","335,694,000","347,285,000",,"346,778,000","346,772,000","345,906,000",,"344,896,000","344,195,000","343,858,000",,"344,447,000","343,665,000","342,847,000",,"346,766,000","343,439,000","342,615,000",,"342,292,000","342,118,000","341,142,000",,"339,693,000","338,973,000","336,353,000",,"167,675,000","335,096,000","330,752,000",,"307,692,308","313,000,000","297,777,778",,"295,454,545","297,142,857","255,000,000",,"273,750,000","296,000,000","276,000,000",,"253,333,333","277,500,000","295,000,000",,"276,000,000","237,500,000","282,500,000",,"262,000,000","230,000,000","250,000,000",,"252,500,000",,"207,500,000","280,304,000","280,304,000",,"280,304,000","280,304,000","280,304,000"
TotalOperatingIncomeAsReported,"1,489,000,000","82,000,000","450,000,000","387,000,000","570,000,000","273,000,000","316,000,000","22,000,000","118,000,000","-718,000,000","401,000,000","204,000,000","376,000,000","118,000,000","441,000,000","258,000,000","452,000,000","210,000,000","567,000,000","257,000,000","407,000,000","185,000,000","474,000,000","301,000,000","302,000,000","106,000,000","541,000,000","308,000,000","424,000,000","280,000,000","654,000,000","304,000,000","451,000,000","280,000,000","609,000,000","365,000,000","451,000,000","317,000,000","686,000,000",,,,,,,,,,,,,,,,,,,,,,,,,,,,,,,,,,,,,,,,,,,,,,,,,,,,,,,,,,,,,,,,,,,,,,,,,,,,,,,,,,,,,,,,,
TotalExpenses,"17,772,000,000","3,633,000,000","6,049,000,000","4,213,000,000","3,877,000,000","3,614,000,000","5,821,000,000","3,936,000,000","3,418,000,000","3,080,000,000","6,373,000,000","4,421,000,000","4,047,000,000","3,920,000,000","6,278,000,000","4,370,000,000","4,118,000,000","3,998,000,000","6,209,000,000","4,075,000,000","3,737,000,000","3,658,000,000","5,731,000,000","4,032,000,000","3,752,000,000","3,802,000,000","5,846,000,000","4,119,000,000","3,843,000,000","3,843,000,000","5,683,000,000","4,070,000,000","3,791,000,000","3,790,000,000","5,490,000,000","4,079,000,000","3,838,000,000","3,882,000,000","5,655,000,000","4,065,000,000","3,748,000,000","3,922,000,000","5,213,000,000","3,961,000,000","3,701,000,000","3,800,000,000","5,218,000,000","3,862,000,000","3,651,000,000","3,684,000,000","4,960,000,000","3,712,000,000","3,407,000,000","3,387,000,000","4,662,917,000","3,518,310,000","3,318,941,000","3,352,859,000","4,803,518,000","3,494,299,000","3,145,485,000","3,225,955,000","4,643,002,000","3,267,888,000","2,916,012,000","2,902,510,000","4,030,292,000","2,851,929,000","2,578,678,000","2,525,138,000","3,551,609,000","2,497,660,000","2,232,458,000","2,182,216,000","3,148,920,000","2,183,387,000","2,004,980,000","1,921,503,000","2,719,396,000","1,915,116,000","1,708,836,000","1,688,799,000","2,334,945,000","1,584,511,000","1,363,400,000","1,355,823,000","1,916,297,000","1,308,951,000","1,140,761,000","1,134,671,000","1,403,237,000","1,005,400,000","859,200,000","840,900,000","1,129,200,000","817,600,000","702,000,000","687,800,000","952,000,000","698,100,000","582,200,000","569,300,000","755,900,000","556,100,000","445,900,000","441,300,000","641,500,000","448,400,000","341,500,000","344,600,000","504,300,000","363,800,000","274,800,000","287,400,000","407,100,000","316,200,000","244,200,000","235,900,000","341,100,000","264,700,000","234,000,000","237,100,000",,,,,,
NetIncomeFromContinuingAndDiscontinuedOperation,"938,000,000","14,000,000","299,000,000","243,000,000","382,000,000","14,000,000","343,000,000","-12,000,000","47,000,000","-541,000,000","265,000,000","123,000,000","241,000,000","62,000,000","272,000,000","161,000,000","292,000,000","75,000,000","468,000,000","117,000,000","208,000,000","66,000,000","253,000,000","146,000,000","140,000,000","17,000,000","296,000,000","120,000,000","130,000,000","127,000,000","369,000,000","142,000,000","232,000,000","125,000,000","334,000,000","177,000,000","231,000,000","147,000,000","377,000,000","215,000,000","240,000,000","154,000,000","456,000,000","211,000,000","299,000,000","211,000,000","492,000,000","176,000,000","260,000,000","199,000,000","431,000,000","193,000,000","229,000,000","137,000,000","335,873,000","160,157,000","236,015,000","152,955,000","411,669,000","194,005,000","269,224,000","208,953,000","484,583,000","224,496,000","232,358,000","167,245,000","374,913,000","155,127,000","187,186,000","124,734,000","317,035,000","143,776,000","155,775,000","113,794,000","246,824,000","121,170,000","112,145,000","111,013,000","278,951,000","133,421,000","124,388,000","106,621,000","233,822,000","100,230,000","86,513,000","75,111,000","178,494,000","76,746,000","64,290,000","52,618,000","120,542,000","53,000,000","45,200,000","39,300,000","94,100,000","40,000,000","31,300,000","26,800,000","72,600,000","32,500,000","20,800,000","15,300,000","52,000,000","21,900,000","14,800,000","13,800,000","42,100,000","7,600,000","11,100,000","11,800,000","33,900,000","13,800,000","9,500,000","11,300,000","28,200,000","13,100,000","6,900,000","7,500,000","20,400,000","10,100,000","5,600,000","-3,400,000","7,600,000","7,700,000","3,800,000","3,800,000","3,700,000","3,700,000"
NormalizedIncome,"938,000,000","14,000,000","299,000,000","243,000,000","382,000,000","160,730,000","345,920,000","3,330,000","-47,170,000","-494,998,000","308,789,173.789","116,124,000","246,229,000","107,913,000","366,182,825.485","161,000,000","292,000,000","107,424,000","468,000,000","117,000,000","208,000,000","66,000,000","253,000,000","142,100,000","220,000,000","56,936,000","296,000,000","144,130,000","211,351,000","127,000,000","369,000,000","142,000,000","232,000,000","125,000,000","334,000,000","177,000,000","231,000,000","147,000,000","377,000,000","215,000,000","240,000,000","154,000,000","456,000,000","211,000,000","299,000,000","211,000,000","492,000,000","176,000,000","260,000,000","199,000,000","431,000,000","193,000,000","229,000,000","137,000,000","335,873,000","160,157,000","236,015,000","152,955,000","411,669,000","194,005,000","269,224,000","208,953,000","484,583,000","224,496,000","232,358,000","167,245,000","374,913,000","155,127,000","187,186,000","124,734,000","317,035,000","143,776,000","155,775,000","113,794,000","246,824,000","121,170,000","112,145,000","111,013,000","278,951,000","133,421,000","124,388,000","106,621,000","233,822,000","100,230,000","86,513,000","75,111,000","178,494,000","76,746,000","64,290,000","52,618,000","120,542,000","53,000,000","45,200,000","39,300,000","94,100,000","40,000,000","31,300,000","31,347,511.312","72,600,000","32,500,000","20,800,000","15,300,000","52,000,000","21,900,000","14,800,000","13,800,000","36,520,000","20,560,000","11,100,000","12,700,000","33,900,000","13,800,000","9,500,000","11,300,000","28,200,000","13,100,000","6,900,000","7,500,000","20,400,000","10,100,000","5,540,000","-3,214,545.455","7,600,000","7,700,000","3,800,000","3,800,000","3,700,000","3,700,000"
InterestExpense,"261,000,000","68,000,000","65,000,000","66,000,000","62,000,000","67,000,000","70,000,000","78,000,000","78,000,000","58,000,000","50,000,000","52,000,000","53,000,000","52,000,000","59,000,000","63,000,000","65,000,000","71,000,000","74,000,000","74,000,000","75,000,000","76,000,000","75,000,000","76,000,000","78,000,000","79,000,000","79,000,000","81,000,000","84,000,000","84,000,000","85,000,000","85,000,000","85,000,000","85,000,000","87,000,000","84,000,000","84,000,000","83,000,000","86,000,000","80,000,000","80,000,000","82,000,000",,"75,000,000",,"29,000,000","41,000,000",,"31,000,000","31,000,000","41,000,000","31,000,000","31,000,000","32,000,000",,,,,,,,,,,,,,,,,,,,,,,,,,,,,,,,,,,,,,,,,,,,,,,,,,,,,,,,,,,,,,,,,,,,,,,,,,
NetInterestIncome,"-261,000,000","-68,000,000","-65,000,000","-66,000,000","-62,000,000","-67,000,000","-70,000,000","-78,000,000","-78,000,000","-58,000,000","-50,000,000","-52,000,000","-53,000,000","-52,000,000","-59,000,000","-63,000,000","-65,000,000","-71,000,000","-74,000,000","-74,000,000","-75,000,000","-76,000,000","-75,000,000","-76,000,000","-78,000,000","-79,000,000","-79,000,000","-81,000,000","-84,000,000","-84,000,000","-85,000,000","-85,000,000","-85,000,000","-85,000,000","-87,000,000","-84,000,000","-84,000,000","-83,000,000","-86,000,000","-80,000,000","-80,000,000","-82,000,000","-76,000,000","-75,000,000","72,000,000","-29,000,000","-32,000,000","-79,000,000","-31,000,000","-31,000,000","-31,000,000","-31,000,000","-31,000,000","-32,000,000",,,,,,,,,,,,,,,,,,,,,,,,,,,,,,,,,,,,,,,,,,,,,,,,,,,,,,,,,,,,,,,,,,,,,,,,,,
EBIT,"1,489,000,000","82,000,000","450,000,000","387,000,000","570,000,000","72,000,000","316,000,000","22,000,000","118,000,000","-718,000,000","401,000,000","213,000,000","376,000,000","118,000,000","420,000,000","258,000,000","452,000,000","168,000,000","567,000,000","257,000,000","407,000,000","185,000,000","474,000,000","301,000,000","302,000,000","106,000,000","541,000,000","270,000,000","293,000,000","280,000,000","654,000,000","304,000,000","451,000,000","280,000,000","609,000,000","365,000,000","451,000,000","317,000,000","687,000,000","425,000,000","457,000,000","321,000,000","809,000,000","415,000,000","547,000,000","362,000,000","829,000,000","356,000,000","449,000,000","351,000,000","732,000,000","339,000,000","399,000,000","251,000,000","572,685,000","285,339,000","406,549,000","271,400,000","683,804,000","330,863,000","443,725,000","346,085,000","787,755,000","369,384,000","375,419,000","282,215,000","621,649,000","267,431,000","309,400,000","217,700,000","527,097,000","246,222,000","265,400,000","197,957,000","413,021,000","210,563,000","203,479,000","196,241,000","465,083,000","228,274,000","212,994,000","181,789,000","389,280,000","175,835,000","152,350,000","132,510,000","306,744,000","135,978,000","114,599,000","93,995,000","204,275,000","94,500,000","80,300,000","69,400,000","160,400,000","71,300,000","56,700,000","56,800,000","125,800,000","59,700,000","41,700,000","31,200,000","91,000,000","42,000,000","28,700,000","27,300,000","65,500,000","38,400,000","22,000,000","23,800,000","60,000,000","25,700,000","17,600,000","20,500,000","49,900,000","24,800,000","13,200,000","14,300,000","41,300,000","20,500,000","13,000,000","-100,000","260,900,000","260,900,000","-587,600,000","215,700,000","215,700,000","215,700,000"
EBITDA,"2,316,000,000"
ReconciledCostOfRevenue,"11,344,000,000","2,140,000,000","4,155,000,000","2,623,000,000","2,426,000,000","2,233,000,000","4,000,000,000","2,424,000,000","2,149,000,000","1,787,000,000","4,400,000,000","2,773,000,000","2,550,000,000","2,415,000,000","4,345,000,000","2,753,000,000","2,606,000,000","2,496,000,000","4,483,000,000","2,738,000,000","2,510,000,000","2,445,000,000","4,132,000,000","2,720,000,000","2,532,000,000","2,560,000,000","4,275,000,000","2,784,000,000","2,606,000,000","2,600,000,000","4,190,000,000","2,746,000,000","2,588,000,000","2,574,000,000","4,024,000,000","2,780,000,000","2,613,000,000","2,671,000,000","4,230,000,000","2,779,000,000","2,563,000,000","2,719,000,000","3,841,000,000","2,689,000,000","2,484,000,000","2,576,000,000","3,816,000,000","2,613,000,000","2,449,000,000","2,497,000,000","3,612,000,000","2,511,000,000","2,286,000,000","2,270,000,000","3,412,609,000","2,380,435,000","2,250,154,000","2,288,802,000","3,605,086,000","2,406,805,000","2,192,613,000","2,255,533,000","3,512,266,000","2,287,865,000","2,053,180,000","2,036,361,000","3,073,161,000","1,986,550,000","1,819,255,000","1,759,402,000","2,707,880,000","1,758,099,000","1,587,575,000","1,532,503,000","2,460,032,000","1,578,343,000","1,464,253,000","1,373,793,000","2,130,860,000","1,396,486,000","1,232,221,000","1,211,300,000","1,822,539,000","1,149,563,000","976,445,000","965,098,000","1,483,809,000","947,245,000","816,139,000","802,658,000","1,078,459,000","724,200,000","614,000,000","597,100,000","864,800,000","589,200,000","502,200,000","491,100,000","729,700,000","503,900,000","415,700,000","397,300,000","579,300,000","399,500,000","318,000,000","311,800,000","482,300,000","326,200,000","242,300,000","244,000,000","382,400,000","260,300,000","191,300,000","201,100,000","307,500,000","227,800,000","167,800,000","164,000,000","254,400,000","186,300,000","161,000,000","153,600,000",,,,,,
ReconciledDepreciation,"827,000,000","200,000,000","207,000,000","210,000,000","210,000,000","211,000,000","218,000,000","210,000,000","219,000,000","227,000,000","230,000,000","229,000,000","228,000,000","230,000,000","239,000,000","242,000,000","240,000,000","243,000,000","267,000,000","242,000,000","244,000,000","238,000,000","238,000,000","232,000,000","234,000,000","234,000,000","239,000,000","236,000,000","232,000,000","227,000,000","221,000,000","227,000,000","222,000,000","216,000,000","224,000,000","226,000,000","225,000,000","214,000,000","213,000,000","209,000,000","210,000,000","201,000,000","195,000,000","201,000,000","226,000,000","156,000,000","161,000,000","190,000,000","153,000,000","152,000,000","155,000,000","151,000,000","144,000,000","141,000,000","143,629,000","135,908,000","133,079,000","130,384,000","126,430,000","115,533,000","106,334,000","104,874,000","104,168,000","94,594,000","96,310,000","93,443,000","91,395,000","85,328,000","82,861,000","80,242,000","80,064,000","71,776,000","71,033,000","66,235,000","64,780,000","60,181,000","64,412,000","58,103,000","53,647,000","51,676,000","49,978,000","46,490,000","44,213,000","42,738,000","40,849,000","39,249,000","36,624,000","35,551,000","32,470,000","28,628,000","24,337,000","23,400,000","21,200,000","19,900,000","18,700,000","18,200,000","17,000,000","16,300,000","15,600,000","14,700,000","14,300,000","13,100,000","12,100,000","11,700,000","10,400,000","10,000,000","9,500,000","8,700,000","7,800,000","8,000,000","7,600,000","7,400,000","6,100,000","6,300,000","6,300,000","6,200,000","5,800,000","5,700,000","5,100,000","5,200,000","5,200,000","4,900,000",,,,,,
NetIncomeFromContinuingOperationNetMinorityInterest,"938,000,000","14,000,000","299,000,000","243,000,000","382,000,000","14,000,000","343,000,000","-12,000,000","47,000,000","-541,000,000","265,000,000","123,000,000","241,000,000","62,000,000","272,000,000","161,000,000","292,000,000","75,000,000","468,000,000","117,000,000","208,000,000","66,000,000","253,000,000","146,000,000","140,000,000","17,000,000","296,000,000","120,000,000","130,000,000","127,000,000","369,000,000","142,000,000","232,000,000","125,000,000","334,000,000","177,000,000","231,000,000","147,000,000","377,000,000","215,000,000","240,000,000","154,000,000","456,000,000","211,000,000","299,000,000","211,000,000","492,000,000","176,000,000","260,000,000","199,000,000","431,000,000","193,000,000","229,000,000","137,000,000","335,873,000","160,157,000","236,015,000","152,955,000","411,669,000","194,005,000","269,224,000","208,953,000","484,583,000","224,496,000","232,358,000","167,245,000","374,913,000","155,127,000","187,186,000","124,734,000","317,035,000","143,776,000","155,775,000","113,794,000","246,824,000","121,170,000","112,145,000","111,013,000","278,951,000","133,421,000","124,388,000","106,621,000","233,822,000","100,230,000","86,513,000","75,111,000","178,494,000","76,746,000","64,290,000","52,618,000","120,542,000","53,000,000","45,200,000","39,300,000","94,100,000","40,000,000","31,300,000","26,800,000","72,600,000","32,500,000","20,800,000","15,300,000","52,000,000","21,900,000","14,800,000","13,800,000","42,100,000","7,600,000","11,100,000","11,800,000","33,900,000","13,800,000","9,500,000","11,300,000","28,200,000","13,100,000","6,900,000","7,500,000","20,400,000","10,100,000","5,600,000","-3,400,000","7,600,000","7,700,000","3,800,000","3,800,000","3,700,000","3,700,000"
TotalUnusualItemsExcludingGoodwill,"0","0","0","0","0","-201,000,000","-4,000,000","-21,000,000","129,000,000","-66,000,000","-58,000,000","9,000,000","-7,000,000","-49,000,000","-125,000,000","0","0","-42,000,000","0","0","0","0","0","6,000,000","-128,000,000","-64,000,000","0","-38,000,000","-131,000,000",,,,,,,,,,,,,,,,,,,,,,,,,,,,,,,,,,,,,,,,,,,,,,,,,,,,,,,,,,,,,,,,,,,,,"-7,500,000",,,,,,,,,"9,300,000","-21,600,000",,"-1,500,000",,,,,,,,,,,"100,000","-300,000",,,,,,
TotalUnusualItems,"0","0","0","0","0","-201,000,000","-4,000,000","-21,000,000","129,000,000","-66,000,000","-58,000,000","9,000,000","-7,000,000","-49,000,000","-125,000,000","0","0","-42,000,000","0","0","0","0","0","6,000,000","-128,000,000","-64,000,000","0","-38,000,000","-131,000,000",,,,,,,,,,,,,,,,,,,,,,,,,,,,,,,,,,,,,,,,,,,,,,,,,,,,,,,,,,,,,,,,,,,,,"-7,500,000",,,,,,,,,"9,300,000","-21,600,000",,"-1,500,000",,,,,,,,,,,"100,000","-300,000",,,,,,
NormalizedEBITDA,"2,316,000,000","282,000,000","657,000,000","597,000,000","780,000,000","484,000,000","538,000,000","253,000,000","208,000,000","-425,000,000","689,000,000","433,000,000","611,000,000","397,000,000","784,000,000","501,000,000","693,000,000","453,000,000","834,000,000","500,000,000","651,000,000","423,000,000","712,000,000","527,000,000","664,000,000","404,000,000","780,000,000","544,000,000","657,000,000","507,000,000","875,000,000","531,000,000","673,000,000","496,000,000","833,000,000","593,000,000","676,000,000","531,000,000","900,000,000","635,000,000","667,000,000","522,000,000","1,004,000,000","617,000,000","773,000,000","518,000,000","990,000,000","563,000,000","602,000,000","503,000,000","887,000,000","490,000,000","543,000,000","392,000,000","716,314,000","421,247,000","539,628,000","401,784,000","810,234,000","446,396,000","550,059,000","450,959,000","891,923,000","463,978,000","471,729,000","375,658,000","713,044,000","352,759,000","392,261,000","297,942,000","607,161,000","317,998,000","336,433,000","264,192,000","477,801,000","270,744,000","267,891,000","254,344,000","518,730,000","279,950,000","262,972,000","228,279,000","433,493,000","218,573,000","193,199,000","171,759,000","343,368,000","171,529,000","147,069,000","122,623,000","228,612,000","117,900,000","101,500,000","89,300,000","179,100,000","89,500,000","73,700,000","80,600,000","141,400,000","74,400,000","56,000,000","44,300,000","103,100,000","53,700,000","39,100,000","37,300,000","65,700,000","68,800,000","29,800,000","33,300,000","67,600,000","33,100,000","23,800,000","26,800,000","56,200,000","31,000,000","19,000,000","20,000,000","46,400,000","25,700,000","18,100,000","5,100,000","260,900,000","260,900,000","-587,600,000","215,700,000","215,700,000","215,700,000"
TaxRateForCalcs,"0.236","0.028","0.223","0.243","0.248","0.27","0.27","0.27","0.27","0.303","0.245","0.236","0.253","0.063","0.247","0.176","0.245","0.228","0.051","0.361","0.374","0.392","0.366","0.35","0.375","0.376","0.359","0.365","0.379","0.353","0.351","0.353","0.366","0.36","0.36","0.37","0.371","0.37","0.373","0.377","0.363","0.356","0.374","0.379","0.371","0.366","0.376","0.365","0.378","0.378","0.376","0.373","0.378","0.374","0.382","0.377","0.379","0.375","0.377","0.378","0.379","0.378","0.377","0.375","0.371","0.376","0.378","0.378","0.361","0.378","0.378","0.378","0.378","0.378","0.378","0.378","0.378","0.378","0.378","0.378","0.378","0.378","0.378","0.382","0.38","0.384","0.384","0.386","0.386","0.386","0.387","0.387","0.388","0.387","0.393","0.393","0.393","0.394","0.399","0.399","0.399","0.4","0.4","0.4","0.4","0.4","0.4","0.4","0.4","0.4","0.4","0.4","0.4","0.4","0.4","0.4","0.4","0.4","0.4","0.4","0.4","0.382","0.4","0.4","0.4","0.4","0.4","0.4"
TaxEffectOfUnusualItems,"0","0","0","0","0","-54,270,000","-1,080,000","-5,670,000","34,830,000","-19,998,000","-14,210,826.211","2,124,000","-1,771,000","-3,087,000","-30,817,174.515","0","0","-9,576,000","0","0","0","0","0","2,100,000","-48,000,000","-24,064,000","0","-13,870,000","-49,649,000","0","0","0","0","0","0","0","0","0","0","0","0","0","0","0","0","0","0","0","0","0","0","0","0","0","0","0","0","0","0","0","0","0","0","0","0","0","0","0","0","0","0","0","0","0","0","0","0","0","0","0","0","0","0","0","0","0","0","0","0","0","0","0","0","0","0","0","0","-2,952,488.688","0","0","0","0","0","0","0","0","3,720,000","-8,640,000","0","-600,000","0","0","0","0","0","0","0","0","0","0","40,000","-114,545.455","0","0","0","0","0","0"