name,ttm,03/31/2022,12/31/2021,09/30/2021,06/30/2021,03/31/2021,12/31/2020,09/30/2020,06/30/2020,03/31/2020,12/31/2019,09/30/2019,06/30/2019,03/31/2019,12/31/2018,09/30/2018,06/30/2018,03/31/2018,12/31/2017,09/30/2017,06/30/2017,03/31/2017,12/31/2016,09/30/2016,06/30/2016,03/31/2016,12/31/2015,09/30/2015,06/30/2015,03/31/2015,12/31/2014,09/30/2014,06/30/2014,03/31/2014,12/31/2013,09/30/2013,06/30/2013,03/31/2013,12/31/2012,09/30/2012,06/30/2012,03/31/2012,12/31/2011,09/30/2011,06/30/2011,03/31/2011,12/31/2010,09/30/2010,06/30/2010,03/31/2010,12/31/2009,09/30/2009,06/30/2009,03/31/2009,12/31/2008,09/30/2008,06/30/2008,03/31/2008,12/31/2007,09/30/2007,06/30/2007,03/31/2007,12/31/2006,09/30/2006,06/30/2006,03/31/2006,12/31/2005,09/30/2005,06/30/2005,03/31/2005,12/31/2004,09/30/2004,06/30/2004,03/31/2004,12/31/2003,09/30/2003,06/30/2003,03/31/2003,12/31/2002,09/30/2002,06/30/2002,03/31/2002,12/31/2001,09/30/2001,06/30/2001,03/31/2001,12/31/2000,09/30/2000,06/30/2000,03/31/2000,12/31/1999,09/30/1999,06/30/1999,03/31/1999,12/31/1998,09/30/1998,06/30/1998,03/31/1998,12/31/1997,09/30/1997,06/30/1997,03/31/1997,12/31/1996,09/30/1996,06/30/1996,03/31/1996,12/31/1995,09/30/1995,06/30/1995,03/31/1995
TotalRevenue,"25,194,000,000","6,705,300,000","6,309,500,000","6,169,800,000","6,009,400,000","4,343,000,000","3,941,800,000","3,620,200,000","2,758,600,000","2,803,800,000","3,268,900,000","3,332,400,000","3,221,700,000","2,849,700,000","2,973,232,000","3,091,952,000","3,096,537,000","2,659,679,000","2,703,031,000","2,680,342,000","2,467,036,000","2,236,101,000","2,291,990,000","2,269,967,000","2,133,339,000","1,982,861,000","1,993,282,000","2,084,845,000","1,996,947,000","1,789,178,000","1,793,307,000","1,297,111,000","1,221,802,000","1,078,106,000","1,024,874,000","1,069,290,000","1,008,505,000","903,080,000","849,000,000","888,373,000","847,123,000","758,894,000","685,877,000","737,901,000","689,068,000","602,997,000","555,591,000","582,687,000","534,101,000","463,377,000","521,682,000","458,200,000","401,828,000","397,802,000","406,593,000","563,159,000","665,144,000","699,308,000","699,693,000","859,707,000","885,109,000","800,656,000","697,856,000","880,372,000","846,481,000","748,185,000","634,010,000","869,310,000","762,437,000","670,805,000","669,778,000","755,893,000","682,267,000","637,849,000","534,207,000","728,284,000","667,534,000","583,477,000","580,599,000","687,645,000","584,318,000","524,398,000","519,669,000","471,318,000","462,050,000","420,151,000","402,091,000","443,066,000","417,851,000","395,603,000","353,400,000","357,400,000","307,800,000","224,100,000","199,000,000","195,900,000","173,500,000","146,200,000","113,100,000","85,600,000","66,400,000","54,700,000","37,200,000","36,400,000","36,700,000","32,400,000","28,300,000","31,500,000","27,300,000","27,100,000"
	OperatingRevenue,"25,194,000,000","6,705,300,000","6,309,500,000","6,169,800,000","6,009,400,000","4,343,000,000","3,941,800,000","3,620,200,000","2,758,600,000","2,803,800,000","3,268,900,000","3,332,400,000","3,221,700,000","2,849,700,000","2,973,232,000","3,091,952,000","3,096,537,000","2,659,679,000","2,703,031,000","2,680,342,000","2,467,036,000","2,236,101,000","2,291,990,000","2,269,967,000","2,133,339,000","1,982,861,000","1,993,282,000","2,084,845,000","1,996,947,000","1,789,178,000","1,793,307,000","1,297,111,000","1,221,802,000","1,078,106,000","1,024,874,000","1,069,290,000","1,008,505,000","903,080,000","849,000,000","888,373,000","847,123,000","758,894,000","685,877,000","737,901,000","689,068,000","602,997,000","555,591,000","582,687,000","534,101,000","463,377,000","521,682,000","458,200,000","401,828,000","397,802,000","406,593,000","563,159,000","665,144,000","699,308,000","699,693,000","859,707,000","885,109,000","800,656,000","697,856,000","880,372,000","846,481,000","748,185,000","634,010,000","869,310,000","762,437,000","670,805,000","669,778,000","755,893,000","682,267,000","637,849,000","534,207,000","728,284,000","667,534,000","583,477,000","580,599,000","687,645,000","584,318,000","524,398,000","519,669,000","471,318,000","462,050,000","420,151,000","402,091,000","443,066,000","417,851,000","395,603,000","353,400,000","357,400,000","307,800,000","224,100,000","199,000,000","195,900,000","173,500,000","146,200,000","113,100,000","85,600,000","66,400,000","54,700,000","37,200,000","36,400,000","36,700,000","32,400,000","28,300,000","31,500,000","27,300,000","27,100,000"
CostOfRevenue,"20,372,400,000","5,427,200,000","5,065,700,000","4,980,700,000","4,898,800,000","3,627,500,000","3,293,100,000","2,968,600,000","2,294,200,000","2,342,900,000","2,770,300,000","2,821,500,000","2,728,100,000","2,399,000,000","2,531,309,000","2,625,713,000","2,635,810,000","2,251,568,000","2,306,889,000","2,277,321,000","2,091,765,000","1,894,449,000","1,957,154,000","1,932,706,000","1,811,303,000","1,675,679,000","1,699,859,000","1,773,658,000","1,699,298,000","1,515,803,000","1,532,186,000","1,099,271,000","1,029,502,000","906,045,000","865,581,000","903,901,000","848,672,000","756,642,000","715,566,000","744,149,000","708,934,000","631,023,000","573,767,000","614,230,000","569,332,000","498,063,000","460,753,000","477,743,000","438,358,000","376,763,000","426,988,000","372,367,000","324,062,000","319,620,000","328,741,000","468,844,000","554,351,000","581,237,000","583,456,000","715,016,000","736,797,000","660,665,000","581,641,000","733,116,000","702,256,000","617,404,000","520,189,000","726,555,000","633,130,000","551,533,000","556,581,000","631,327,000","566,328,000","531,615,000","446,497,000","611,280,000","561,572,000","492,142,000","486,931,000","583,039,000","491,436,000","440,751,000","437,169,000","391,450,000","386,840,000","351,254,000","335,490,000","372,146,000","350,667,000","332,739,000","295,400,000","300,100,000","259,000,000","188,900,000","165,500,000","164,200,000","146,500,000","123,300,000","93,900,000","70,700,000","55,200,000","45,300,000",,,,,,,,
GrossProfit,"4,821,600,000","1,278,100,000","1,243,800,000","1,189,100,000","1,110,600,000","715,500,000","648,700,000","651,600,000","464,400,000","460,900,000","498,600,000","510,900,000","493,600,000","450,700,000","441,923,000","466,239,000","460,727,000","408,111,000","396,142,000","403,021,000","375,271,000","341,652,000","334,836,000","337,261,000","322,036,000","307,182,000","293,423,000","311,187,000","297,649,000","273,375,000","261,121,000","197,840,000","192,300,000","172,061,000","159,293,000","165,389,000","159,833,000","146,438,000","133,434,000","144,224,000","138,189,000","127,871,000","112,110,000","123,671,000","119,736,000","104,934,000","94,838,000","104,944,000","95,743,000","86,614,000","94,694,000","85,833,000","77,766,000","78,182,000","77,852,000","94,315,000","110,793,000","118,071,000","116,237,000","144,691,000","148,312,000","139,991,000","116,215,000","147,256,000","144,225,000","130,781,000","113,821,000","142,755,000","129,307,000","119,272,000","113,197,000","124,566,000","115,939,000","106,234,000","87,710,000","117,004,000","105,962,000","91,335,000","93,668,000","104,606,000","92,882,000","83,647,000","82,500,000","79,868,000","75,210,000","68,897,000","66,601,000","70,920,000","67,184,000","62,864,000","58,000,000","57,300,000","48,800,000","35,200,000","33,500,000","31,700,000","27,000,000","22,900,000","19,200,000","14,900,000","11,200,000","9,400,000",,,,,,,,
OperatingExpense,"2,889,600,000","774,300,000","745,200,000","710,300,000","659,900,000","476,200,000","430,100,000","412,200,000","328,600,000","367,900,000","374,400,000","373,500,000","376,300,000","341,600,000","332,921,000","344,433,000","352,171,000","314,348,000","283,199,000","297,069,000","271,321,000","255,511,000","249,821,000","240,340,000","228,029,000","230,769,000","211,275,000","234,259,000","205,897,000","201,344,000","193,252,000","137,694,000","131,288,000","127,336,000","113,732,000","113,669,000","114,182,000","105,852,000","97,747,000","100,761,000","100,428,000","95,789,000","81,314,000","91,796,000","89,258,000","83,934,000","81,480,000","81,706,000","79,215,000","76,632,000","88,219,000","68,415,000","65,849,000","72,366,000","73,391,000","82,510,000","402,287,000","109,222,000","109,576,000","112,676,000","117,232,000","115,926,000","93,096,000","114,033,000","111,748,000","104,763,000","87,366,000","104,272,000","99,239,000","95,122,000","89,678,000","93,616,000","91,654,000","88,141,000","66,134,000","90,411,000","85,988,000","79,251,000","76,858,000","82,253,000","75,435,000","69,404,000","67,987,000","62,068,000","61,009,000","57,253,000","50,796,000","52,973,000","50,415,000","48,921,000","43,700,000","43,200,000","37,500,000","27,700,000","24,900,000","24,100,000","21,000,000","18,600,000","14,700,000","11,900,000","8,900,000","7,700,000",,,,,,,,
	SellingGeneralAndAdministration,"2,749,900,000","735,100,000","709,400,000","675,900,000","629,600,000","449,400,000","405,100,000","389,300,000","306,300,000","345,900,000","352,900,000","352,600,000","356,100,000","321,800,000","312,845,000","324,784,000","333,350,000","297,494,000","267,075,000","282,241,000","257,290,000","242,772,000","236,824,000","228,134,000","215,526,000","219,106,000","200,219,000","223,728,000","195,610,000","191,618,000","184,288,000","131,627,000","125,463,000","121,829,000","108,416,000","108,570,000","109,283,000","101,131,000","93,396,000","96,380,000","96,167,000","91,590,000","77,281,000","87,595,000","84,955,000","79,741,000","77,292,000","77,468,000","74,813,000","71,881,000","81,959,000","64,492,000","61,858,000","68,059,000","69,112,000","78,152,000","95,910,000","103,451,000","103,843,000","107,387,000","112,135,000","111,027,000","88,694,000","109,622,000","107,536,000","100,717,000","83,712,000","100,594,000","95,778,000","91,681,000","85,832,000","90,362,000","88,565,000","85,187,000","63,947,000","87,730,000","83,550,000","76,964,000","74,652,000","80,209,000","73,540,000","67,736,000","65,525,000","59,696,000","58,783,000","55,038,000","48,730,000","51,041,000","48,528,000","47,201,000","42,100,000","41,600,000","36,100,000","26,600,000","23,800,000","23,200,000","20,200,000","17,900,000","13,900,000","11,200,000","8,400,000","7,200,000",,,,,,,,
		GeneralAndAdministrativeExpense,"2,558,800,000","676,700,000","661,500,000","629,500,000","591,200,000","419,900,000","376,900,000","365,300,000","288,700,000","318,300,000","323,900,000","324,200,000","328,100,000","295,300,000","285,859,000","296,160,000","305,741,000","272,013,000","241,279,000","257,669,000","234,302,000","222,816,000","214,690,000","208,024,000","195,742,000","199,770,000","180,887,000","205,611,000","178,804,000","176,273,000","168,582,000","120,740,000","115,089,000","112,144,000","98,182,000","97,808,000","99,583,000","92,229,000",,,,,,,,,,,,,,,,,,,,,,,,,,,,,,,,,,,,,,,,,,,,,,,,,,,,,,,,,,,,,,,,,,,,,,,,
			SalariesAndWages,"1,951,400,000","517,700,000","505,700,000","475,400,000","452,600,000","314,000,000","280,400,000","271,100,000","203,700,000","228,500,000","233,000,000","236,200,000","229,900,000","212,100,000","205,852,000","213,188,000","213,667,000","192,093,000","182,088,000","182,443,000","167,324,000","163,672,000","152,132,000","151,801,000","144,530,000","148,724,000","132,335,000","157,365,000","134,003,000","133,014,000","120,544,000","88,205,000","85,332,000","80,677,000","69,997,000","70,676,000","70,692,000","67,133,000",,,,,,,,,,,,,,,,,,,,,,,,,,,,,,,,,,,,,,,,,,,,,,,,,,,,,,,,,,,,,,,,,,,,,,,,
			RentAndLandingFees,"60,800,000","17,800,000","16,400,000","14,300,000","12,300,000","11,300,000","10,900,000","10,600,000","9,800,000","10,200,000","10,200,000","10,400,000","10,600,000","10,200,000","9,747,000","10,490,000","11,946,000","11,117,000","10,183,000","8,768,000","7,227,000","7,221,000","6,745,000","6,694,000","6,944,000","6,402,000","6,514,000","5,689,000","5,694,000","5,920,000","6,038,000","3,874,000","3,757,000","3,561,000","3,489,000","3,421,000","3,324,000","3,729,000",,,,,,,,,,,,,,,,,,,,,,,,,,,,,,,,,,,,,,,,,,,,,,,,,,,,,,,,,,,,,,,,,,,,,,,,
			OtherGandA,"546,600,000","141,200,000","139,400,000","139,800,000","126,300,000","94,600,000","85,600,000","83,600,000","75,200,000","79,600,000","80,700,000","77,600,000","87,600,000","73,000,000","70,260,000","72,482,000","80,128,000","68,803,000","49,008,000","66,458,000","59,751,000","51,923,000","55,813,000","49,529,000","44,268,000","44,644,000","42,038,000","42,557,000","39,107,000","37,339,000","42,000,000","28,661,000","26,000,000","27,906,000","24,696,000","23,711,000","25,567,000","21,367,000",,,,,,,,,,,,,,,,,,,,,,,,,,,,,,,,,,,,,,,,,,,,,,,,,,,,,,,,,,,,,,,,,,,,,,,,
		SellingAndMarketingExpense,"191,100,000","58,400,000","47,900,000","46,400,000","38,400,000","29,500,000","28,200,000","24,000,000","17,600,000","27,600,000","29,000,000","28,400,000","28,000,000","26,500,000","26,986,000","28,624,000","27,609,000","25,481,000","25,796,000","24,572,000","22,988,000","19,956,000","22,134,000","20,110,000","19,784,000","19,336,000","19,332,000","18,117,000","16,806,000","15,345,000","15,706,000","10,887,000","10,374,000","9,685,000","10,234,000","10,762,000","9,700,000","8,902,000",,,,,,,,,,,,,,,,,,,,,,,,,,,,,,,,,,,,,,,,,,,,,,,,,,,,,,,,,,,,,,,,,,,,,,,,
	DepreciationAmortizationDepletionIncomeStatement,"139,700,000","39,200,000","35,800,000","34,400,000","30,300,000","26,800,000","25,000,000","22,900,000","22,300,000","22,000,000","21,500,000","20,900,000","20,200,000","19,800,000","20,076,000","19,649,000","18,821,000","16,854,000","16,124,000","14,828,000","14,031,000","12,739,000","12,997,000","12,206,000","12,503,000","11,663,000","11,056,000","10,531,000","10,287,000","9,726,000","8,964,000","6,067,000","5,825,000","5,507,000","5,316,000","5,099,000","4,899,000","4,721,000","4,351,000","4,381,000","4,261,000","4,199,000","4,033,000","4,201,000","4,303,000","4,193,000","4,188,000","4,238,000","4,402,000","4,751,000","6,260,000","3,923,000","3,991,000","4,307,000","4,279,000","4,358,000","5,425,000","5,771,000","5,733,000","5,289,000","5,097,000","4,899,000","4,402,000","4,411,000","4,212,000","4,046,000","3,654,000","3,678,000","3,461,000","3,441,000","3,846,000","3,254,000","3,089,000","2,954,000","2,187,000","2,681,000","2,438,000","2,287,000","2,206,000","2,044,000","1,895,000","1,668,000","2,462,000","2,372,000","2,226,000","2,215,000","2,066,000","1,932,000","1,887,000","1,720,000","1,600,000","1,600,000","1,400,000","1,100,000","1,100,000","900,000","800,000","700,000","800,000","700,000","500,000","500,000",,,,,,,,
		DepreciationAndAmortizationInIncomeStatement,"139,700,000","39,200,000","35,800,000","34,400,000","30,300,000","26,800,000","25,000,000","22,900,000","22,300,000","22,000,000","21,500,000","20,900,000","20,200,000","19,800,000","20,076,000","19,649,000","18,821,000","16,854,000","16,124,000","14,828,000","14,031,000","12,739,000","12,997,000","12,206,000","12,503,000","11,663,000","11,056,000","10,531,000","10,287,000","9,726,000","8,964,000","6,067,000","5,825,000","5,507,000","5,316,000","5,099,000","4,899,000","4,721,000","4,351,000","4,381,000","4,261,000","4,199,000","4,033,000","4,201,000","4,303,000","4,193,000","4,188,000","4,238,000","4,402,000","4,751,000","6,260,000","3,923,000","3,991,000","4,307,000","4,279,000","4,358,000","5,425,000","5,771,000","5,733,000","5,289,000","5,097,000","4,899,000","4,402,000","4,411,000","4,212,000","4,046,000","3,654,000","3,678,000","3,461,000","3,441,000","3,846,000","3,254,000","3,089,000","2,954,000","2,187,000","2,681,000","2,438,000","2,287,000","2,206,000","2,044,000","1,895,000","1,668,000","2,462,000","2,372,000","2,226,000","2,215,000","2,066,000","1,932,000","1,887,000","1,720,000","1,600,000","1,600,000","1,400,000","1,100,000","1,100,000","900,000","800,000","700,000","800,000","700,000","500,000","500,000",,,,,,,,
			DepreciationIncomeStatement,,,,,,,,,,,,,,,,,,,,,,,,,,,,,,,,,,,,,,,,,,,,,,,,"4,238,000","4,402,000","4,751,000","6,260,000","3,923,000","3,991,000","4,307,000",,,,,,,,,,,,,,,,,,,,,,,,,"2,201,000","2,040,000","1,889,000","1,665,000","1,478,000","1,437,000","1,275,000","1,292,000",,,,,,,,,,,,,,,,,,,,,,,,
			Amortization,,,,,,,,,,,,,,,,,,,,,,,,,,,,,,,,,,,,,,,,,,,,,,,,,,,,,,,,,,,,,,,,,,,,,,,,,,,,,,,"5,000","4,000","6,000","3,000","984,000","935,000","951,000","923,000",,,,,,,,,,,,,,,,,,,,,,,,
				AmortizationOfIntangiblesIncomeStatement,,,,,,,,,,,,,,,,,,,,,,,,,,,,,,,,,,,,,,,,,,,,,,,,,,,,,,,,,,,,,,,,,,,,,,,,,,,,,,,"5,000","4,000","6,000","3,000","984,000","935,000","951,000","923,000",,,,,,,,,,,,,,,,,,,,,,,,
	OtherOperatingExpenses,,,,,,,,,"17,800,000","20,100,000","20,000,000","19,400,000","19,500,000","18,400,000","17,939,000","18,214,000","18,552,000","17,668,000","11,442,000","14,992,000","14,252,000","15,127,000","12,963,000","12,488,000","10,373,000","8,059,000","11,524,000","11,413,000","8,459,000","8,344,000","11,128,000","7,749,000","7,301,000","7,585,000","4,895,000","6,222,000","6,658,000","6,670,000",,,,,,,,,,,,,,,,,"0",,"300,952,000",,,,,,,,,,,,,,,,,,,,,,,,,,,,,,,,,,,,,,,,,,,,,,,,,,,,,
OperatingIncome,"1,932,000,000","503,800,000","498,600,000","478,800,000","450,700,000","239,300,000","218,600,000","239,400,000","135,800,000","93,000,000","124,200,000","137,400,000","117,300,000","109,100,000","109,002,000","121,806,000","108,556,000","93,763,000","112,943,000","105,952,000","103,950,000","86,141,000","85,015,000","96,921,000","94,007,000","76,413,000","82,148,000","76,928,000","91,752,000","72,031,000","67,869,000","60,146,000","61,012,000","44,725,000","45,561,000","51,720,000","45,651,000","40,586,000","35,687,000","43,463,000","37,761,000","32,082,000","30,796,000","31,875,000","30,478,000","21,000,000","13,358,000","23,238,000","16,528,000","9,982,000","6,475,000","17,418,000","11,917,000","5,816,000","4,461,000","11,805,000","-291,494,000","8,849,000","6,661,000","32,015,000","31,080,000","24,065,000","23,119,000","33,223,000","32,477,000","26,018,000","26,455,000","38,483,000","30,068,000","24,150,000","23,519,000","30,950,000","24,285,000","18,093,000","21,576,000","26,593,000","19,974,000","12,084,000","16,810,000","22,353,000","17,447,000","14,243,000","14,513,000","17,800,000","14,201,000","11,644,000","15,805,000","17,947,000","16,769,000","13,943,000","14,300,000","14,100,000","11,300,000","7,500,000","8,600,000","7,600,000","6,000,000","4,300,000","4,500,000","3,000,000","2,300,000","1,700,000","-101,700,000","36,400,000","36,700,000","32,400,000","-81,500,000","31,500,000","27,300,000","27,100,000"
NetNonOperatingInterestIncomeExpense,"-135,200,000","-35,000,000","-33,900,000","-31,600,000","-34,500,000","-30,300,000","-28,800,000","-22,700,000","-24,900,000","-31,000,000","-32,900,000","-32,700,000","-34,400,000","-33,400,000","-32,529,000","-30,968,000","-29,463,000","-25,340,000","-22,354,000","-20,534,000","-16,501,000","-14,723,000","-13,826,000","-11,833,000","-11,711,000","-11,368,000","-10,070,000","-9,851,000","-9,627,000","-9,477,000","-9,383,000","-5,178,000","-5,084,000","-4,958,000","-5,094,000","-4,842,000","-4,977,000","-5,810,000","-5,637,000","-5,528,000","-5,668,000","-5,697,000","-6,099,000","-5,148,000","-6,454,000","-5,867,000","-5,924,000","-6,810,000","-6,096,000","-6,371,000","-7,388,000","-5,829,000","-5,407,000","-6,642,000",,,,,,,,,,,,,,,,,,,,,,,,,,,,,,,,,,,,,,,,,,,,,,,,,,,,,,,,
	InterestExpenseNonOperating,"135,200,000","35,000,000","33,900,000","31,600,000","34,500,000","30,300,000","28,800,000","22,700,000","24,900,000","31,000,000","32,900,000","32,700,000","34,400,000","33,400,000","32,529,000","30,968,000","29,463,000","25,340,000","22,354,000","20,534,000","16,501,000","14,723,000","13,826,000","11,833,000","11,711,000","11,368,000","10,070,000","9,851,000","9,627,000","9,477,000","9,383,000","5,178,000","5,084,000","4,958,000","5,094,000","4,842,000","4,977,000","5,810,000","5,637,000","5,528,000","5,668,000","5,697,000","6,099,000","5,148,000","6,454,000","5,867,000","5,924,000","6,810,000","6,096,000","6,371,000","7,388,000","5,829,000","5,407,000","6,642,000",,,,,,,,,,,,,,,,,,,,,,,,,,,,,,,,,,,,,,,,,,,,,,,,,,,,,,,,
OtherIncomeExpense,"-53,600,000","1,000,000","-32,900,000","-25,000,000","3,200,000","2,400,000","67,100,000","2,400,000","-2,600,000","2,200,000","3,400,000","12,700,000","2,600,000","2,100,000","1,491,000","18,149,000","1,659,000","1,374,000","838,000","1,125,000","387,000","9,845,000","-5,067,000","-5,011,000","-4,993,000","-5,024,000","-5,708,000","-4,438,000","-6,486,000","-4,498,000","-1,764,000","1,027,000","1,146,000","937,000","773,000","835,000","584,000","801,000","754,000","452,000","820,000","384,000","-271,000","216,000","-319,000","-305,000","-484,000","73,000","-13,045,000","-1,425,000","-6,929,000","24,000","258,000","1,171,000","3,643,000","1,890,000","-299,848,000","98,000","319,000","144,000","113,000","212,000","28,000","188,000","315,000","427,000","451,000","189,000","282,000","317,000","-321,000","-502,000","-358,000","-339,000","-227,000","-272,000","-280,000","-172,000","-349,000","-252,000","-177,000","95,000","-45,000","-241,000","-45,000","-79,000","-168,000","451,000","305,000","128,000",,"100,000","-300,000","300,000","-300,000","600,000","200,000","400,000","-100,000","300,000","400,000","200,000",,,,,,,,
	SpecialIncomeCharges,"10,400,000","9,000,000","5,100,000","700,000","-4,400,000","-1,000,000","16,400,000","200,000","-6,100,000","-100,000","-1,500,000","9,400,000","-400,000","-500,000","-1,887,000","15,760,000",,,,"0","0","0","-3,498,000","-3,498,000","-3,498,000","-3,498,000","-5,733,000","-4,131,000","-6,130,000","-4,130,000",,,,,"0","0","0","0","-1,771,000","452,000","820,000","384,000","-271,000","216,000","-319,000","-305,000","-484,000","73,000","-13,045,000","-1,425,000","-6,929,000","24,000","258,000","1,171,000","3,643,000","1,890,000","-299,848,000","98,000","319,000","144,000","113,000","212,000","28,000","188,000","315,000","427,000","451,000","189,000","282,000","317,000","-321,000","-502,000","-358,000","-339,000","-227,000","-272,000","-280,000","-172,000","-349,000","-252,000","-177,000","95,000","-45,000","-241,000","-45,000","-79,000","-168,000","451,000","305,000","128,000",,"100,000","-300,000","300,000","-300,000","600,000","200,000","400,000","-100,000","300,000","400,000","200,000",,,,,,,,
		ImpairmentOfCapitalAssets,,,"0","1,900,000","0",,"0","0","7,900,000","0","2,100,000","0","0","500,000","1,300,000",,,,,"0","0","0","3,498,000","3,498,000","3,498,000","3,498,000","5,733,000","4,131,000","6,130,000","4,130,000",,,,,"0","0","0","0","0","0","0","115,000","504,000","0","490,000","382,000","550,000","0","13,260,000","1,491,000","6,976,000","0","0",,,,,,,,,,,,,,,,,,,,,,,,,,,,,,,,,,,,,,,,,,,,,,,,,,,,,,,,,
		WriteOff,,,,,,,"0","0","7,900,000","0","2,100,000","0","0","500,000","1,300,000",,,,,"0","0","0","3,498,000","3,498,000","3,498,000","3,498,000","5,733,000","4,131,000","6,130,000","4,130,000",,,,,"0","0","0","0",,,,,,,,,,,,,,,,,,,,,,,,,,,,,,,,,,,,,,,,,,,,,,,,,,,,,,,,,,,,,,,,,,,,,,,,
		OtherSpecialCharges,,,,,,,,,,,,,,,,,,,,,,,,,,,,,,,,,,,,,,,,"-452,000","-820,000","-499,000","-233,000","-216,000","-171,000","-77,000","-66,000","-73,000","-215,000","-66,000","-47,000","-24,000","-258,000",,,,,,,,,,,,,,,,,,,,,,,,,,,,,,,,,,,,,,,,,,,,,,,,,,,,,,,,,
		GainOnSaleOfPPE,"12,300,000","9,000,000","5,100,000","2,600,000","-4,400,000","-1,000,000","16,400,000","200,000","1,800,000","-100,000","600,000","9,400,000","-400,000",,"-587,000","15,760,000",,,,,,,,,,,,,,,,,,,,,,,,,,,,,,,,,,,,,,,,,,,,,,,,,,,,,,,,,,,,,,,,,,,,,,,,,,,,,,,,,,,,,,,,,,,,,,
	OtherNonOperatingIncomeExpenses,"-64,000,000","-8,000,000","-38,000,000","-25,700,000","7,600,000","3,400,000","50,700,000","2,200,000","3,500,000","2,300,000","4,900,000","3,300,000","3,000,000","2,600,000","3,378,000","2,389,000","1,659,000","1,374,000","838,000","1,125,000","387,000","9,845,000","-1,569,000","-1,513,000","-1,495,000","-1,526,000","25,000","-307,000","-356,000","-368,000","89,000","1,027,000","1,146,000","937,000","773,000","835,000","584,000","801,000",,,,,,,,,,,,,,,,,,,,,,,,,,,,,,,,,,,,,,,,,,,,,,,,,,,,,,,,,,,,,,,,,,,,,,,,
PretaxIncome,"1,743,200,000","469,800,000","431,800,000","422,200,000","419,400,000","211,400,000","256,900,000","219,100,000","108,300,000","64,200,000","94,700,000","117,400,000","85,500,000","77,800,000","77,964,000","108,987,000","80,752,000","69,797,000","91,427,000","86,543,000","87,836,000","81,263,000","66,122,000","80,077,000","77,303,000","60,021,000","66,370,000","62,639,000","75,639,000","58,056,000","56,722,000","55,995,000","57,074,000","40,704,000","41,240,000","47,713,000","41,258,000","35,577,000","30,804,000","38,387,000","32,913,000","26,769,000","24,426,000","26,943,000","23,705,000","14,828,000","6,950,000","16,501,000","-2,613,000","2,186,000","-7,842,000","11,613,000","6,768,000","345,000","-1,470,000","4,740,000","-302,074,000","-2,979,000","-5,205,000","19,023,000","17,674,000","11,645,000","11,065,000","16,472,000","20,220,000","16,499,000","18,175,000","30,001,000","21,165,000","16,410,000","15,920,000","23,486,000","17,647,000","12,398,000","16,731,000","21,398,000","14,269,000","6,800,000","11,856,000","17,577,000","12,924,000","10,409,000","9,979,000","12,561,000","8,246,000","4,643,000","8,814,000","11,806,000","10,500,000","8,415,000","9,400,000","10,000,000","7,800,000","5,000,000","5,700,000","6,000,000","3,600,000","2,400,000","2,800,000","2,600,000","2,300,000","1,800,000",,,,,,,,
TaxProvision,"493,100,000","126,200,000","139,200,000","113,200,000","114,500,000","55,200,000","69,300,000","60,300,000","30,600,000","18,000,000","26,700,000","32,200,000","23,600,000","21,400,000","18,092,000","15,880,000","20,092,000","17,736,000","2,023,000","34,657,000","34,636,000","30,536,000","14,803,000","26,036,000","25,875,000","19,751,000","18,638,000","19,248,000","24,416,000","17,403,000","15,583,000","21,458,000","21,904,000","16,010,000","14,080,000","16,822,000","15,977,000","13,695,000","11,775,000","15,048,000","12,422,000","9,973,000","8,091,000","10,604,000","8,875,000","6,123,000","2,571,000","6,709,000","-1,099,000","844,000","-2,790,000","4,631,000","2,718,000","153,000","-1,051,000","2,038,000","-95,254,000","-1,108,000","-2,002,000","7,713,000","7,022,000","4,576,000","3,955,000","5,876,000","8,503,000","5,870,000","6,934,000","12,276,000","8,398,000","6,350,000","6,001,000","9,159,000","6,882,000","4,836,000","6,659,000","8,517,000","5,750,000","2,635,000","4,595,000","6,848,000","4,989,000","4,018,000","3,847,000","4,865,000","3,175,000","1,788,000","3,182,000","4,283,000","4,306,000","3,451,000","3,700,000","4,100,000","3,200,000","2,000,000","2,300,000","2,300,000","1,400,000","900,000","900,000","1,000,000","900,000","700,000",,,,,,,,
NetIncomeCommonStockholders,"1,246,100,000","342,200,000","291,100,000","307,900,000","304,900,000","156,200,000","187,600,000","158,800,000","77,700,000","46,200,000","68,000,000","85,200,000","61,900,000","56,400,000","59,872,000","93,107,000","60,660,000","52,061,000","89,404,000","51,886,000","53,200,000","50,727,000","51,319,000","54,041,000","51,428,000","40,270,000","47,732,000","43,391,000","51,223,000","40,653,000","41,140,000","34,537,000","38,309,000","24,734,000","27,372,000","31,018,000","25,555,000","22,055,000","19,832,000","23,243,000","20,491,000","16,796,000","18,766,000","16,563,000","14,826,000","8,705,000","4,379,000","9,792,000","-1,719,000","1,267,000","-1,554,000","5,713,000","3,663,000","1,329,000","-4,278,000","-2,363,000","-206,820,000","-2,161,000","-4,706,000","11,237,000","7,943,000","7,075,000","5,529,000","10,516,000","11,667,000","9,308,000","9,503,000","17,632,000","12,675,000","9,990,000","9,882,000","14,470,000","10,840,000","7,479,000","9,982,000","12,881,000","8,519,000","4,165,000","7,261,000","10,729,000","7,935,000","6,391,000","6,132,000","7,696,000","5,071,000","2,855,000","5,632,000","7,523,000","6,194,000","4,964,000","5,700,000","5,900,000","4,600,000","3,000,000","3,400,000","3,700,000","2,200,000","1,500,000","1,900,000","1,600,000","1,400,000","1,100,000","1,200,000","900,000","900,000","900,000","1,000,000","800,000","800,000","800,000"
	NetIncome,"1,246,100,000","342,200,000","291,100,000","307,900,000","304,900,000","156,200,000","187,600,000","158,800,000","77,700,000","46,200,000","68,000,000","85,200,000","61,900,000","56,400,000","59,872,000","93,107,000","60,660,000","52,061,000","89,404,000","51,886,000","53,200,000","50,727,000","51,319,000","54,041,000","51,428,000","40,270,000","47,732,000","43,391,000","51,223,000","40,653,000","41,140,000","34,537,000","38,309,000","24,734,000","27,372,000","31,018,000","25,555,000","22,055,000","19,832,000","23,243,000","20,491,000","16,796,000","18,766,000","16,563,000","14,826,000","8,705,000","4,379,000","9,792,000","-1,719,000","1,267,000","-1,554,000","5,713,000","3,663,000","1,329,000","-4,278,000","-2,363,000","-206,820,000","-2,161,000","-4,706,000","11,237,000","7,943,000","7,075,000","5,529,000","10,516,000","11,667,000","9,308,000","9,503,000","17,632,000","12,675,000","9,990,000","9,882,000","14,470,000","10,840,000","7,479,000","9,982,000","12,881,000","8,519,000","4,165,000","7,261,000","10,729,000","7,935,000","6,391,000","6,132,000","7,696,000","5,071,000","2,855,000","5,632,000","7,523,000","6,194,000","4,964,000","5,700,000","5,900,000","4,600,000","3,000,000","3,400,000","3,700,000","2,200,000","1,500,000","1,900,000","1,600,000","1,400,000","1,100,000","1,200,000","900,000","900,000","900,000","1,000,000","800,000","800,000","800,000"
		NetIncomeIncludingNoncontrollingInterests,"1,250,100,000","343,600,000","292,600,000","309,000,000","304,900,000","156,200,000","187,600,000","158,800,000","77,700,000","46,200,000","68,000,000","85,200,000","61,900,000","56,400,000","59,872,000","93,107,000","60,660,000","52,061,000","89,404,000","51,886,000","53,200,000","50,727,000","51,319,000","54,041,000","51,428,000","40,270,000","47,732,000","43,391,000","51,223,000","40,653,000","41,140,000","34,537,000","38,309,000","24,734,000","27,372,000","31,018,000","25,555,000","22,055,000","19,832,000","23,243,000","20,491,000","16,796,000","18,766,000","16,563,000","14,826,000","8,705,000","4,379,000","9,792,000","-1,719,000","1,267,000","-1,554,000","5,713,000","3,663,000","1,329,000","-4,278,000","-2,363,000","-206,820,000","-2,161,000","-4,706,000","11,237,000","7,943,000","7,075,000","5,529,000","10,516,000","11,667,000","9,308,000","9,503,000","17,632,000","12,675,000","9,990,000","9,882,000","14,470,000","10,840,000","7,479,000","9,982,000","12,881,000","8,519,000","4,165,000","7,261,000","10,729,000","7,935,000","6,391,000","6,132,000","7,696,000","5,071,000","2,855,000","5,632,000","7,523,000","6,194,000","4,964,000","5,700,000","5,900,000","4,600,000","3,000,000","3,400,000","3,700,000","2,200,000","1,500,000","1,900,000","1,600,000","1,400,000","1,100,000","1,900,000","900,000","900,000","900,000","1,800,000","800,000","800,000","800,000"
			NetIncomeContinuousOperations,"1,250,100,000","343,600,000","292,600,000","309,000,000","304,900,000","156,200,000","187,600,000","158,800,000","77,700,000","46,200,000","68,000,000","85,200,000","61,900,000","56,400,000","59,872,000","93,107,000","60,660,000","52,061,000","89,404,000","51,886,000","53,200,000","50,727,000","51,319,000","54,041,000","51,428,000","40,270,000","47,732,000","43,391,000","51,223,000","40,653,000","41,139,000","34,537,000","35,170,000","24,694,000","27,160,000","30,891,000","25,281,000","21,882,000","19,029,000","23,339,000","20,491,000","16,796,000","16,335,000","16,339,000","14,830,000","8,705,000","4,379,000","9,792,000","-1,514,000","1,342,000","-5,052,000","6,982,000","4,050,000","192,000","-419,000","2,702,000","-206,820,000","-1,871,000","-3,203,000","11,310,000","10,652,000","7,069,000","7,110,000","10,596,000","11,717,000","10,629,000","11,241,000","17,725,000","12,767,000","10,060,000","9,919,000","14,327,000","10,765,000","7,562,000","10,072,000","12,881,000","8,519,000","4,165,000","7,261,000","10,729,000","7,935,000","6,391,000","6,132,000","7,696,000","5,071,000","2,855,000","5,632,000","7,523,000","6,194,000","4,964,000","5,700,000","5,900,000","4,600,000","3,000,000","3,400,000","3,700,000","2,200,000","1,500,000","1,900,000","1,600,000","1,400,000","1,100,000","1,200,000","900,000","900,000","900,000","1,000,000","800,000","800,000","800,000"
			NetIncomeDiscontinuousOperations,,,,,,,,,,,,,,,,,,,,,,,,,,,,"0","0","0","1,000","0","3,139,000","40,000","212,000","127,000","274,000","173,000","803,000","-96,000","0","0","2,431,000","224,000","-4,000","0","0","0","-205,000","-75,000","3,498,000","-1,269,000","-387,000","1,137,000","-3,859,000","-5,065,000",,"-290,000","-1,503,000","-73,000","-2,709,000","6,000","-1,581,000","-80,000","-50,000","-1,321,000","-1,738,000","-93,000","-92,000","-70,000","-37,000","143,000","75,000","-83,000",,,,,,,,,,,,,,,,,,,,,,,,,,,,,,,,,,,,
		MinorityInterests,"-4,000,000","-1,400,000","-1,500,000","-1,100,000",,,,,,,,,,,,,,,,,,,,,,,,,,,,,,,,,,,,,,,,,,,,,,,,,,,,,,,,,,,,,,,,,,,,,,,,,,,,,,,,,,,,,,,,,,,,,,,,,,,,,,,,,,
DilutedNIAvailtoComStockholders,"1,246,100,000","342,200,000","291,100,000","307,900,000","304,900,000","156,200,000","187,600,000","158,800,000","77,700,000","46,200,000","68,000,000","85,200,000","61,900,000","56,400,000","59,872,000","93,107,000","60,660,000","52,061,000","89,404,000","51,886,000","53,200,000","50,727,000","51,319,000","54,041,000","51,428,000","40,270,000","47,732,000","43,391,000","51,223,000","40,653,000","41,140,000","34,537,000","38,309,000","24,734,000","27,372,000","31,018,000","25,555,000","22,055,000","19,832,000","23,243,000","20,491,000","16,796,000","18,766,000","16,563,000","14,826,000","8,705,000","4,379,000","9,792,000","-1,719,000","1,267,000","-1,554,000","5,713,000","3,663,000","1,329,000","-4,278,000","-2,363,000","-206,820,000","-2,161,000","-4,706,000","11,237,000","7,943,000","7,075,000","5,529,000","10,516,000","11,667,000","9,308,000","9,503,000","17,632,000","12,675,000","9,990,000","9,882,000","14,470,000","10,840,000","7,479,000","9,982,000","12,881,000","8,519,000","4,165,000","7,261,000","10,729,000","7,935,000","6,391,000","6,132,000","7,696,000","5,071,000","2,855,000","5,632,000","7,523,000","6,194,000","4,964,000","5,700,000","5,900,000","4,600,000","3,000,000","3,400,000","3,700,000","2,200,000","1,500,000","1,900,000","1,600,000","1,400,000","1,100,000","1,200,000","900,000","900,000","900,000","1,000,000","800,000","800,000","800,000"
BasicEPS,,"11.639","9.864","10.162","10.096","5.872","7.079","6.965","3.405","2.026","2.931","3.672","2.668","2.442","2.604","3.894","2.483","2.084",,"2.078","2.126","2.017","2.041","2.147","2.02","1.56",,"1.65","1.95","1.543",,"1.32","1.467","0.95",,"1.2","0.99","0.86",,"0.91","0.808","0.647",,"0.64","0.56","0.331",,"0.375","-0.07","0.05",,"0.27","0.17","0.06",,"-0.12","-12.27","-0.11",,"0.58","0.41","0.36",,"0.54","0.6","0.48",,"0.92","0.66","0.52",,"0.77","0.58","0.4",,"0.7","0.47","0.23",,"0.6","0.44","0.43",,"0.57","0.38","0.23",,"0.6","0.5","0.4",,"0.5","0.42","0.3",,"0.36","0.24","0.22",,"0.22","0.19","0.16",,"0.12","0.12","0.12",,"0.11","0.11","0.11"
DilutedEPS,,"11.55","9.57","10.11","10.096","5.81","7.02","6.86","3.38","1.97","2.89","3.64","2.63","2.42","2.54","3.84","2.44","2.07",,"2.07","2.12","2.01","2.03","2.14","2.01","1.55",,"1.64","1.93","1.53",,"1.31","1.45","0.94",,"1.18","0.98","0.85",,"0.9","0.78","0.63",,"0.62","0.55","0.33",,"0.37","-0.07","0.05",,"0.26","0.17","0.06",,"-0.12","-12.27","-0.11",,"0.53","0.38","0.34",,"0.5","0.55","0.44",,"0.83","0.6","0.48",,"0.76","0.57","0.39",,"0.69","0.46","0.23",,"0.59","0.43","0.42",,"0.55","0.37","0.21",,"0.55","0.45","0.37",,"0.47","0.4","0.29",,"0.35","0.24","0.21",,"0.22","0.19","0.16",,"0.12","0.12","0.12",,"0.11","0.11","0.11"
BasicAverageShares,,"29,400,000","29,500,000","30,300,000","30,200,000","26,600,000","26,500,000","22,800,000","22,817,456","22,800,000","23,200,000","23,200,000","23,200,000","23,100,000","23,000,000","23,912,000","24,433,000","24,985,000",,"24,966,000","25,019,000","25,153,000","25,144,000","25,167,000","25,462,000","25,816,000",,"26,289,000","26,332,000","26,344,231",,"26,118,000","26,106,000","25,973,000",,"25,866,000","25,782,000","25,626,000",,"25,469,000","25,373,000","25,977,000",,"25,883,000","26,462,000","26,326,000",,"26,086,000","26,014,000","25,895,000",,"20,917,000","21,081,000","20,750,000",,"20,125,000","19,873,000","19,687,000",,"19,529,000","19,486,000","19,492,000",,"19,547,000","19,501,000","19,426,000",,"19,221,000","19,142,000","19,060,000",,"18,818,000","18,746,000","18,626,000",,"18,338,000","18,228,000","18,133,000",,"17,950,000","17,919,000","14,991,000",,"13,516,000","13,493,000","12,535,000",,"12,538,333","12,388,000","12,410,000",,"11,800,000","10,952,381","10,000,000",,"10,277,778","9,166,667","6,818,182",,"7,272,727","7,368,421","6,875,000",,"7,500,000","7,500,000","7,500,000",,"7,272,727","7,272,727","7,272,727"
DilutedAverageShares,,"29,600,000","30,400,000","30,500,000","30,200,000","26,900,000","26,700,000","23,100,000","23,000,000","23,500,000","23,500,000","23,400,000","23,500,000","23,200,000","23,600,000","24,258,000","24,882,000","25,158,000",,"25,076,000","25,106,000","25,250,000","25,294,000","25,252,804","25,534,000","25,973,000",,"26,480,000","26,496,000","26,519,000",,"26,359,000","26,331,000","26,320,000",,"26,237,000","26,134,000","26,054,000",,"25,947,000","26,185,000","26,478,000",,"26,654,000","26,860,000","26,694,000",,"26,328,000","26,014,000","26,019,000",,"21,573,000","21,231,000","20,831,000",,"20,234,000","19,873,000","19,687,000",,"22,058,000","22,109,000","22,131,000",,"22,128,000","22,150,000","22,066,000",,"21,882,000","21,749,000","21,704,000",,"19,121,000","19,142,000","19,111,000",,"18,708,000","18,379,000","18,272,000",,"18,269,000","18,454,000","15,369,000",,"13,781,000","13,762,000","13,772,000",,"13,678,182","13,764,444","13,416,216",,"12,553,191","11,500,000","10,344,828",,"10,571,429","9,166,667","7,142,857",,"7,272,727","7,368,421","6,875,000",,"7,500,000","7,500,000","7,500,000",,"7,272,727","7,272,727","7,272,727"
TotalOperatingIncomeAsReported,"1,942,400,000","512,800,000","503,700,000","479,500,000","446,300,000","238,300,000","235,000,000","239,600,000","129,700,000","92,900,000","122,700,000","146,800,000","116,900,000","108,600,000","107,115,000","137,566,000","108,556,000","93,763,000","112,943,000","105,952,000","103,950,000","86,141,000","81,517,000","93,423,000","90,509,000","72,915,000","76,415,000","72,797,000","85,622,000","67,901,000","66,016,000","60,146,000","61,012,000","44,725,000","45,561,000","51,720,000","45,651,000","40,586,000","35,687,000","43,463,000","37,761,000","31,967,000","30,292,000","31,875,000","29,988,000","20,618,000","12,808,000","23,238,000","3,268,000","8,491,000","-501,000","17,418,000","11,917,000","5,816,000","4,461,000","11,805,000","-291,494,000","8,849,000","6,661,000","32,015,000","31,080,000","24,065,000","23,119,000","33,223,000","32,477,000","26,018,000","26,455,000","38,483,000","30,068,000","24,150,000","23,519,000","30,950,000","24,285,000","18,093,000","21,576,000","26,593,000","19,974,000","12,084,000","16,810,000","22,353,000","17,447,000","14,243,000","14,513,000","17,800,000","14,201,000","11,644,000","15,805,000","17,947,000","16,769,000","13,943,000","14,300,000","14,100,000","11,300,000","7,500,000","8,600,000","7,600,000","6,000,000","4,300,000","4,500,000","3,000,000","2,300,000","1,700,000",,,,,,,,
RentExpenseSupplemental,"60,800,000","17,800,000","16,400,000","14,300,000","12,300,000","11,300,000","10,900,000","10,600,000","9,800,000","10,200,000","10,200,000","10,400,000","10,600,000","10,200,000","9,747,000","10,490,000","11,946,000","11,117,000","10,183,000","8,768,000","7,227,000","7,221,000","6,745,000","6,694,000","6,944,000","6,402,000","6,514,000","5,689,000","5,694,000","5,920,000","6,038,000","3,874,000","3,757,000","3,561,000","3,489,000","3,421,000","3,324,000","3,729,000",,,,,,,,,,,,,,,,,,,,,,,,,,,,,,,,,,,,,,,,,,,,,,,,,,,,,,,,,,,,,,,,,,,,,,,,
TotalExpenses,"23,262,000,000","6,201,500,000","5,810,900,000","5,691,000,000","5,558,700,000","4,103,700,000","3,723,200,000","3,380,800,000","2,622,800,000","2,710,800,000","3,144,700,000","3,195,000,000","3,104,400,000","2,740,600,000","2,864,230,000","2,970,146,000","2,987,981,000","2,565,916,000","2,590,088,000","2,574,390,000","2,363,086,000","2,149,960,000","2,206,975,000","2,173,046,000","2,039,332,000","1,906,448,000","1,911,134,000","2,007,917,000","1,905,195,000","1,717,147,000","1,725,438,000","1,236,965,000","1,160,790,000","1,033,381,000","979,313,000","1,017,570,000","962,854,000","862,494,000","813,313,000","844,910,000","809,362,000","726,812,000","655,081,000","706,026,000","658,590,000","581,997,000","542,233,000","559,449,000","517,573,000","453,395,000","515,207,000","440,782,000","389,911,000","391,986,000","402,132,000","551,354,000","956,638,000","690,459,000","693,032,000","827,692,000","854,029,000","776,591,000","674,737,000","847,149,000","814,004,000","722,167,000","607,555,000","830,827,000","732,369,000","646,655,000","646,259,000","724,943,000","657,982,000","619,756,000","512,631,000","701,691,000","647,560,000","571,393,000","563,789,000","665,292,000","566,871,000","510,155,000","505,156,000","453,518,000","447,849,000","408,507,000","386,286,000","425,119,000","401,082,000","381,660,000","339,100,000","343,300,000","296,500,000","216,600,000","190,400,000","188,300,000","167,500,000","141,900,000","108,600,000","82,600,000","64,100,000","53,000,000",,,,,,,,
NetIncomeFromContinuingAndDiscontinuedOperation,"1,246,100,000","342,200,000","291,100,000","307,900,000","304,900,000","156,200,000","187,600,000","158,800,000","77,700,000","46,200,000","68,000,000","85,200,000","61,900,000","56,400,000","59,872,000","93,107,000","60,660,000","52,061,000","89,404,000","51,886,000","53,200,000","50,727,000","51,319,000","54,041,000","51,428,000","40,270,000","47,732,000","43,391,000","51,223,000","40,653,000","41,140,000","34,537,000","38,309,000","24,734,000","27,372,000","31,018,000","25,555,000","22,055,000","19,832,000","23,243,000","20,491,000","16,796,000","18,766,000","16,563,000","14,826,000","8,705,000","4,379,000","9,792,000","-1,719,000","1,267,000","-1,554,000","5,713,000","3,663,000","1,329,000","-4,278,000","-2,363,000","-206,820,000","-2,161,000","-4,706,000","11,237,000","7,943,000","7,075,000","5,529,000","10,516,000","11,667,000","9,308,000","9,503,000","17,632,000","12,675,000","9,990,000","9,882,000","14,470,000","10,840,000","7,479,000","9,982,000","12,881,000","8,519,000","4,165,000","7,261,000","10,729,000","7,935,000","6,391,000","6,132,000","7,696,000","5,071,000","2,855,000","5,632,000","7,523,000","6,194,000","4,964,000","5,700,000","5,900,000","4,600,000","3,000,000","3,400,000","3,700,000","2,200,000","1,500,000","1,900,000","1,600,000","1,400,000","1,100,000","1,200,000","900,000","900,000","900,000","1,000,000","800,000","800,000","800,000"
NormalizedIncome,"1,238,641,854.061","335,612,000","287,644,094.488","307,387,600","308,098,800","156,939,000","175,623,978.202","158,655,000","82,073,700","46,272,000","69,077,085.533","78,375,600","62,189,600","56,762,500","61,321,110.666","79,647,960","60,660,000","52,061,000","89,404,000","51,886,000","53,200,000","50,727,000","54,033,888.57","56,402,150","53,754,170","42,617,158","51,855,060.961","46,253,783","55,373,010","43,544,000","41,139,000","34,537,000","35,170,000","24,694,000","27,160,000","30,891,000","25,281,000","21,882,000","20,123,025.419","23,064,187.485","19,980,483.791","16,555,062.199","16,516,232.498","16,208,011.469","15,029,568.445","8,903,250","4,683,954.82","9,744,550","6,965,250","2,216,817.017","-588,175.976","6,967,570.654","3,895,200","-569,150","-2,786,950","1,473,500","-1,524,068.01","-1,932,550.185","-3,399,302.978","11,216,400","10,583,895.666","6,940,307.17","7,092,008.134","10,475,064.594","11,528,000","10,353,917.692","10,962,062.393","17,611,600","12,596,893.976","9,865,666.057","10,118,999.937","14,633,231.542","10,983,386.695","7,768,768.672","10,208,653.159","13,044,736.424","8,687,000","4,270,350","7,474,738.951","10,882,820.789","8,043,673.398","6,332,671.15","6,159,652.069","7,843,658.307","5,098,673.417","2,903,577.428","5,739,349.217","7,235,614.518","6,011,000","4,887,200","5,700,000","5,840,000","4,780,000","2,820,000","3,580,000","3,330,000","2,077,777.778","1,250,000","1,967,857.143","1,415,384.615","1,156,521.739","977,777.778","1,200,000","900,000","900,000","900,000","1,000,000","800,000","800,000","800,000"
InterestExpense,"135,200,000","35,000,000","33,900,000","31,600,000","34,500,000","30,300,000","28,800,000","22,700,000","24,900,000","31,000,000","32,900,000","32,700,000","34,400,000","33,400,000","32,529,000","30,968,000","29,463,000","25,340,000","22,354,000","20,534,000","16,501,000","14,723,000","13,826,000","11,833,000","11,711,000","11,368,000","10,070,000","9,851,000","9,627,000","9,477,000","9,383,000","5,178,000","5,084,000","4,958,000","5,094,000","4,842,000","4,977,000","5,810,000","5,637,000","5,528,000","5,668,000","5,697,000","6,099,000","5,148,000","6,454,000","5,867,000","5,924,000","6,810,000","6,096,000","6,371,000","7,388,000","5,829,000","5,407,000","6,642,000",,,,,,,,,,,,,,,,,,,,,,,,,,,,,,,,,,,,,,,,,,,,,,,,,,,,,,,,
NetInterestIncome,"-135,200,000","-35,000,000","-33,900,000","-31,600,000","-34,500,000","-30,300,000","-28,800,000","-22,700,000","-24,900,000","-31,000,000","-32,900,000","-32,700,000","-34,400,000","-33,400,000","-32,529,000","-30,968,000","-29,463,000","-25,340,000","-22,354,000","-20,534,000","-16,501,000","-14,723,000","-13,826,000","-11,833,000","-11,711,000","-11,368,000","-10,070,000","-9,851,000","-9,627,000","-9,477,000","-9,383,000","-5,178,000","-5,084,000","-4,958,000","-5,094,000","-4,842,000","-4,977,000","-5,810,000","-5,637,000","-5,528,000","-5,668,000","-5,697,000","-6,099,000","-5,148,000","-6,454,000","-5,867,000","-5,924,000","-6,810,000","-6,096,000","-6,371,000","-7,388,000","-5,829,000","-5,407,000","-6,642,000",,,,,,,,,,,,,,,,,,,,,,,,,,,,,,,,,,,,,,,,,,,,,,,,,,,,,,,,
EBIT,"1,878,400,000","504,800,000","465,700,000","453,800,000","453,900,000","241,700,000","285,700,000","241,800,000","133,200,000","95,200,000","127,600,000","150,100,000","119,900,000","111,200,000","110,493,000","139,955,000","110,215,000","95,137,000","113,781,000","107,077,000","104,337,000","95,986,000","79,948,000","91,910,000","89,014,000","71,389,000","76,440,000","72,490,000","85,266,000","67,533,000","66,105,000","61,173,000","62,158,000","45,662,000","46,334,000","52,555,000","46,235,000","41,387,000","36,441,000","43,915,000","38,581,000","32,466,000","30,525,000","32,091,000","30,159,000","20,695,000","12,874,000","23,311,000","3,483,000","8,557,000","-454,000","17,442,000","12,175,000","6,987,000","4,461,000","11,805,000","-291,494,000","8,849,000","6,661,000","32,015,000","31,080,000","24,065,000","23,119,000","33,223,000","32,477,000","26,018,000","26,455,000","38,483,000","30,068,000","24,150,000","23,519,000","30,950,000","24,285,000","18,093,000","21,576,000","26,593,000","19,974,000","12,084,000","16,810,000","22,353,000","17,447,000","14,243,000","14,513,000","17,800,000","14,201,000","11,644,000","15,805,000","17,947,000","16,769,000","13,943,000","14,300,000","14,100,000","11,300,000","7,500,000","8,600,000","7,600,000","6,000,000","4,300,000","4,500,000","3,000,000","2,300,000","1,700,000","-101,700,000","36,400,000","36,700,000","32,400,000","-81,500,000","31,500,000","27,300,000","27,100,000"
EBITDA,"2,052,500,000"
ReconciledCostOfRevenue,"20,338,000,000","5,423,600,000","5,053,700,000","4,970,200,000","4,890,500,000","3,619,300,000","3,264,100,000","2,968,500,000","2,294,200,000","2,342,900,000","2,770,300,000","2,821,500,000","2,728,100,000","2,399,000,000","2,531,309,000","2,625,713,000","2,635,810,000","2,251,568,000","2,306,889,000","2,277,321,000","2,091,765,000","1,894,449,000","1,957,154,000","1,932,706,000","1,811,303,000","1,675,679,000","1,699,859,000","1,773,658,000","1,699,298,000","1,515,803,000","1,532,186,000","1,099,271,000","1,029,502,000","906,045,000","865,581,000","903,901,000","848,672,000","756,642,000","715,476,000","744,117,000","708,934,000","631,023,000","573,605,000","614,184,000","569,322,000","498,063,000","460,752,000","477,743,000","438,354,000","376,761,000","426,879,000","372,287,000","323,932,000","319,599,000","331,879,000","467,499,000","554,710,000","581,186,000","583,154,000","714,965,000","736,880,000","660,611,000","581,244,000","733,116,000","702,256,000","617,404,000","519,972,000","726,555,000","633,130,000","551,486,000","556,581,000","631,341,000","566,314,000","531,615,000","445,795,000","611,280,000","561,572,000","492,142,000","486,931,000","583,039,000","491,436,000","440,751,000","437,169,000","391,450,000","386,840,000","351,254,000","335,490,000","372,146,000","350,667,000","332,739,000","295,400,000","300,100,000","259,100,000","188,900,000","165,500,000","164,200,000","146,500,000","123,300,000","93,900,000","70,700,000","55,200,000","45,300,000",,,,,,,,
ReconciledDepreciation,"174,100,000","42,800,000","47,800,000","44,900,000","38,600,000","35,000,000","54,000,000","23,000,000","22,300,000","22,000,000","21,500,000","20,900,000","20,200,000","19,800,000","20,076,000","19,649,000","18,821,000","16,854,000","16,124,000","14,828,000","14,031,000","12,739,000","12,997,000","12,206,000","12,503,000","11,663,000","11,056,000","10,531,000","10,287,000","9,726,000","8,964,000","6,067,000","5,825,000","5,507,000","5,316,000","5,099,000","4,899,000","4,721,000","4,441,000","4,413,000","4,261,000","4,199,000","4,195,000","4,247,000","4,313,000","4,193,000","4,189,000","4,238,000","4,406,000","4,753,000","6,369,000","4,003,000","4,121,000","4,328,000","1,141,000","5,703,000","5,066,000","5,822,000","6,035,000","5,340,000","5,014,000","4,953,000","4,799,000","4,411,000","4,212,000","4,046,000","3,871,000","3,678,000","3,461,000","3,488,000","3,846,000","3,240,000","3,103,000","2,954,000","2,889,000","2,681,000","2,438,000","2,287,000","2,206,000","2,044,000","1,895,000","1,668,000","2,462,000","2,372,000","2,226,000","2,215,000","2,066,000","1,932,000","1,887,000","1,720,000","1,600,000","1,600,000","1,300,000","1,100,000","1,100,000","900,000","800,000","700,000","800,000","700,000","500,000","500,000",,,,,,,,
NetIncomeFromContinuingOperationNetMinorityInterest,"1,246,100,000","342,200,000","291,100,000","307,900,000","304,900,000","156,200,000","187,600,000","158,800,000","77,700,000","46,200,000","68,000,000","85,200,000","61,900,000","56,400,000","59,872,000","93,107,000","60,660,000","52,061,000","89,404,000","51,886,000","53,200,000","50,727,000","51,319,000","54,041,000","51,428,000","40,270,000","47,732,000","43,391,000","51,223,000","40,653,000","41,139,000","34,537,000","35,170,000","24,694,000","27,160,000","30,891,000","25,281,000","21,882,000","19,029,000","23,339,000","20,491,000","16,796,000","16,335,000","16,339,000","14,830,000","8,705,000","4,379,000","9,792,000","-1,514,000","1,342,000","-5,052,000","6,982,000","4,050,000","192,000","-419,000","2,702,000","-206,820,000","-1,871,000","-3,203,000","11,310,000","10,652,000","7,069,000","7,110,000","10,596,000","11,717,000","10,629,000","11,241,000","17,725,000","12,767,000","10,060,000","9,919,000","14,327,000","10,765,000","7,562,000","10,072,000","12,881,000","8,519,000","4,165,000","7,261,000","10,729,000","7,935,000","6,391,000","6,132,000","7,696,000","5,071,000","2,855,000","5,632,000","7,523,000","6,194,000","4,964,000","5,700,000","5,900,000","4,600,000","3,000,000","3,400,000","3,700,000","2,200,000","1,500,000","1,900,000","1,600,000","1,400,000","1,100,000","1,200,000","900,000","900,000","900,000","1,000,000","800,000","800,000","800,000"
TotalUnusualItemsExcludingGoodwill,"10,400,000","9,000,000","5,100,000","700,000","-4,400,000","-1,000,000","16,400,000","200,000","-6,100,000","-100,000","-1,500,000","9,400,000","-400,000","-500,000","-1,887,000","15,760,000",,,,"0","0","0","-3,498,000","-3,498,000","-3,498,000","-3,498,000","-5,733,000","-4,131,000","-6,130,000","-4,130,000",,,,,"0","0","0","0","-1,771,000","452,000","820,000","384,000","-271,000","216,000","-319,000","-305,000","-484,000","73,000","-13,045,000","-1,425,000","-6,929,000","24,000","258,000","1,171,000","3,643,000","1,890,000","-299,848,000","98,000","319,000","144,000","113,000","212,000","28,000","188,000","315,000","427,000","451,000","189,000","282,000","317,000","-321,000","-502,000","-358,000","-339,000","-227,000","-272,000","-280,000","-172,000","-349,000","-252,000","-177,000","95,000","-45,000","-241,000","-45,000","-79,000","-168,000","451,000","305,000","128,000",,"100,000","-300,000","300,000","-300,000","600,000","200,000","400,000","-100,000","300,000","400,000","200,000",,,,,,,,
TotalUnusualItems,"10,400,000","9,000,000","5,100,000","700,000","-4,400,000","-1,000,000","16,400,000","200,000","-6,100,000","-100,000","-1,500,000","9,400,000","-400,000","-500,000","-1,887,000","15,760,000",,,,"0","0","0","-3,498,000","-3,498,000","-3,498,000","-3,498,000","-5,733,000","-4,131,000","-6,130,000","-4,130,000",,,,,"0","0","0","0","-1,771,000","452,000","820,000","384,000","-271,000","216,000","-319,000","-305,000","-484,000","73,000","-13,045,000","-1,425,000","-6,929,000","24,000","258,000","1,171,000","3,643,000","1,890,000","-299,848,000","98,000","319,000","144,000","113,000","212,000","28,000","188,000","315,000","427,000","451,000","189,000","282,000","317,000","-321,000","-502,000","-358,000","-339,000","-227,000","-272,000","-280,000","-172,000","-349,000","-252,000","-177,000","95,000","-45,000","-241,000","-45,000","-79,000","-168,000","451,000","305,000","128,000",,"100,000","-300,000","300,000","-300,000","600,000","200,000","400,000","-100,000","300,000","400,000","200,000",,,,,,,,
NormalizedEBITDA,"2,042,100,000","538,600,000","508,400,000","498,000,000","496,900,000","277,700,000","323,300,000","264,600,000","161,600,000","117,300,000","150,600,000","161,600,000","140,500,000","131,500,000","132,456,000","143,844,000","129,036,000","111,991,000","129,905,000","121,905,000","118,368,000","108,725,000","96,443,000","107,614,000","105,015,000","86,550,000","93,229,000","87,152,000","101,683,000","81,389,000","75,069,000","67,240,000","67,983,000","51,169,000","51,650,000","57,654,000","51,134,000","46,108,000","42,653,000","47,876,000","42,022,000","36,281,000","34,991,000","36,122,000","34,791,000","25,193,000","17,547,000","27,476,000","20,934,000","14,735,000","12,844,000","21,421,000","16,038,000","10,144,000","5,097,000","15,618,000","13,779,000","14,573,000","12,377,000","37,211,000","36,064,000","28,806,000","27,890,000","37,446,000","36,374,000","29,637,000","29,875,000","41,972,000","33,247,000","27,321,000","27,686,000","34,706,000","27,746,000","21,386,000","24,692,000","29,546,000","22,692,000","14,543,000","19,365,000","24,649,000","19,519,000","15,816,000","17,020,000","20,413,000","16,472,000","13,938,000","18,039,000","19,428,000","18,351,000","15,535,000","15,900,000","15,600,000","13,000,000","8,300,000","10,000,000","7,900,000","6,600,000","4,600,000","5,400,000","3,400,000","2,400,000","2,000,000","-101,700,000","36,400,000","36,700,000","32,400,000","-81,500,000","31,500,000","27,300,000","27,100,000"
TaxRateForCalcs,"0.283","0.268","0.322","0.268","0.273","0.261","0.27","0.275","0.283","0.28","0.282","0.274","0.276","0.275","0.232","0.146","0.249","0.254","0.022","0.4","0.394","0.376","0.224","0.325","0.335","0.329","0.281","0.307","0.323","0.3","0.275","0.383","0.384","0.393","0.341","0.353","0.387","0.385","0.382","0.392","0.377","0.373","0.331","0.394","0.374","0.35","0.37","0.35","0.35","0.386","0.356","0.399","0.4","0.35","0.35","0.35","0.315","0.372","0.385","0.35","0.397","0.393","0.357","0.357","0.4","0.356","0.382","0.4","0.397","0.387","0.377","0.39","0.39","0.39","0.398","0.398","0.4","0.388","0.388","0.39","0.386","0.386","0.386","0.387","0.385","0.385","0.361","0.363","0.4","0.4","0.394","0.4","0.4","0.4","0.4","0.383","0.389","0.375","0.321","0.385","0.391","0.389","0.4","0.4","0.4","0.4","0.4","0.4","0.4","0.4"
TaxEffectOfUnusualItems,"2,941,854.061","2,412,000","1,644,094.488","187,600","-1,201,200","-261,000","4,423,978.202","55,000","-1,726,300","-28,000","-422,914.467","2,575,600","-110,400","-137,500","-437,889.334","2,300,960","0","0","0","0","0","0","-783,111.43","-1,136,850","-1,171,830","-1,150,842","-1,609,939.039","-1,268,217","-1,979,990","-1,239,000","0","0","0","0","0","0","0","0","-676,974.581","177,187.485","309,483.791","143,062.199","-89,767.502","85,011.469","-119,431.555","-106,750","-179,045.18","25,550","-4,565,750","-550,182.983","-2,465,175.976","9,570.654","103,200","409,850","1,275,050","661,500","-94,552,068.01","36,449.815","122,697.022","50,400","44,895.666","83,307.17","10,008.134","67,064.594","126,000","151,917.692","172,062.393","75,600","111,893.976","122,666.057","-121,000.063","-195,768.458","-139,613.305","-132,231.328","-90,346.841","-108,263.576","-112,000","-66,650","-135,261.049","-98,179.211","-68,326.602","36,671.15","-17,347.931","-93,341.693","-17,326.583","-30,422.572","-60,650.783","163,614.518","122,000","51,200","0","40,000","-120,000","120,000","-120,000","230,000","77,777.778","150,000","-32,142.857","115,384.615","156,521.739","77,777.778","0","0","0","0","0","0","0","0"