name,ttm,03/31/2022,12/31/2021,09/30/2021,06/30/2021,03/31/2021,12/31/2020,09/30/2020,06/30/2020,03/31/2020,12/31/2019,09/30/2019,06/30/2019,03/31/2019,12/31/2018,09/30/2018,06/30/2018,03/31/2018,12/31/2017,09/30/2017,06/30/2017,03/31/2017,12/31/2016,09/30/2016,06/30/2016,03/31/2016,12/31/2015,09/30/2015,06/30/2015,03/31/2015,12/31/2014,09/30/2014,06/30/2014,03/31/2014,12/31/2013,09/30/2013,06/30/2013,03/31/2013,12/31/2012,09/30/2012,06/30/2012,03/31/2012,12/31/2011,09/30/2011,06/30/2011,03/31/2011,12/31/2010,09/30/2010,06/30/2010,03/31/2010,12/31/2009,09/30/2009,06/30/2009,03/31/2009,12/31/2008,09/30/2008,06/30/2008,03/31/2008,12/31/2007,09/30/2007,06/30/2007,03/31/2007,12/31/2006,09/30/2006,06/30/2006,03/31/2006,12/31/2005,09/30/2005,06/30/2005,03/31/2005,12/31/2004,09/30/2004,06/30/2004,03/31/2004,12/31/2003,09/30/2003,06/30/2003,03/31/2003,12/31/2002,09/30/2002,06/30/2002,03/31/2002,12/31/2001,09/30/2001,06/30/2001,03/31/2001,12/31/2000,09/30/2000,06/30/2000,03/31/2000,12/31/1999,09/30/1999,06/30/1999,03/31/1999,12/31/1998,09/30/1998,06/30/1998,03/31/1998,12/31/1997,09/30/1997,06/30/1997,03/31/1997,10/31/1996,07/31/1996,04/30/1996,01/31/1996,10/31/1995,07/31/1995,04/30/1995,01/31/1995
TotalRevenue,"1,867,908,000","451,388,000","494,574,000","476,894,000","445,052,000","370,881,000","428,525,000","386,110,000","347,652,000","406,569,000","462,659,000","457,786,000","448,742,000","384,457,000","427,898,000","418,498,000","419,800,000","361,026,000","398,475,000","399,345,000","397,078,000","346,362,000","386,717,000","387,516,000","387,528,000","338,533,000","355,969,000","350,701,000","344,249,000","302,477,000","336,696,000","334,998,000","330,433,000","284,933,000","314,495,000","323,184,000","324,684,000","283,479,000","305,505,000","306,286,000","304,872,000","266,238,000","288,239,000","296,701,000","293,345,000","255,202,000","275,684,000","286,138,000","286,366,000","244,103,000","262,315,000","271,766,000","274,736,000","247,248,000","279,308,000","312,516,000","323,819,000","282,776,000","304,892,000","314,253,000","315,225,000","275,185,000","287,143,000","292,038,000","287,577,000","253,333,000","258,490,000","265,594,000","264,743,000","232,829,000","223,997,000","231,622,000","226,915,000","200,976,000","206,020,000","211,720,000","208,178,000","184,221,000","194,697,000","201,918,000","202,529,000","176,538,000","178,505,000","188,267,000","191,788,000","170,385,000","178,293,000","184,806,000","172,953,000","151,267,000","149,500,000","111,000,000","97,800,000","85,800,000","87,000,000","73,500,000","69,700,000","58,300,000","57,500,000","55,400,000","50,000,000","37,700,000","32,300,000","31,400,000","28,800,000","28,300,000","25,400,000","25,500,000","25,500,000","25,500,000"
	OperatingRevenue,"1,867,908,000","451,388,000","494,574,000","476,894,000","445,052,000","370,881,000","428,525,000","386,110,000","347,652,000","406,569,000","462,659,000","457,786,000","448,742,000","384,457,000","427,898,000","418,498,000","419,800,000","361,026,000","398,475,000","399,345,000","397,078,000","346,362,000","386,717,000","387,516,000","387,528,000","338,533,000","355,969,000","350,701,000","344,249,000","302,477,000","336,696,000","334,998,000","330,433,000","284,933,000","314,495,000","323,184,000","324,684,000","283,479,000","305,505,000","306,286,000","304,872,000","266,238,000","288,239,000","296,701,000","293,345,000","255,202,000","275,684,000","286,138,000","286,366,000","244,103,000","262,315,000","271,766,000","274,736,000","247,248,000","279,308,000","312,516,000","323,819,000","282,776,000","304,892,000","314,253,000","315,225,000","275,185,000","287,143,000","292,038,000","287,577,000","253,333,000","258,490,000","265,594,000","264,743,000","232,829,000","223,997,000","231,622,000","226,915,000","200,976,000","206,020,000","211,720,000","208,178,000","184,221,000","194,697,000","201,918,000","202,529,000","176,538,000","178,505,000","188,267,000","191,788,000","170,385,000","178,293,000","184,806,000","172,953,000","151,267,000","149,500,000","111,000,000","97,800,000","85,800,000","87,000,000","73,500,000","69,700,000","58,300,000","57,500,000","55,400,000","50,000,000","37,700,000","32,300,000","31,400,000","28,800,000","28,300,000","25,400,000","25,500,000","25,500,000","25,500,000"
CostOfRevenue,"603,064,000","157,772,000","157,534,000","147,310,000","140,448,000","131,215,000","137,799,000","136,309,000","134,059,000","149,494,000","154,372,000","148,846,000","146,390,000","140,470,000","142,072,000","140,699,000","140,784,000","138,293,000","138,984,000","134,977,000","135,075,000","131,844,000","132,369,000","131,778,000","132,725,000","128,725,000","122,901,000","121,676,000","115,951,000","113,232,000","115,096,000","112,388,000","114,277,000","111,508,000","109,962,000","109,640,000","110,723,000","106,519,000","106,199,000","103,845,000","105,071,000","103,423,000","103,243,000","103,200,000","103,058,000","99,551,000","100,495,000","99,595,000","99,825,000","98,552,000","99,670,000","97,630,000","99,414,000","100,321,000","107,987,000","113,677,000","110,105,000","104,787,000","102,724,000","102,121,000","102,769,000","100,783,000","100,387,000","98,550,000","96,415,000","95,209,000","91,994,000","89,925,000","86,744,000","84,476,000","77,614,000","76,390,000","74,362,000","73,791,000","72,528,000","74,571,000","73,361,000","71,557,000",,"71,685,000","66,632,000","67,227,000","64,039,000","64,593,000","61,315,000","61,536,000","55,289,000","56,038,000","53,626,000","52,512,000","49,600,000","33,200,000","30,500,000","29,800,000","28,100,000","22,300,000","21,600,000","20,800,000","17,900,000","16,500,000","15,500,000","13,500,000","10,200,000","10,100,000","10,000,000",,,,,
GrossProfit,"1,264,844,000","293,616,000","337,040,000","329,584,000","304,604,000","239,666,000","290,726,000","249,801,000","213,593,000","257,075,000","308,287,000","308,940,000","302,352,000","243,987,000","285,826,000","277,799,000","279,016,000","222,733,000","259,491,000","264,368,000","262,003,000","214,518,000","254,348,000","255,738,000","254,803,000","209,808,000","233,068,000","229,025,000","228,298,000","189,245,000","221,600,000","222,610,000","216,156,000","173,425,000","204,533,000","213,544,000","213,961,000","176,960,000","199,306,000","202,441,000","199,801,000","162,815,000","184,996,000","193,501,000","190,287,000","155,651,000","175,189,000","186,543,000","186,541,000","145,551,000","162,645,000","174,136,000","175,322,000","146,927,000","171,321,000","198,839,000","213,714,000","177,989,000","202,168,000","212,132,000","212,456,000","174,402,000","186,756,000","193,488,000","191,162,000","158,124,000","166,496,000","175,669,000","177,999,000","148,353,000","146,383,000","155,232,000","152,553,000","127,185,000","133,492,000","137,149,000","134,817,000","112,664,000",,"130,233,000","135,897,000","109,311,000","114,466,000","123,674,000","130,473,000","108,849,000","123,004,000","128,768,000","119,327,000","98,755,000","99,900,000","77,800,000","67,300,000","56,000,000","58,900,000","51,200,000","48,100,000","37,500,000","39,600,000","38,900,000","34,500,000","24,200,000","22,100,000","21,300,000","18,800,000",,,,,
OperatingExpense,"714,387,000","173,723,000","187,291,000","196,274,000","157,099,000","151,158,000","153,698,000","145,252,000","148,156,000","163,008,000","168,758,000","167,697,000","158,783,000","157,828,000","155,247,000","149,031,000","145,155,000","148,152,000","139,771,000","135,384,000","134,433,000","140,089,000","141,852,000","136,153,000","138,437,000","134,305,000","129,820,000","122,584,000","129,143,000","123,827,000","134,327,000","137,361,000","144,138,000","142,487,000","148,264,000","145,059,000","144,405,000","151,637,000","149,204,000","138,919,000","138,978,000","137,958,000","139,073,000","138,076,000","130,868,000","130,044,000","142,364,000","139,970,000","137,270,000","134,712,000","142,196,000","134,877,000","141,326,000","142,325,000","147,548,000","145,321,000","147,109,000","141,934,000","150,909,000","141,697,000","137,869,000","142,880,000","142,855,000","134,103,000","132,011,000","130,791,000","131,422,000","126,977,000","124,074,000","119,224,000","123,429,000","121,996,000","120,631,000","113,826,000","120,022,000","113,381,000","109,312,000","110,330,000","389,997,000","112,560,000","108,737,000","108,217,000","130,944,000","127,262,000","124,456,000","123,103,000","121,422,000","116,081,000","111,491,000","107,174,000","102,900,000","63,500,000","53,500,000","51,700,000","49,200,000","35,200,000","34,200,000","30,800,000","29,000,000","26,700,000","21,800,000","16,100,000","11,600,000","11,600,000","10,600,000",,,,,
	SellingGeneralAndAdministration,"435,215,000","105,096,000","121,668,000","111,974,000","96,477,000","90,409,000","89,950,000","84,015,000","84,158,000","100,695,000","105,880,000","103,746,000","97,090,000","96,322,000","97,237,000","93,942,000","89,833,000","91,312,000","83,670,000","83,588,000","82,651,000","88,664,000","89,623,000","86,846,000","86,504,000","82,816,000","82,783,000","76,143,000","80,418,000","74,597,000","79,142,000","74,686,000","73,089,000","72,961,000","67,177,000","71,876,000","71,997,000","77,736,000","67,095,000","65,743,000","65,983,000","65,585,000","63,469,000","63,514,000","59,369,000","62,618,000","64,929,000","63,490,000","60,551,000","57,543,000","58,592,000","54,570,000","59,058,000","57,203,000","56,859,000","65,703,000","69,875,000","65,184,000","66,258,000","68,020,000","66,238,000","69,874,000","65,435,000","65,577,000","58,634,000","59,291,000","55,276,000","52,864,000","52,643,000","51,944,000","49,933,000","47,301,000","45,651,000","45,435,000","45,364,000","42,729,000","40,580,000","42,847,000","319,006,000","42,325,000","39,417,000","41,206,000","39,259,000","37,552,000","36,436,000","37,696,000","34,859,000","33,748,000","35,261,000","34,204,000","30,400,000","23,100,000","20,800,000","20,100,000","17,700,000","15,000,000","15,000,000","13,200,000","12,800,000","12,600,000","10,800,000","9,300,000","6,700,000","8,100,000","7,000,000",,,,,
		GeneralAndAdministrativeExpense,"435,215,000","105,096,000","121,668,000","111,974,000","96,477,000","90,409,000","89,950,000","84,015,000","84,158,000","100,695,000","105,880,000","103,746,000","97,090,000","96,322,000","97,237,000","93,942,000","89,833,000","91,312,000","83,670,000","83,588,000","82,651,000","88,664,000","89,623,000","86,846,000","86,504,000","82,816,000","82,783,000","76,143,000","80,418,000","74,597,000","79,142,000","74,686,000","73,089,000","72,961,000","67,177,000","71,876,000","71,997,000","77,736,000","67,095,000","65,743,000",,,,,"59,369,000","62,618,000",,,"60,551,000",,,,,,,,,,,,,,,,,,,,,,,,,,,,,,,,,,,,,,,,,,,,,,,,,,,,,,,,,,,,,
			SalariesAndWages,,,"14,828,000",,,,,,,,"11,569,000",,,,"6,698,000",,,,"2,539,000",,,,"8,910,000",,,,"8,382,000","6,121,000",,,"8,133,000","5,474,000","6,601,000",,"1,829,000","5,912,000",,,"3,564,000","3,869,000",,,,,"2,546,000","2,132,000",,,"5,039,000",,,,,,,,,,,,,,,,,,,,,,,,,,,,,,,,,,,,,,,,,,,,,,,,,,,,,,,,,,,,,
			OtherGandA,"435,215,000","105,096,000","121,668,000","111,974,000","96,477,000","90,409,000","89,950,000","84,015,000","84,158,000","100,695,000","105,880,000","103,746,000","97,090,000","96,322,000","97,237,000","93,942,000","89,833,000","91,312,000","83,670,000","83,588,000","82,651,000","88,664,000","89,623,000","86,846,000","86,504,000","82,816,000","82,783,000","76,143,000","80,418,000","74,597,000","79,142,000","74,686,000","73,089,000","72,961,000","67,177,000","71,876,000","71,997,000","77,736,000","63,531,000","61,874,000",,,,,"56,823,000","60,486,000",,,"55,512,000",,,,,,,,,,,,,,,,,,,,,,,,,,,,,,,,,,,,,,,,,,,,,,,,,,,,,,,,,,,,,
	DepreciationAmortizationDepletionIncomeStatement,"279,172,000","68,627,000","65,623,000","84,300,000","60,622,000","60,749,000","63,748,000","61,237,000","63,998,000","62,313,000","62,878,000","63,951,000","61,693,000","61,506,000","58,010,000","55,089,000","55,322,000","56,840,000","56,101,000","51,796,000","51,782,000","51,425,000","52,229,000","49,307,000","51,933,000","51,489,000","47,037,000","46,441,000","48,725,000","49,230,000","55,185,000","62,675,000","71,049,000","69,526,000","81,087,000","73,183,000","72,408,000","73,901,000","76,800,000","73,915,000","72,995,000","72,373,000","78,185,000","75,171,000","72,410,000","73,873,000","78,579,000","77,617,000","78,165,000","78,342,000","83,933,000","83,529,000","83,489,000","85,774,000","94,172,000","80,486,000","79,303,000","77,693,000","86,059,000","74,352,000","73,150,000","73,318,000","78,388,000","76,030,000","74,089,000","73,178,000","74,279,000","74,656,000","71,916,000","69,238,000","76,180,000","75,163,000","71,519,000","69,320,000","74,790,000","70,410,000","69,560,000","67,513,000","71,124,000","70,268,000","69,401,000","67,100,000","91,900,000","89,399,000","88,823,000","85,407,000","86,563,000","82,333,000","76,230,000","72,970,000","72,500,000","40,400,000","32,700,000","31,600,000","31,500,000","20,200,000","19,200,000","17,600,000","16,200,000","14,100,000","11,000,000","6,800,000","4,900,000","3,500,000","3,600,000",,,,,
		DepreciationAndAmortizationInIncomeStatement,"279,172,000","68,627,000","65,623,000","84,300,000","60,622,000","60,749,000","63,748,000","61,237,000","63,998,000","62,313,000","62,878,000","63,951,000","61,693,000","61,506,000","58,010,000","55,089,000","55,322,000","56,840,000","56,101,000","51,796,000","51,782,000","51,425,000","52,229,000","49,307,000","51,933,000","51,489,000","47,037,000","46,441,000","48,725,000","49,230,000","55,185,000","62,675,000","71,049,000","69,526,000","81,087,000","73,183,000","72,408,000","73,901,000","76,800,000","73,915,000","72,995,000","72,373,000","78,185,000","75,171,000","72,410,000","73,873,000","78,579,000","77,617,000","78,165,000","78,342,000","83,933,000","83,529,000","83,489,000","85,774,000","94,172,000","80,486,000","79,303,000","77,693,000","86,059,000","74,352,000","73,150,000","73,318,000","78,388,000","76,030,000","74,089,000","73,178,000","74,279,000","74,656,000","71,916,000","69,238,000","76,180,000","75,163,000","71,519,000","69,320,000","74,790,000","70,410,000","69,560,000","67,513,000","71,124,000","70,268,000","69,401,000","67,100,000","91,900,000","89,399,000","88,823,000","85,407,000","86,563,000","82,333,000","76,230,000","72,970,000","72,500,000","40,400,000","32,700,000","31,600,000","31,500,000","20,200,000","19,200,000","17,600,000","16,200,000","14,100,000","11,000,000","6,800,000","4,900,000","3,500,000","3,600,000",,,,,
	OtherOperatingExpenses,,,"455,000",,,,,,,,"1,663,000",,,,,,,,,,,,,,,,,,,,,,,,,,,,,"-739,000",,,"-2,581,000","-609,000","-911,000","-6,447,000","-1,144,000","-1,137,000","-1,446,000","-1,173,000","-329,000","-3,222,000","-1,221,000","-652,000","-3,483,000","-868,000","-2,069,000","-943,000","-1,408,000","-675,000","-1,519,000","-312,000","-968,000","-7,504,000","-712,000","-1,678,000","1,867,000","-543,000","-485,000","-1,958,000","-2,684,000","-468,000","3,461,000","-929,000","-132,000","242,000","-828,000","-30,000","-133,000","-33,000","-81,000","-89,000","-215,000","311,000","-803,000",,,,,,,,,,,,,,,,,,,,,,,,,
OperatingIncome,"550,457,000","119,893,000","149,749,000","133,310,000","147,505,000","88,508,000","137,028,000","104,549,000","65,437,000","94,067,000","139,529,000","141,243,000","143,569,000","86,159,000","130,579,000","128,768,000","133,861,000","74,581,000","119,720,000","128,984,000","127,570,000","74,429,000","112,496,000","119,585,000","116,366,000","75,503,000","103,248,000","106,441,000","99,155,000","65,418,000","87,273,000","85,249,000","72,018,000","30,938,000","56,269,000","68,485,000","69,556,000","25,323,000","50,102,000","63,522,000","60,823,000","24,857,000","45,923,000","55,425,000","59,419,000","25,607,000","32,825,000","46,573,000","49,271,000","10,839,000","20,449,000","39,259,000","33,996,000","4,602,000","23,773,000","53,518,000","66,605,000","36,055,000","51,259,000","70,435,000","74,587,000","31,522,000","43,901,000","59,385,000","59,151,000","27,333,000","35,074,000","48,692,000","53,925,000","29,129,000","22,954,000","33,236,000","31,922,000","13,359,000","13,470,000","23,768,000","25,505,000","2,334,000","10,244,000","17,673,000","27,160,000","1,094,000","-16,478,000","-3,588,000","6,017,000","-14,254,000","1,582,000","12,687,000","7,836,000","-8,419,000","-3,000,000","14,300,000","13,800,000","4,300,000","9,700,000","16,000,000","13,900,000","6,700,000","10,600,000","12,200,000","12,700,000","8,100,000","10,500,000","9,700,000","8,200,000","28,300,000","-50,200,000","25,500,000","25,500,000","25,500,000"
NetNonOperatingInterestIncomeExpense,"-104,212,000","-26,571,000","-25,537,000","-25,927,000","-26,177,000","-27,980,000","-30,385,000","-34,820,000","-35,258,000","-36,363,000","-36,165,000","-38,155,000","-38,090,000","-37,442,000","-32,190,000","-31,693,000","-31,760,000","-33,555,000","-32,870,000","-32,062,000","-31,979,000","-31,479,000","-31,219,000","-31,100,000","-31,296,000","-30,067,000","-24,474,000","-24,707,000","-24,688,000","-24,530,000","-24,479,000","-24,407,000","-26,043,000","-30,223,000","-33,969,000","-37,635,000","-37,836,000","-36,672,000","-39,951,000","-38,387,000","-38,568,000","-39,856,000","-41,578,000","-42,102,000","-43,256,000","-43,588,000","-44,549,000","-45,338,000","-46,553,000","-49,241,000","-51,877,000","-51,962,000","-56,476,000","-36,205,000",,,,,,,,,,,,,,,,,,,,,,,,,,,,,,,,,,,,,,,,,,,,,,,,,,,,,,,,
	InterestIncomeNonOperating,"804,000","215,000","209,000","198,000","182,000","174,000","180,000","248,000","179,000","190,000","211,000","168,000","232,000","153,000","221,000","157,000","132,000","24,000","0","2,000","0","4,000","0","2,000","3,000","1,000","6,000","2,000","24,000","2,000","3,000","11,000","43,000","45,000","44,000","42,000","51,000","28,000","61,000","147,000","65,000","58,000","58,000","428,000","51,000","32,000","177,000","14,000","87,000","89,000","85,000","128,000","169,000","145,000",,,,,,,,,,,,,,,,,,,,,,,,,,,,,,,,,,,,,,,,,,,,,,,,,,,,,,,,
	InterestExpenseNonOperating,"105,016,000","26,786,000","25,746,000","26,125,000","26,359,000","28,154,000","30,565,000","35,068,000","35,437,000","36,553,000","36,376,000","38,323,000","38,322,000","37,595,000","32,411,000","31,850,000","31,892,000","33,579,000","32,870,000","32,064,000","31,979,000","31,483,000","31,219,000","31,102,000","31,299,000","30,068,000","24,480,000","24,709,000","24,712,000","24,532,000","24,482,000","24,418,000","26,086,000","30,268,000","34,013,000","37,677,000","37,887,000","36,700,000","40,012,000","38,534,000","38,633,000","39,914,000","41,636,000","42,530,000","43,307,000","43,620,000","44,726,000","45,352,000","46,640,000","49,330,000","51,962,000","52,090,000","56,645,000","36,350,000",,,,,,,,,,,,,,,,,,,,,,,,,,,,,,,,,,,,,,,,,,,,,,,,,,,,,,,,
OtherIncomeExpense,"6,393,000","1,309,000","2,436,000","1,167,000","1,481,000","-21,189,000","4,203,000","-5,747,000","1,010,000","-15,675,000","1,881,000","199,000","537,000","4,624,000","32,000","-407,000","1,843,000","-24,130,000","287,000","2,734,000","536,000","1,036,000","2,874,000","189,000","649,000","8,185,000","1,535,000","5,203,000","191,000","1,836,000","1,191,000","775,000","-19,827,000","-9,039,000","-12,635,000","787,000","701,000","606,000","4,141,000","-1,984,000","3,634,000","-29,036,000","-226,000","-451,000",,,"0",,"-17,137,000","-261,000","-350,000","1,576,000","3,539,000",,"-3,880,000","1,149,000","2,069,000","2,476,000","1,408,000","675,000","1,519,000","15,760,000","968,000","7,504,000","712,000","1,678,000","-1,867,000","-3,439,000","485,000","1,958,000","2,684,000","468,000","-3,461,000","929,000","-4,019,000","-12,808,000","-4,926,000","-11,143,000","-5,717,000","33,000","81,000","89,000","215,000","-311,000","803,000","216,000","712,000","170,000","105,000","-1,000","1,200,000","5,200,000","100,000","1,000,000","2,200,000","-100,000","-800,000","500,000","900,000","300,000","-100,000","700,000","200,000","-100,000","-400,000",,,,,
	GainOnSaleOfSecurity,,,,,,,,,,,,,,,,,,,,,,,,,,,,,,,,,,,,,,,,,,,,,,,,,,,"0","1,445,000",,,,,,,,,,,,,,,,,,,,,,,,,,,,,,,,,,,,,,,,,,,,,,,,,,,,,,,,,,
	EarningsFromEquityInterest,"4,130,000","746,000","2,243,000","1,141,000",,,,,,,,,,,,,,,,,,,,,,,,,,,,,,,,,,,,"-1,984,000","0","-29,972,000",,"-451,000","0",,,,,,,,,,,,,,,,,,,,,,,,,,,,,,,,,,,,,,,,,,,,,,,,,,,,,,,,,,,,,,,,,
	SpecialIncomeCharges,"2,263,000","563,000","193,000","26,000","1,481,000","-21,189,000","4,203,000","-5,747,000","1,010,000","-15,675,000","1,881,000","199,000","537,000","4,624,000","32,000","-407,000","1,843,000","-24,130,000","287,000","2,734,000","536,000","1,036,000","2,874,000","189,000","649,000","8,185,000","1,535,000","5,203,000","191,000","1,836,000","1,191,000","775,000","-19,827,000","-9,039,000","-12,635,000","787,000","701,000","606,000","-1,168,000","739,000","3,634,000","936,000",,,"0","0","0",,"-17,137,000","-261,000","-350,000","131,000","3,539,000","0",,"1,149,000","2,069,000","2,476,000","1,408,000","675,000","1,519,000","15,760,000","968,000","7,504,000","712,000","1,678,000","-1,867,000","-3,439,000","485,000","1,958,000","2,684,000","468,000","-3,461,000","929,000","-4,019,000","-12,808,000","-4,926,000","-11,143,000","-5,717,000","33,000","81,000","89,000","215,000","-311,000","803,000","216,000","712,000","170,000","105,000","-1,000","1,200,000","5,200,000","100,000","1,000,000","2,200,000","-100,000","-800,000","500,000","900,000","300,000","-100,000","700,000","200,000","-100,000","-400,000",,,,,
		WriteOff,,,,,,,,,,,,,,,,,,,,,,,,,,,"0","0","0","0","0","0","0","4,069,000",,,,,,,,,,,,,,,,,,,,,,,,,,,,,,,,,,,,,,,,,,,,,,,,,,,,,,,,,,,,,,,,,,,,,,,,,,,,
		OtherSpecialCharges,,,"0",,,"21,604,000","0","7,051,000","5,000","18,179,000",,,,,"0",,,"15,429,000","0",,"71,000",,"0",,"56,000","3,142,000",,,,,"0",,"20,847,000","5,176,000","14,345,000",,,,"9,676,000",,,,,,,,,,,,,,,,,,,,,,,,,,,,,,,,,,,,,,,,,,,,,,,,,,,,,,,,,,,,,,,,,,,,,,,
		GainOnSaleOfPPE,"2,263,000","563,000","193,000","26,000","1,481,000","415,000","4,203,000","1,304,000","1,015,000","2,504,000","1,881,000","199,000","537,000","4,624,000","32,000","-407,000","1,843,000","-8,701,000","287,000","2,734,000","607,000","1,036,000","2,874,000","189,000","705,000","11,327,000","1,535,000","5,203,000","191,000","1,836,000","1,191,000","775,000","1,020,000","206,000","1,710,000","787,000","701,000","606,000","8,508,000",,,,,,,,,,,,,,,,,,,,,,,,,,,,,,,,,,,,,,,,,,,,,,,,,,,,,,,,,,,,,,,,,,,,,,,
PretaxIncome,"452,638,000","94,631,000","126,648,000","108,550,000","122,809,000","39,339,000","110,846,000","63,982,000","31,189,000","42,029,000","105,245,000","103,287,000","106,016,000","53,341,000","98,421,000","96,668,000","103,944,000","16,896,000","87,137,000","99,656,000","96,127,000","43,986,000","84,151,000","88,674,000","85,719,000","53,621,000","80,309,000","86,937,000","74,658,000","42,724,000","63,985,000","61,617,000","26,148,000","-8,324,000","9,665,000","31,637,000","32,421,000","-10,743,000","14,292,000","23,151,000","25,889,000","-44,035,000","4,119,000","12,872,000","16,163,000","-17,981,000","-11,724,000","1,235,000","-14,419,000","-38,663,000","-31,778,000","-11,127,000","-18,941,000","-31,603,000","-15,627,000","14,496,000","27,671,000","-2,731,000","8,038,000","28,200,000","31,546,000","15,618,000","13,010,000","29,996,000","32,403,000","2,717,000","11,692,000","20,836,000","32,431,000","8,719,000","3,343,000","14,117,000","15,151,000","-4,152,000","-10,341,000","-10,223,000","-2,770,000","-32,481,000","-21,524,000","-9,122,000","85,000","-25,461,000","-44,057,000","-33,897,000","-26,777,000","-49,574,000","-35,380,000","-26,766,000","-28,091,000","-40,983,000","-34,900,000","-1,500,000","-3,900,000","-12,700,000","-8,900,000","3,800,000","-1,000,000","-6,200,000","-1,000,000","2,200,000","4,200,000","2,100,000","7,000,000","5,400,000","3,800,000",,,,,
TaxProvision,"10,726,000","2,480,000","3,334,000","1,712,000","3,200,000","1,010,000","2,140,000","1,224,000","-240,000","1,536,000","2,492,000","3,578,000","-12,380,000","2,088,000","2,728,000","2,612,000","3,513,000","1,844,000","-27,000","3,325,000","3,733,000","2,199,000","3,626,000","3,613,000","3,810,000","2,307,000","3,780,000","972,000","15,298,000","2,008,000","-143,898,000","26,567,000","10,726,000","-3,487,000","3,051,000","13,297,000","11,166,000","-4,673,000","7,073,000","11,655,000","11,967,000","-21,219,000","-2,253,000","8,880,000","4,737,000","-4,741,000","-4,605,000","454,000","-5,482,000","-13,836,000","-12,096,000","-6,346,000","-7,122,000","-10,270,000","-8,790,000","10,746,000","13,327,000","-1,197,000","3,565,000","13,675,000","13,166,000","6,779,000","5,862,000","13,157,000","14,031,000","1,177,000","5,773,000","8,755,000","13,687,000","3,684,000","2,521,000","5,892,000","6,286,000","-1,705,000","-4,471,000","-3,715,000","-569,000","-11,888,000","-7,655,000","-3,134,000","393,000","-9,298,000","-14,477,000","-9,536,000","-6,377,000","-15,284,000","-10,156,000","-7,257,000","-7,693,000","-12,009,000","-9,300,000","1,500,000","1,100,000","-2,800,000","-1,000,000","2,200,000","100,000","-1,600,000","100,000","1,200,000","2,600,000","800,000","2,700,000","2,200,000","1,500,000",,,,,
NetIncomeCommonStockholders,"441,547,000","92,060,000","123,222,000","106,747,000","119,518,000","38,238,000","108,614,000","62,667,000","31,338,000","40,402,000","102,661,000","99,618,000","118,305,000","51,162,000","95,601,000","93,965,000","100,340,000","14,961,000","87,072,000","96,240,000","92,303,000","41,696,000","80,433,000","84,970,000","81,818,000","51,223,000","76,437,000","85,874,000","59,269,000","40,625,000","207,791,000","34,959,000","15,331,000","-4,928,000","6,522,000","18,249,000","21,164,000","-6,161,000","7,127,000","11,405,000","13,831,000","-22,907,000","6,280,000","3,901,000","11,335,000","-13,331,000","-7,211,000","690,000","-9,028,000","-24,918,000","-19,774,000","-4,872,000","-11,910,000","-21,424,000","-6,929,000","3,659,000","14,253,000","-1,625,000","4,381,000","14,434,000","18,289,000","8,748,000","7,056,000","16,748,000","18,281,000","1,449,000","5,827,000","11,990,000","18,653,000","4,944,000","730,000","8,194,000","8,774,000","-2,538,000","-5,962,000","-6,599,000","-2,292,000","-32,363,000","-13,961,000","-6,079,000","-399,000","-16,254,000","-29,675,000","-24,452,000","-20,491,000","-34,381,000","-25,407,000","-19,509,000","-20,489,000","-29,065,000","-25,700,000","-3,200,000","-5,200,000","-10,800,000","-7,900,000","1,500,000","-1,300,000","-4,700,000","-1,100,000","1,000,000","1,400,000","1,200,000","4,200,000","3,100,000","2,200,000","1,600,000","2,600,000","2,700,000","2,700,000","2,700,000"
	NetIncome,"441,912,000","92,151,000","123,314,000","106,838,000","119,609,000","38,329,000","108,706,000","62,758,000","31,429,000","40,493,000","102,753,000","99,709,000","118,396,000","51,253,000","95,693,000","94,056,000","100,431,000","15,052,000","87,164,000","96,331,000","92,394,000","41,787,000","80,525,000","85,061,000","81,909,000","51,314,000","76,529,000","85,965,000","59,360,000","40,716,000","207,883,000","35,050,000","15,422,000","-4,837,000","6,614,000","18,340,000","21,255,000","-6,070,000","7,219,000","11,496,000","13,922,000","-22,816,000","6,372,000","3,992,000","11,426,000","-13,240,000","-7,119,000","781,000","-8,937,000","-24,827,000","-19,682,000","-4,781,000","-11,819,000","-21,333,000","-6,837,000","3,750,000","14,344,000","-1,534,000","4,473,000","14,525,000","18,380,000","8,839,000","7,148,000","16,839,000","18,372,000","1,540,000","5,919,000","12,081,000","18,744,000","5,035,000","822,000","8,285,000","8,865,000","-2,447,000","-5,870,000","-6,508,000","-2,201,000","-32,272,000","-13,869,000","-5,988,000","-308,000","-16,163,000","-29,583,000","-24,361,000","-20,400,000","-34,290,000","-25,224,000","-19,509,000","-20,398,000","-28,974,000","-25,600,000","-3,200,000","-5,000,000","-10,700,000","-7,900,000","1,600,000","-1,100,000","-4,600,000","-1,100,000","1,000,000","1,600,000","1,300,000","4,300,000","3,200,000","2,300,000","1,600,000","2,600,000","2,700,000","2,700,000","2,700,000"
		NetIncomeIncludingNoncontrollingInterests,"441,912,000","92,151,000","123,314,000","106,838,000","119,609,000","38,329,000","108,706,000","62,758,000","31,429,000","40,493,000","102,753,000","99,709,000","118,396,000","51,253,000","95,693,000","94,056,000","100,431,000","15,052,000","87,164,000","96,331,000","92,394,000","41,787,000","80,525,000","85,061,000","81,909,000","51,314,000","76,529,000","85,965,000","59,360,000","40,716,000","207,883,000","35,050,000","15,422,000","-4,837,000","6,614,000","18,340,000","21,255,000","-6,070,000","7,219,000","11,496,000","13,922,000","-22,816,000","6,372,000","3,992,000","11,426,000","-13,240,000","-7,119,000","781,000","-8,937,000","-24,827,000","-19,682,000","-4,781,000","-11,819,000","-21,333,000","-6,837,000","3,750,000","14,344,000","-1,534,000","4,473,000","14,525,000","18,380,000","8,839,000","7,148,000","16,839,000","18,372,000","1,540,000","5,919,000","12,081,000","18,744,000","5,035,000","822,000","8,285,000","8,865,000","-2,447,000","-5,870,000","-6,508,000","-2,201,000","-32,272,000","-13,869,000","-5,988,000","-308,000","-16,163,000","-29,583,000","-24,361,000","-20,400,000","-34,290,000","-25,224,000","-19,509,000","-20,398,000","-28,974,000","-25,600,000","-3,200,000","-5,000,000","-10,700,000","-7,900,000","1,600,000","-1,100,000","-4,600,000","-1,100,000","1,000,000","1,600,000","1,300,000","4,300,000","3,200,000","2,300,000","1,600,000","2,600,000","2,700,000","2,700,000","2,700,000"
			NetIncomeContinuousOperations,"441,912,000","92,151,000","123,314,000","106,838,000","119,609,000","38,329,000","108,706,000","62,758,000","31,429,000","40,493,000","102,753,000","99,709,000","118,396,000","51,253,000","95,693,000","94,056,000","100,431,000","15,052,000","87,164,000","96,331,000","92,394,000","41,787,000","80,525,000","85,061,000","81,909,000","51,314,000","76,529,000","85,965,000","59,360,000","40,716,000","207,883,000","35,050,000","15,422,000","-4,837,000","6,614,000","18,340,000","21,255,000","-6,070,000","7,219,000","11,496,000","13,922,000","-22,816,000","6,372,000","3,992,000","11,426,000","-13,240,000","-7,119,000","781,000","-8,937,000","-24,827,000","-19,682,000","-4,781,000","-11,819,000","-21,333,000","-6,837,000","3,750,000","14,344,000","-1,534,000","4,473,000","14,525,000","18,380,000","8,839,000","7,148,000","16,839,000","18,372,000","1,540,000","5,919,000","12,081,000","18,744,000","5,035,000","822,000","8,285,000","8,865,000","-2,447,000","-5,870,000","-6,508,000","-2,201,000","-20,593,000","-13,869,000","-5,988,000","-308,000","-16,163,000","-29,583,000","-24,361,000","-20,400,000","-34,290,000","-25,224,000","-19,509,000","-20,398,000","-28,974,000","-25,600,000","-3,000,000","-5,000,000","-9,900,000","-7,900,000","1,600,000","-1,100,000","-4,600,000","-1,100,000","1,000,000","1,600,000","1,300,000","4,300,000","3,200,000","2,300,000","1,600,000","2,600,000","2,700,000","2,700,000","2,700,000"
			NetIncomeExtraordinary,,,,,,,,,,,,,,,,,,,,,,,,,,,,,,,,,,,,,,,,,,,,,,,,,,,,,,,,,,,,,,,,,,,,,,,,,,,"0",,,"-11,679,000",,,,,,,,,,,,,"0",,,"-800,000",,,,,,,,,,,,,,,,
			NetIncomeFromTaxLossCarryforward,,,,,,,,,,,,,,,,,,,,,,,,,,,,,,,,,,,,,,,,,,,,,,,,,,,,,,,,,,,,,,,,,,,,,,,,,,,,,,,,,,,,,,,,,,,"0","-200,000",,,,,,,,,,,,,,,,,,
	PreferredStockDividends,"365,000","91,000","92,000","91,000","91,000","91,000","92,000","91,000","91,000","91,000","92,000","91,000","91,000","91,000","92,000","91,000","91,000","91,000","92,000","91,000","91,000","91,000","92,000","91,000","91,000","91,000","92,000","91,000","91,000","91,000","92,000","91,000","91,000","91,000","92,000","91,000","91,000","91,000","92,000","91,000","91,000","91,000","92,000","91,000","91,000","91,000","92,000","91,000","91,000","91,000","92,000","91,000","91,000","91,000","92,000","91,000","91,000","91,000","92,000","91,000","91,000","91,000","92,000","91,000","91,000","91,000","92,000","91,000","91,000","91,000","92,000","91,000","91,000","91,000","92,000","91,000","91,000","91,000","92,000","91,000","91,000","91,000","92,000","91,000","91,000","91,000","183,000",,"91,000","91,000","100,000",,"200,000","100,000","0","100,000","200,000","100,000","0",,"200,000","100,000","100,000","100,000","100,000",,,,,
DilutedNIAvailtoComStockholders,"441,547,000","92,060,000","123,222,000","106,747,000","119,518,000","38,238,000","108,614,000","62,667,000","31,338,000","40,402,000","102,661,000","99,618,000","118,305,000","51,162,000","95,601,000","93,965,000","100,340,000","14,961,000","87,072,000","96,240,000","92,303,000","41,696,000","80,433,000","84,970,000","81,818,000","51,223,000","76,437,000","85,874,000","59,269,000","40,625,000","207,791,000","34,959,000","15,331,000","-4,928,000","6,522,000","18,249,000","21,164,000","-6,161,000","7,127,000","11,405,000","13,831,000","-22,907,000","6,280,000","3,901,000","11,335,000","-13,331,000","-7,211,000","690,000","-9,028,000","-24,918,000","-19,774,000","-4,872,000","-11,910,000","-21,424,000","-6,929,000","3,659,000","14,253,000","-1,625,000","4,381,000","14,434,000","18,289,000","8,748,000","7,056,000","16,748,000","18,281,000","1,449,000","5,827,000","11,990,000","18,653,000","4,944,000","730,000","8,194,000","8,774,000","-2,538,000","-5,962,000","-6,599,000","-2,292,000","-32,363,000","-13,961,000","-6,079,000","-399,000","-16,254,000","-29,675,000","-24,452,000","-20,491,000","-34,381,000","-25,407,000","-19,509,000","-20,489,000","-29,065,000","-25,700,000","-3,200,000","-5,200,000","-10,800,000","-7,900,000","1,500,000","-1,300,000","-4,700,000","-1,100,000","1,000,000","1,400,000","1,200,000","4,200,000","3,100,000","2,200,000","1,600,000","2,600,000","2,700,000","2,700,000","2,700,000"
BasicEPS,,"0.91","1.22","1.05","1.18","0.38",,"0.62","0.31","0.4","1.02","0.99","1.18","0.51","0.97","0.95","1.02","0.15","0.89","0.98","0.94","0.43","0.83","0.87","0.84","0.53","0.79","0.89","0.61","0.42","2.18","0.37","0.16","-0.05","0.11","0.19","0.22","-0.07","0.08","0.12","0.15","-0.25",,"0.04","0.12","-0.14",,"0.01","-0.1","-0.27",,"-0.05","-0.13","-0.23",,"0.04","0.15","-0.02",,"0.15","0.19","0.09",,"0.16","0.18","0.01",,"0.11","0.18","0.05",,"0.08","0.08","-0.02",,"-0.06","-0.02","-0.32",,"-0.06","0","-0.16",,"-0.25","-0.21","-0.35",,"-0.21","-0.23","-0.33",,"-0.05","-0.08","-0.18",,"0.03","-0.02","-0.1",,"0.02","0.03","0.03",,"0.09","0.05","0.03",,"0.05","0.05","0.05"
DilutedEPS,,"0.91","1.21","1.05","1.18","0.38",,"0.62","0.31","0.4","1.02","0.99","1.18","0.51","0.96","0.95","1.02","0.15","0.88","0.98","0.94","0.42","0.81","0.87","0.84","0.53","0.79","0.89","0.61","0.42","2.18","0.37","0.16","-0.05","0.11","0.19","0.22","-0.07","0.08","0.12","0.15","-0.25",,"0.04","0.12","-0.14",,"0.01","-0.1","-0.27",,"-0.05","-0.13","-0.23",,"0.04","0.15","-0.02",,"0.15","0.19","0.09",,"0.16","0.18","0.01",,"0.11","0.18","0.05",,"0.08","0.08","-0.024",,"-0.06","-0.022","-0.32",,"-0.06","-0.004","-0.162",,"-0.25","-0.21","-0.352",,"-0.212","-0.23","-0.33",,"-0.05","-0.08","-0.18",,"0.03","-0.02","-0.1",,"0.02","0.03","0.03",,"0.09","0.05","0.03",,"0.05","0.05","0.05"
BasicAverageShares,,"101,339,558","101,240,519","101,195,158","101,125,855","100,967,861",,"100,812,570","100,765,681","100,589,338","100,459,969","100,329,262","100,012,827","99,710,406","99,472,422","98,943,535","98,532,110","98,301,551","98,152,852","98,044,523","97,941,766","97,575,481","97,347,497","97,254,125","97,121,619","96,793,244","96,622,092","96,541,766","96,405,105","95,704,850","95,454,224","95,330,141","95,174,692","94,906,018","94,697,622","94,528,877","94,337,967","93,974,956","93,717,650","93,423,063","93,257,798","93,114,125",,"92,901,470","92,840,263","92,681,351",,"92,315,046","92,202,404","91,983,549",,"91,770,644","91,686,753","91,579,117",,"91,393,601","92,172,492","93,429,973",,"96,194,236","97,647,094","99,222,644",,"101,994,265","103,277,889","105,009,487",,"105,752,489","105,565,241","104,433,456",,"104,288,811","103,902,268","103,607,466",,"103,251,834","102,481,555","101,667,397",,"101,377,147","100,967,615","100,542,109",,"99,163,065","98,209,271","97,603,342",,"91,953,435","89,512,428","88,466,644",,"64,000,000","65,000,000","60,000,000",,"50,000,000","65,000,000","47,000,000",,"50,000,000","46,666,667","40,000,000",,"34,444,444","44,000,000","53,333,333",,"54,000,000","54,000,000","54,000,000"
DilutedAverageShares,,"101,540,213","101,468,468","101,401,754","101,328,939","101,138,042",,"100,924,981","100,861,881","100,875,388","100,672,782","100,522,177","100,222,082","99,915,443","99,759,674","99,253,008","98,834,588","98,726,934","98,602,599","98,490,277","98,442,860","98,149,974","97,951,462","97,881,878","97,731,467","97,378,135","96,675,737","96,602,429","96,482,919","95,742,148","95,522,205","95,753,522","95,590,222","94,906,018","95,091,780","94,927,069","94,813,138","93,974,956","94,075,642","93,729,512","93,543,471","93,114,125",,"93,076,619","93,196,805","93,157,052",,"92,728,863","92,714,870","92,498,159",,"91,994,981","91,746,773","91,674,499",,"91,526,410","92,409,086","93,682,468",,"97,088,195","98,487,257","100,064,865",,"102,908,772","104,348,078","105,857,006",,"106,279,765","106,031,171","104,945,008",,"104,873,266","104,494,414","103,607,466",,"103,251,834","102,481,555","101,667,397",,"101,377,147","100,967,615","100,542,109",,"99,163,065","98,209,271","97,603,342",,"91,953,435","89,512,428","88,466,644",,"64,000,000","65,000,000","60,000,000",,"50,000,000","65,000,000","47,000,000",,"50,000,000","46,666,667","40,000,000",,"34,444,444","44,000,000","53,333,333",,"54,000,000","54,000,000","54,000,000"
TotalOperatingIncomeAsReported,"552,720,000","120,456,000","149,942,000","133,336,000","148,986,000","88,923,000","141,231,000","105,853,000","66,452,000","96,571,000","141,410,000","141,442,000","144,106,000","90,783,000","130,611,000","128,361,000","135,704,000","65,880,000","120,007,000","131,718,000","128,177,000","75,465,000","115,370,000","119,774,000","117,071,000","86,830,000","104,783,000","111,644,000","99,346,000","67,254,000","88,464,000","86,024,000","73,038,000","31,144,000","57,979,000","69,272,000","70,257,000","25,929,000","63,919,000","63,522,000","64,457,000","25,793,000","45,923,000","55,425,000","59,419,000","25,607,000","32,825,000","46,573,000","49,271,000","10,839,000","20,449,000","39,259,000","33,996,000","4,602,000","23,773,000","53,518,000","66,605,000","36,055,000","51,259,000","70,435,000","74,587,000","31,522,000","43,901,000","59,385,000","59,151,000","27,333,000","35,074,000","48,692,000","53,925,000","29,129,000","22,954,000","33,236,000","31,922,000","13,359,000","13,470,000","23,768,000","25,505,000","2,334,000","10,244,000","17,673,000","27,160,000","1,094,000","-16,478,000","-3,588,000","6,017,000","-14,254,000","1,582,000","12,687,000","7,836,000","-8,419,000","-3,000,000","14,300,000","13,800,000","4,300,000","9,700,000","16,000,000","13,900,000","6,700,000","10,600,000","12,200,000","12,700,000","8,100,000","10,500,000","9,700,000","8,200,000",,,,,
TotalExpenses,"1,317,451,000","331,495,000","344,825,000","343,584,000","297,547,000","282,373,000","291,497,000","281,561,000","282,215,000","312,502,000","323,130,000","316,543,000","305,173,000","298,298,000","297,319,000","289,730,000","285,939,000","286,445,000","278,755,000","270,361,000","269,508,000","271,933,000","274,221,000","267,931,000","271,162,000","263,030,000","252,721,000","244,260,000","245,094,000","237,059,000","249,423,000","249,749,000","258,415,000","253,995,000","258,226,000","254,699,000","255,128,000","258,156,000","255,403,000","242,764,000","244,049,000","241,381,000","242,316,000","241,276,000","233,926,000","229,595,000","242,859,000","239,565,000","237,095,000","233,264,000","241,866,000","232,507,000","240,740,000","242,646,000","255,535,000","258,998,000","257,214,000","246,721,000","253,633,000","243,818,000","240,638,000","243,663,000","243,242,000","232,653,000","228,426,000","226,000,000","223,416,000","216,902,000","210,818,000","203,700,000","201,043,000","198,386,000","194,993,000","187,617,000","192,550,000","187,952,000","182,673,000","181,887,000","184,453,000","184,245,000","175,369,000","175,444,000","194,983,000","191,855,000","185,771,000","184,639,000","176,711,000","172,119,000","165,117,000","159,686,000","152,500,000","96,700,000","84,000,000","81,500,000","77,300,000","57,500,000","55,800,000","51,600,000","46,900,000","43,200,000","37,300,000","29,600,000","21,800,000","21,700,000","20,600,000",,,,,
NetIncomeFromContinuingAndDiscontinuedOperation,"441,912,000","92,151,000","123,314,000","106,838,000","119,609,000","38,329,000","108,706,000","62,758,000","31,429,000","40,493,000","102,753,000","99,709,000","118,396,000","51,253,000","95,693,000","94,056,000","100,431,000","15,052,000","87,164,000","96,331,000","92,394,000","41,787,000","80,525,000","85,061,000","81,909,000","51,314,000","76,529,000","85,965,000","59,360,000","40,716,000","207,883,000","35,050,000","15,422,000","-4,837,000","6,614,000","18,340,000","21,255,000","-6,070,000","7,219,000","11,496,000","13,922,000","-22,816,000","6,372,000","3,992,000","11,426,000","-13,240,000","-7,119,000","781,000","-8,937,000","-24,827,000","-19,682,000","-4,781,000","-11,819,000","-21,333,000","-6,837,000","3,750,000","14,344,000","-1,534,000","4,473,000","14,525,000","18,380,000","8,839,000","7,148,000","16,839,000","18,372,000","1,540,000","5,919,000","12,081,000","18,744,000","5,035,000","822,000","8,285,000","8,865,000","-2,447,000","-5,870,000","-6,508,000","-2,201,000","-20,593,000","-13,869,000","-5,988,000","-308,000","-16,163,000","-29,583,000","-24,361,000","-20,400,000","-34,290,000","-25,224,000","-19,509,000","-20,398,000","-28,974,000","-25,600,000","-3,000,000","-5,000,000","-9,900,000","-7,900,000","1,600,000","-1,100,000","-4,600,000","-1,100,000","1,000,000","1,600,000","1,300,000","4,300,000","3,200,000","2,300,000","1,600,000","2,600,000","2,700,000","2,700,000","2,700,000"
NormalizedIncome,"439,702,625.498","91,602,638","123,126,080.712","106,812,416","118,166,506","58,967,086","104,584,143.388","68,395,807","30,691,700","55,603,700","100,916,538.477","99,516,965","118,003,990","46,809,336","95,661,886.965","94,452,011","98,650,662","36,551,830","86,991,800","93,687,222","91,878,904","40,802,800","77,774,838.386","84,879,749","81,288,556","43,480,955","75,066,249.686","80,820,172.194","59,208,155","38,966,292","207,108,850","34,546,250","28,309,550","1,038,350","15,260,444.904","17,828,450","20,795,144","-6,463,900","7,219,000","11,496,000","11,559,900","-23,424,400","6,372,000","3,992,000","11,426,000","-13,240,000","-7,119,000","781,000","1,684,635.966","-24,659,401.857","-19,465,224.243","-5,805,400","-14,027,301.621","-21,333,000","-4,315,000","3,003,150","12,999,150","-3,143,400","3,557,800","14,086,250","17,392,650","-1,405,000","6,567,200","12,336,600","17,944,800","533,200","7,039,200","14,144,400","18,453,000","3,860,200","-788,400","8,004,200","10,941,600","-3,004,400","-3,458,600","1,645,620.659","1,713,124.91","-13,528,322.219","-10,185,248.235","-6,009,662.355","-356,600","-16,219,498.449","-29,727,351.635","-24,137,491.4","-21,011,763.827","-34,439,405.737","-25,731,616.959","-19,632,908.317","-20,474,244.705","-28,973,293.024","-26,480,229.226","-6,120,000","-5,060,000","-10,679,527.559","-9,852,808.989","1,660,000","-620,000","-4,970,967.742","-1,640,000","820,000","1,660,000","866,666.667","4,177,142.857","3,260,000","2,542,105.263","1,600,000","2,600,000","2,700,000","2,700,000","2,700,000"
InterestIncome,"804,000","215,000","209,000","198,000","182,000","174,000","180,000","248,000","179,000","190,000","211,000","168,000","232,000","153,000","221,000","157,000","132,000","24,000","0","2,000","0","4,000","0","2,000","3,000","1,000","6,000","2,000","24,000","2,000","3,000","11,000","43,000","45,000","44,000","42,000","51,000","28,000","61,000","147,000","65,000","58,000","58,000","428,000","51,000","32,000","177,000","14,000","87,000","89,000","85,000","128,000","169,000","145,000",,,,,,,,,,,,,,,,,,,,,,,,,,,,,,,,,,,,,,,,,,,,,,,,,,,,,,,,
InterestExpense,"105,016,000","26,786,000","25,746,000","26,125,000","26,359,000","28,154,000","30,565,000","35,068,000","35,437,000","36,553,000","36,376,000","38,323,000","38,322,000","37,595,000","32,411,000","31,850,000","31,892,000","33,579,000","32,870,000","32,064,000","31,979,000","31,483,000","31,219,000","31,102,000","31,299,000","30,068,000","24,480,000","24,709,000","24,712,000","24,532,000","24,482,000","24,418,000","26,086,000","30,268,000","34,013,000","37,677,000","37,887,000","36,700,000","40,012,000","38,534,000","38,633,000","39,914,000","41,636,000","42,530,000","43,307,000","43,620,000","44,726,000","45,352,000","46,640,000","49,330,000","51,962,000","52,090,000","56,645,000","36,350,000",,,,,,,,,,,,,,,,,,,,,,,,,,,,,,,,,,,,,,,,,,,,,,,,,,,,,,,,
NetInterestIncome,"-104,212,000","-26,571,000","-25,537,000","-25,927,000","-26,177,000","-27,980,000","-30,385,000","-34,820,000","-35,258,000","-36,363,000","-36,165,000","-38,155,000","-38,090,000","-37,442,000","-32,190,000","-31,693,000","-31,760,000","-33,555,000","-32,870,000","-32,062,000","-31,979,000","-31,479,000","-31,219,000","-31,100,000","-31,296,000","-30,067,000","-24,474,000","-24,707,000","-24,688,000","-24,530,000","-24,479,000","-24,407,000","-26,043,000","-30,223,000","-33,969,000","-37,635,000","-37,836,000","-36,672,000","-39,951,000","-38,387,000","-38,568,000","-39,856,000","-41,578,000","-42,102,000","-43,256,000","-43,588,000","-44,549,000","-45,338,000","-46,553,000","-49,241,000","-51,877,000","-51,962,000","-56,476,000","-36,205,000",,,,,,,,,,,,,,,,,,,,,,,,,,,,,,,,,,,,,,,,,,,,,,,,,,,,,,,,
EBIT,"557,654,000","121,417,000","152,394,000","134,675,000","149,168,000","67,493,000","141,411,000","99,050,000","66,626,000","78,582,000","141,621,000","141,610,000","144,338,000","90,936,000","130,832,000","128,518,000","135,836,000","50,475,000","120,007,000","131,720,000","128,106,000","75,469,000","115,370,000","119,776,000","117,018,000","83,689,000","104,789,000","111,646,000","99,370,000","67,256,000","88,467,000","86,035,000","52,234,000","21,944,000","43,678,000","69,314,000","70,308,000","25,957,000","54,304,000","61,685,000","64,522,000","-4,121,000","45,755,000","55,402,000","59,470,000","25,639,000","33,002,000","46,587,000","32,221,000","10,667,000","20,184,000","40,963,000","37,704,000","4,747,000","26,789,000","53,518,000","66,605,000","36,055,000","51,259,000","70,435,000","74,587,000","31,522,000","43,901,000","59,385,000","59,151,000","27,333,000","35,074,000","48,692,000","53,925,000","29,129,000","22,954,000","33,236,000","31,922,000","13,359,000","13,470,000","23,768,000","25,505,000","2,334,000","10,244,000","17,673,000","27,160,000","1,094,000","-16,478,000","-3,588,000","6,017,000","-14,254,000","1,582,000","12,687,000","7,836,000","-8,419,000","-3,000,000","14,300,000","13,800,000","4,300,000","9,700,000","16,000,000","13,900,000","6,700,000","10,600,000","12,200,000","12,700,000","8,100,000","10,500,000","9,700,000","8,200,000","28,300,000","-50,200,000","25,500,000","25,500,000","25,500,000"
EBITDA,"836,826,000"
ReconciledCostOfRevenue,"603,064,000","157,772,000","157,534,000","147,310,000","140,448,000","131,215,000","137,799,000","136,309,000","134,059,000","149,494,000","154,372,000","148,846,000","146,390,000","140,470,000","142,072,000","140,699,000","140,784,000","138,293,000","138,984,000","134,977,000","135,075,000","131,844,000","132,369,000","131,778,000","132,725,000","128,725,000","122,901,000","121,676,000","115,951,000","113,232,000","115,096,000","112,388,000","114,277,000","111,508,000","109,962,000","109,640,000","110,723,000","106,519,000","106,199,000","103,845,000","105,071,000","103,423,000","103,243,000","103,200,000","103,058,000","99,551,000","100,495,000","99,595,000","99,825,000","98,552,000","99,670,000","97,630,000","99,414,000","100,321,000","111,709,000","112,441,000","108,864,000","103,542,000","101,477,000","100,988,000","101,652,000","99,693,000","99,472,000","97,100,000","95,200,000","93,996,000","93,587,000","88,539,000","85,412,000","83,143,000","76,280,000","70,520,000","74,362,000","73,791,000","72,528,000","74,571,000","73,361,000","71,557,000",,"71,685,000","66,632,000","67,227,000","64,039,000","64,593,000","61,315,000","61,536,000","55,289,000","56,038,000","53,626,000","52,512,000","49,600,000","33,200,000","30,600,000","29,800,000","28,100,000","22,200,000","21,600,000","20,800,000","17,900,000","16,500,000","15,600,000","13,500,000","10,200,000","10,000,000","10,000,000",,,,,
ReconciledDepreciation,"279,172,000","68,627,000","65,623,000","84,300,000","60,622,000","60,749,000","63,748,000","61,237,000","63,998,000","62,313,000","62,878,000","63,951,000","61,693,000","61,506,000","58,010,000","55,089,000","55,322,000","56,840,000","56,101,000","51,796,000","51,782,000","51,425,000","52,229,000","49,307,000","51,933,000","51,489,000","47,037,000","46,441,000","48,725,000","49,230,000","55,185,000","62,675,000","71,049,000","69,526,000","81,087,000","73,183,000","72,408,000","73,901,000","76,800,000","73,915,000","72,995,000","72,373,000","78,185,000","75,171,000","72,410,000","73,873,000","78,579,000","77,617,000","78,165,000","78,342,000","83,933,000","83,529,000","83,489,000","85,774,000","90,450,000","81,722,000","80,544,000","78,938,000","87,306,000","75,485,000","74,267,000","74,408,000","79,303,000","77,480,000","75,304,000","74,391,000","72,686,000","76,042,000","73,248,000","70,571,000","77,514,000","81,033,000","71,519,000","69,320,000","74,790,000","70,410,000","69,560,000","67,513,000","71,124,000","70,268,000","69,401,000","67,100,000","91,900,000","89,399,000","88,823,000","85,407,000","86,563,000","82,333,000","76,230,000","72,970,000","72,500,000","40,400,000","32,600,000","31,600,000","31,500,000","20,300,000","19,200,000","17,600,000","16,200,000","14,100,000","10,900,000","6,800,000","4,900,000","3,600,000","3,600,000",,,,,
NetIncomeFromContinuingOperationNetMinorityInterest,"441,912,000","92,151,000","123,314,000","106,838,000","119,609,000","38,329,000","108,706,000","62,758,000","31,429,000","40,493,000","102,753,000","99,709,000","118,396,000","51,253,000","95,693,000","94,056,000","100,431,000","15,052,000","87,164,000","96,331,000","92,394,000","41,787,000","80,525,000","85,061,000","81,909,000","51,314,000","76,529,000","85,965,000","59,360,000","40,716,000","207,883,000","35,050,000","15,422,000","-4,837,000","6,614,000","18,340,000","21,255,000","-6,070,000","7,219,000","11,496,000","13,922,000","-22,816,000","6,372,000","3,992,000","11,426,000","-13,240,000","-7,119,000","781,000","-8,937,000","-24,827,000","-19,682,000","-4,781,000","-11,819,000","-21,333,000","-6,837,000","3,750,000","14,344,000","-1,534,000","4,473,000","14,525,000","18,380,000","8,839,000","7,148,000","16,839,000","18,372,000","1,540,000","5,919,000","12,081,000","18,744,000","5,035,000","822,000","8,285,000","8,865,000","-2,447,000","-5,870,000","-6,508,000","-2,201,000","-20,593,000","-13,869,000","-5,988,000","-308,000","-16,163,000","-29,583,000","-24,361,000","-20,400,000","-34,290,000","-25,224,000","-19,509,000","-20,398,000","-28,974,000","-25,600,000","-3,000,000","-5,000,000","-9,900,000","-7,900,000","1,600,000","-1,100,000","-4,600,000","-1,100,000","1,000,000","1,600,000","1,300,000","4,300,000","3,200,000","2,300,000","1,600,000","2,600,000","2,700,000","2,700,000","2,700,000"
TotalUnusualItemsExcludingGoodwill,"2,263,000","563,000","193,000","26,000","1,481,000","-21,189,000","4,203,000","-5,747,000","1,010,000","-15,675,000","1,881,000","199,000","537,000","4,624,000","32,000","-407,000","1,843,000","-24,130,000","287,000","2,734,000","536,000","1,036,000","2,874,000","189,000","649,000","8,185,000","1,535,000","5,203,000","191,000","1,836,000","1,191,000","775,000","-19,827,000","-9,039,000","-12,635,000","787,000","701,000","606,000","-1,168,000","739,000","3,634,000","936,000",,,"0","0","0",,"-17,137,000","-261,000","-350,000","1,576,000","3,539,000","0","-3,880,000","1,149,000","2,069,000","2,476,000","1,408,000","675,000","1,519,000","15,760,000","968,000","7,504,000","712,000","1,678,000","-1,867,000","-3,439,000","485,000","1,958,000","2,684,000","468,000","-3,461,000","929,000","-4,019,000","-12,808,000","-4,926,000","-11,143,000","-5,717,000","33,000","81,000","89,000","215,000","-311,000","803,000","216,000","712,000","170,000","105,000","-1,000","1,200,000","5,200,000","100,000","1,000,000","2,200,000","-100,000","-800,000","500,000","900,000","300,000","-100,000","700,000","200,000","-100,000","-400,000",,,,,
TotalUnusualItems,"2,263,000","563,000","193,000","26,000","1,481,000","-21,189,000","4,203,000","-5,747,000","1,010,000","-15,675,000","1,881,000","199,000","537,000","4,624,000","32,000","-407,000","1,843,000","-24,130,000","287,000","2,734,000","536,000","1,036,000","2,874,000","189,000","649,000","8,185,000","1,535,000","5,203,000","191,000","1,836,000","1,191,000","775,000","-19,827,000","-9,039,000","-12,635,000","787,000","701,000","606,000","-1,168,000","739,000","3,634,000","936,000",,,"0","0","0",,"-17,137,000","-261,000","-350,000","1,576,000","3,539,000","0","-3,880,000","1,149,000","2,069,000","2,476,000","1,408,000","675,000","1,519,000","15,760,000","968,000","7,504,000","712,000","1,678,000","-1,867,000","-3,439,000","485,000","1,958,000","2,684,000","468,000","-3,461,000","929,000","-4,019,000","-12,808,000","-4,926,000","-11,143,000","-5,717,000","33,000","81,000","89,000","215,000","-311,000","803,000","216,000","712,000","170,000","105,000","-1,000","1,200,000","5,200,000","100,000","1,000,000","2,200,000","-100,000","-800,000","500,000","900,000","300,000","-100,000","700,000","200,000","-100,000","-400,000",,,,,
NormalizedEBITDA,"834,563,000","189,481,000","217,824,000","218,949,000","208,309,000","149,431,000","200,956,000","166,034,000","129,614,000","156,570,000","202,618,000","205,362,000","205,494,000","147,818,000","188,810,000","184,014,000","189,315,000","131,445,000","175,821,000","180,782,000","179,352,000","125,858,000","164,725,000","168,894,000","168,302,000","126,993,000","150,291,000","152,884,000","147,904,000","114,650,000","142,461,000","147,935,000","143,110,000","100,509,000","137,400,000","141,710,000","142,015,000","99,252,000","131,104,000","135,600,000","133,883,000","67,316,000","123,940,000","130,573,000","131,880,000","99,512,000","111,581,000","124,204,000","127,523,000","89,270,000","104,467,000","122,916,000","117,654,000","90,521,000","124,841,000","134,091,000","145,080,000","112,517,000","137,157,000","145,245,000","147,335,000","90,170,000","122,236,000","129,361,000","133,743,000","100,046,000","111,220,000","128,173,000","126,688,000","97,742,000","97,784,000","113,801,000","106,902,000","81,750,000","92,279,000","106,986,000","99,991,000","80,990,000","87,085,000","87,908,000","96,480,000","68,105,000","75,207,000","86,122,000","94,037,000","70,937,000","87,433,000","94,850,000","83,961,000","64,552,000","68,300,000","49,500,000","46,400,000","34,900,000","39,000,000","36,400,000","33,900,000","23,800,000","25,900,000","26,000,000","23,800,000","14,200,000","15,200,000","13,400,000","12,200,000","28,300,000","-50,200,000","25,500,000","25,500,000","25,500,000"
TaxRateForCalcs,"0.024","0.026","0.026","0.016","0.026","0.026","0.019","0.019","0.27","0.036","0.024","0.035","0.27","0.039","0.028","0.027","0.034","0.109","0.4","0.033","0.039","0.05","0.043","0.041","0.044","0.043","0.047","0.011","0.205","0.047","0.35","0.35","0.35","0.35","0.316","0.35","0.344","0.35","0.35","0.35","0.35","0.35","0.35","0.35","0.293","0.264","0.393","0.368","0.38","0.358","0.381","0.35","0.376","0.325","0.35","0.35","0.35","0.35","0.35","0.35","0.35","0.35","0.4","0.4","0.4","0.4","0.4","0.4","0.4","0.4","0.4","0.4","0.4","0.4","0.4","0.363","0.205","0.366","0.356","0.344","0.4","0.365","0.329","0.281","0.238","0.308","0.287","0.271","0.274","0.293","0.266","0.4","0.4","0.22","0.112","0.4","0.4","0.258","0.4","0.4","0.4","0.381","0.386","0.4","0.395","0.4","0.4","0.4","0.4","0.4"
TaxEffectOfUnusualItems,"53,625.498","14,638","5,080.712","416","38,506","-550,914","81,143.388","-109,193","272,700","-564,300","44,538.477","6,965","144,990","180,336","886.965","-10,989","62,662","-2,630,170","114,800","90,222","20,904","51,800","123,838.386","7,749","28,556","351,955","72,249.686","58,172.194","39,155","86,292","416,850","271,250","-6,939,450","-3,163,650","-3,988,555.096","275,450","241,144","212,100","0","0","1,271,900","327,600","0","0","0","0","0","0","-6,515,364.034","-93,401.857","-133,224.243","551,600","1,330,698.379","0","-1,358,000","402,150","724,150","866,600","492,800","236,250","531,650","5,516,000","387,200","3,001,600","284,800","671,200","-746,800","-1,375,600","194,000","783,200","1,073,600","187,200","-1,384,400","371,600","-1,607,600","-4,654,379.341","-1,011,875.09","-4,078,322.219","-2,033,248.235","11,337.645","32,400","32,501.551","70,648.365","-87,491.4","191,236.173","66,594.263","204,383.041","46,091.683","28,755.295","-293.024","319,770.774","2,080,000","40,000","220,472.441","247,191.011","-40,000","-320,000","129,032.258","360,000","120,000","-40,000","266,666.667","77,142.857","-40,000","-157,894.737","0","0","0","0","0"