name,ttm,03/31/2022,12/31/2021,09/30/2021,06/30/2021,03/31/2021,12/31/2020,09/30/2020,06/30/2020,03/31/2020,12/31/2019,09/30/2019,06/30/2019,03/31/2019,12/31/2018,09/30/2018,06/30/2018,03/31/2018,12/31/2017,09/30/2017,06/30/2017,03/31/2017,12/31/2016,09/30/2016,06/30/2016,03/31/2016,12/31/2015,09/30/2015,06/30/2015,03/31/2015,12/31/2014,09/30/2014,06/30/2014,03/31/2014,12/31/2013,09/30/2013,06/30/2013,03/31/2013,12/31/2012,09/30/2012,06/30/2012,03/31/2012,12/31/2011,09/30/2011,06/30/2011,03/31/2011,12/31/2010,09/30/2010,06/30/2010,03/31/2010,12/31/2009,09/30/2009,06/30/2009,03/31/2009,12/31/2008,09/30/2008,06/30/2008,03/31/2008,12/31/2007,09/30/2007,06/30/2007,03/31/2007,12/31/2006,09/30/2006,06/30/2006,03/31/2006,12/31/2005,09/30/2005,06/30/2005,03/31/2005,12/31/2004,09/30/2004,06/30/2004,03/31/2004,12/31/2003,09/30/2003,06/30/2003,03/31/2003,12/31/2002,09/30/2002,06/30/2002,03/31/2002,12/31/2001,09/30/2001,06/30/2001,03/31/2001,12/31/2000,09/30/2000,06/30/2000,03/31/2000,12/31/1999,09/30/1999,06/30/1999,03/31/1999,12/31/1998,09/30/1998,06/30/1998,03/31/1998,12/31/1997,09/30/1997,06/30/1997,03/31/1997,12/31/1996,09/30/1996,06/30/1996,03/31/1996,12/31/1995,09/30/1995,06/30/1995,03/31/1995,12/31/1994,09/30/1994,06/30/1994,03/31/1994,12/31/1993,09/30/1993,06/30/1993,03/31/1993,12/31/1992,09/30/1992,06/30/1992,03/31/1992,12/31/1991,09/30/1991,06/30/1991,03/31/1991,12/31/1990,09/30/1990,06/30/1990,03/31/1990,12/31/1989,09/30/1989,06/30/1989,03/31/1989,12/31/1988,09/30/1988,06/30/1988,03/31/1988,12/31/1987,09/30/1987,06/30/1987,03/31/1987,12/31/1986,09/30/1986,06/30/1986,03/31/1986,12/31/1985,09/30/1985
TotalRevenue,"5,244,000,000","1,322,300,000","1,332,900,000","1,319,200,000","1,269,600,000","1,150,900,000","1,182,000,000","1,207,600,000","845,100,000","1,045,500,000","1,144,900,000","1,239,300,000","1,213,200,000","1,155,100,000","1,046,700,000","1,091,500,000","1,102,500,000","1,028,800,000","984,500,000","1,009,700,000","989,300,000","960,300,000","903,700,000","948,900,000","958,900,000","938,400,000","944,600,000","1,009,100,000","997,300,000","966,200,000","953,300,000","997,400,000","1,001,600,000","919,100,000","896,800,000","957,700,000","958,800,000","936,000,000","853,000,000","982,200,000","938,800,000","946,800,000","854,100,000","940,900,000","945,200,000","895,800,000","801,900,000","866,500,000","874,300,000","816,400,000","769,700,000","809,900,000","757,400,000","718,100,000","882,500,000","1,132,200,000","1,063,100,000","998,300,000","369,900,000","1,326,100,000","1,316,100,000","1,294,300,000","1,310,500,000","1,414,600,000","1,402,600,000","1,377,700,000","1,339,600,000","1,348,600,000","1,309,800,000","1,301,300,000","1,282,200,000","1,338,000,000","1,278,100,000","1,187,200,000","1,141,200,000","1,156,700,000","1,052,700,000","1,037,600,000","1,012,600,000","1,121,200,000","1,115,300,000","1,022,700,000","968,500,000","1,056,800,000","1,035,200,000","1,053,300,000","1,007,500,000","1,129,600,000","1,095,600,000","1,043,600,000","965,100,000","991,100,000","935,200,000","887,600,000","837,700,000","884,100,000","855,400,000","793,200,000","767,800,000","747,000,000","721,200,000","673,200,000","626,400,000","628,600,000","620,000,000","524,200,000","494,900,000","523,600,000","517,700,000","523,100,000","492,100,000","482,600,000","448,800,000","434,600,000","396,600,000","395,400,000","333,800,000","320,900,000","297,500,000","304,300,000","283,900,000","284,700,000","256,500,000","279,200,000","282,900,000","263,200,000","259,600,000","285,000,000","277,100,000","266,900,000","243,500,000","251,300,000","259,600,000","237,100,000","211,300,000","217,400,000","192,900,000","181,700,000","162,800,000","168,100,000","161,100,000","157,200,000","146,600,000","155,500,000","144,500,000","132,700,000","121,400,000","123,700,000"
	OperatingRevenue,"5,244,000,000","1,322,300,000","1,332,900,000","1,319,200,000","1,269,600,000","1,150,900,000","1,182,000,000","1,207,600,000","845,100,000","1,045,500,000","1,144,900,000","1,239,300,000","1,213,200,000","1,155,100,000","1,046,700,000","1,091,500,000","1,102,500,000","1,028,800,000","984,500,000","1,009,700,000","989,300,000","960,300,000","903,700,000","948,900,000","958,900,000","938,400,000","944,600,000","1,009,100,000","997,300,000","966,200,000","953,300,000","997,400,000","1,001,600,000","919,100,000","896,800,000","957,700,000","958,800,000","936,000,000","853,000,000","982,200,000","938,800,000","946,800,000","854,100,000","940,900,000","945,200,000","895,800,000","801,900,000","866,500,000","874,300,000","816,400,000","769,700,000","809,900,000","757,400,000","718,100,000","882,500,000","1,132,200,000","1,063,100,000","998,300,000","369,900,000","1,326,100,000","1,316,100,000","1,294,300,000","1,310,500,000","1,414,600,000","1,402,600,000","1,377,700,000","1,339,600,000","1,348,600,000","1,309,800,000","1,301,300,000","1,282,200,000","1,338,000,000","1,278,100,000","1,187,200,000","1,141,200,000","1,156,700,000","1,052,700,000","1,037,600,000","1,012,600,000","1,121,200,000","1,115,300,000","1,022,700,000","968,500,000","1,056,800,000","1,035,200,000","1,053,300,000","1,007,500,000","1,129,600,000","1,095,600,000","1,043,600,000","965,100,000","991,100,000","935,200,000","887,600,000","837,700,000","884,100,000","855,400,000","793,200,000","767,800,000","747,000,000","721,200,000","673,200,000","626,400,000","628,600,000","620,000,000","524,200,000","494,900,000","523,600,000","517,700,000","523,100,000","492,100,000","482,600,000","448,800,000","434,600,000","396,600,000","395,400,000","333,800,000","320,900,000","297,500,000","304,300,000","283,900,000","284,700,000","256,500,000","279,200,000","282,900,000","263,200,000","259,600,000","285,000,000","277,100,000","266,900,000","243,500,000","251,300,000","259,600,000","237,100,000","211,300,000","217,400,000","192,900,000","181,700,000","162,800,000","168,100,000","161,100,000","157,200,000","146,600,000","155,500,000","144,500,000","132,700,000","121,400,000","123,700,000"
CostOfRevenue,"4,185,900,000","1,055,000,000","1,067,500,000","1,063,100,000","1,000,300,000","903,400,000","923,400,000","940,800,000","698,800,000","822,700,000","872,500,000","963,800,000","943,500,000","922,100,000","833,500,000","864,400,000","871,500,000","811,400,000","788,500,000","793,900,000","759,200,000","734,300,000","699,500,000","721,500,000","724,900,000","704,800,000","711,000,000","768,000,000","766,600,000","748,400,000","749,500,000","788,300,000","796,400,000","739,100,000","730,600,000","764,700,000","759,700,000","746,600,000","676,000,000","776,700,000","751,600,000","768,500,000","711,100,000","770,500,000","763,300,000","725,800,000","660,400,000","697,800,000","694,600,000","650,900,000","599,500,000","622,600,000","610,200,000","593,100,000","771,900,000","925,100,000","866,700,000","821,200,000","276,200,000","1,085,300,000","1,081,000,000","1,065,300,000","1,067,200,000","1,156,000,000","1,146,200,000","1,137,600,000","1,120,500,000","1,133,500,000","1,063,600,000","1,068,900,000","1,067,400,000","1,095,500,000","1,034,700,000","972,100,000","929,300,000","962,000,000","868,900,000","856,300,000","830,400,000","909,900,000","886,200,000","823,600,000","736,900,000","799,000,000","783,700,000","802,200,000","751,400,000","800,200,000","764,500,000","733,200,000","689,900,000","685,500,000","644,600,000","618,200,000","602,900,000","623,900,000","605,200,000","560,800,000","560,300,000","533,300,000","509,700,000","479,700,000","454,200,000","447,800,000","436,500,000","375,700,000","354,100,000","383,600,000","378,700,000","384,800,000","360,700,000","357,300,000","331,100,000","323,100,000","293,500,000","293,600,000","246,900,000","238,600,000","192,100,000","234,400,000","219,000,000","220,200,000","163,500,000","217,100,000","223,200,000","209,300,000","173,000,000","224,900,000","217,800,000","210,900,000","167,000,000","198,100,000","205,500,000",,,,,,,,,,,,,,,
GrossProfit,"1,058,100,000","267,300,000","265,400,000","256,100,000","269,300,000","247,500,000","258,600,000","266,800,000","146,300,000","222,800,000","272,400,000","275,500,000","269,700,000","233,000,000","213,200,000","227,100,000","231,000,000","217,400,000","196,000,000","215,800,000","230,100,000","226,000,000","204,200,000","227,400,000","234,000,000","233,600,000","233,600,000","241,100,000","230,700,000","217,800,000","203,800,000","209,100,000","205,200,000","180,000,000","166,200,000","193,000,000","199,100,000","189,400,000","177,000,000","205,500,000","187,200,000","178,300,000","143,000,000","170,400,000","181,900,000","170,000,000","141,500,000","168,700,000","179,700,000","165,500,000","170,200,000","187,300,000","147,200,000","125,000,000","110,600,000","207,100,000","196,400,000","177,100,000","93,700,000","240,800,000","235,100,000","229,000,000","243,300,000","258,600,000","256,400,000","240,100,000","219,100,000","215,100,000","246,200,000","232,400,000","214,800,000","242,500,000","243,400,000","215,100,000","211,900,000","194,700,000","183,800,000","181,300,000","182,200,000","211,300,000","229,100,000","199,100,000","231,600,000","257,800,000","251,500,000","251,100,000","256,100,000","329,400,000","331,100,000","310,400,000","275,200,000","305,600,000","290,600,000","269,400,000","234,800,000","260,200,000","250,200,000","232,400,000","207,500,000","213,700,000","211,500,000","193,500,000","172,200,000","180,800,000","183,500,000","148,500,000","140,800,000","140,000,000","139,000,000","138,300,000","131,400,000","125,300,000","117,700,000","111,500,000","103,100,000","101,800,000","86,900,000","82,300,000","105,400,000","69,900,000","64,900,000","64,500,000","93,000,000","62,100,000","59,700,000","53,900,000","86,600,000","60,100,000","59,300,000","56,000,000","76,500,000","53,200,000","54,100,000",,,,,,,,,,,,,,,
OperatingExpense,"496,200,000","128,700,000","115,500,000","121,400,000","130,600,000","122,100,000","120,100,000","121,800,000","113,500,000","134,200,000","133,600,000","131,500,000","135,200,000","132,700,000","117,100,000","105,900,000","112,900,000","109,700,000","96,700,000","101,900,000","109,700,000","111,500,000","100,700,000","99,100,000","104,500,000","110,200,000","121,400,000","102,100,000","111,800,000","102,700,000","136,000,000","136,300,000","104,800,000","103,400,000","104,300,000","97,500,000","104,200,000","113,400,000","101,900,000","101,200,000","98,900,000","103,700,000","130,100,000","98,800,000","102,800,000","95,800,000","83,000,000","93,100,000","94,600,000","88,300,000","71,800,000","92,300,000","106,400,000","107,100,000","96,800,000","111,700,000","113,900,000","109,900,000","80,500,000","127,000,000","134,300,000","122,100,000","138,100,000","120,600,000","125,800,000","136,400,000","132,400,000","115,800,000","118,300,000","112,600,000","131,600,000","111,300,000","115,800,000","112,000,000","117,800,000","103,700,000","99,600,000","97,200,000","97,000,000","101,000,000","106,200,000","100,200,000","154,700,000","158,500,000","158,500,000","158,500,000","191,400,000","190,400,000","185,700,000","172,900,000","168,200,000","164,600,000","158,000,000","149,700,000","144,800,000","141,300,000","135,900,000","128,700,000","125,800,000","117,000,000","115,900,000","105,700,000","105,500,000","98,400,000","101,800,000","85,000,000","82,800,000","79,000,000","80,200,000","79,900,000","77,600,000","72,700,000","67,900,000","65,600,000","62,000,000","60,300,000","53,000,000","49,800,000","78,100,000","39,000,000","39,600,000","39,200,000","73,800,000","39,400,000","39,800,000","37,700,000","89,000,000","38,300,000","34,800,000","32,600,000","57,500,000","29,200,000","30,400,000",,,,,,,,,,,,,,,
	SellingGeneralAndAdministration,"427,500,000","111,700,000","99,600,000","103,600,000","112,600,000","106,300,000","103,800,000","105,600,000","97,200,000","117,800,000","117,600,000","115,200,000","118,300,000","118,600,000","111,900,000","100,700,000","107,800,000","104,700,000","96,500,000","95,700,000","105,000,000","106,400,000","98,100,000","93,900,000","99,700,000","105,100,000","115,900,000","96,900,000","106,600,000","97,500,000","132,000,000","131,400,000","99,800,000","98,500,000","96,700,000","92,100,000","98,800,000","107,700,000","95,300,000","94,700,000","92,500,000","97,900,000","94,300,000","93,900,000","98,100,000","95,800,000","85,600,000","87,600,000","88,800,000","92,300,000","87,300,000","84,800,000","89,000,000","101,900,000","106,200,000","105,500,000","107,600,000","103,900,000","57,200,000","127,000,000","134,300,000","122,100,000","119,300,000","120,600,000","125,800,000","123,800,000","122,100,000","115,800,000","118,300,000","112,600,000","121,100,000","111,300,000","115,800,000","112,000,000","109,400,000","103,700,000","99,600,000","97,200,000","94,700,000","98,500,000","103,400,000","97,600,000","144,700,000","149,300,000","146,600,000","149,700,000","144,900,000","145,100,000","143,100,000","134,000,000","128,800,000","128,900,000","120,800,000","112,700,000","109,300,000","109,900,000","105,000,000","98,600,000","96,700,000","91,800,000","87,900,000","82,400,000","80,900,000","74,900,000","75,900,000","66,800,000","64,000,000","62,900,000","64,400,000","63,500,000","61,700,000","58,000,000","54,500,000","52,700,000","48,900,000","49,600,000","43,100,000","40,300,000","39,900,000","39,000,000","39,600,000","39,200,000","37,400,000","39,400,000","39,800,000","37,700,000","58,800,000","38,300,000","34,800,000","32,600,000","31,800,000","29,200,000","30,400,000",,,,,,,,,,,,,,,
	DepreciationAmortizationDepletionIncomeStatement,"68,700,000","17,000,000","15,900,000","17,800,000","18,000,000","15,800,000","16,300,000","16,200,000","16,300,000","16,400,000","16,000,000","16,300,000","16,900,000","14,100,000","5,200,000","5,200,000","5,100,000","5,000,000","4,700,000","6,200,000","4,700,000","5,100,000","4,800,000","5,200,000","4,800,000","5,100,000","5,200,000","5,200,000","5,200,000","5,200,000","5,200,000","4,900,000","5,000,000","4,900,000","9,500,000","5,400,000","5,400,000","5,700,000","6,600,000","6,500,000","6,400,000","6,200,000","4,400,000","4,700,000","4,900,000","4,800,000","5,000,000","4,900,000","4,900,000","5,000,000","5,400,000","5,500,000","5,500,000","4,300,000","6,000,000","6,200,000","6,300,000","6,000,000",,,,,,,,,,,,,,,,,,,,,"2,300,000","2,500,000","2,800,000","2,600,000","10,000,000","9,200,000","11,900,000","8,800,000","46,500,000","45,300,000","42,600,000","38,900,000","39,400,000","35,700,000","37,200,000","37,000,000","35,500,000","31,400,000","30,900,000","30,100,000","29,100,000","25,200,000","28,000,000","23,300,000","24,600,000","23,500,000","25,900,000","18,200,000","18,800,000","16,100,000","15,800,000","16,400,000","15,900,000","14,700,000","13,400,000","12,900,000","13,100,000","10,700,000","9,900,000","9,500,000",,,,,,,,,,,,,,,,,,,,,,,,,,,,,,
		DepreciationAndAmortizationInIncomeStatement,"68,700,000","17,000,000","15,900,000","17,800,000","18,000,000","15,800,000","16,300,000","16,200,000","16,300,000","16,400,000","16,000,000","16,300,000","16,900,000","14,100,000","5,200,000","5,200,000","5,100,000","5,000,000","4,700,000","6,200,000","4,700,000","5,100,000","4,800,000","5,200,000","4,800,000","5,100,000","5,200,000","5,200,000","5,200,000","5,200,000","5,200,000","4,900,000","5,000,000","4,900,000","9,500,000","5,400,000","5,400,000","5,700,000","6,600,000","6,500,000","6,400,000","6,200,000","4,400,000","4,700,000","4,900,000","4,800,000","5,000,000","4,900,000","4,900,000","5,000,000","5,400,000","5,500,000","5,500,000","4,300,000","6,000,000","6,200,000","6,300,000","6,000,000",,,,,,,,,,,,,,,,,,,,,"2,300,000","2,500,000","2,800,000","2,600,000","10,000,000","9,200,000","11,900,000","8,800,000","46,500,000","45,300,000","42,600,000","38,900,000","39,400,000","35,700,000","37,200,000","37,000,000","35,500,000","31,400,000","30,900,000","30,100,000","29,100,000","25,200,000","28,000,000","23,300,000","24,600,000","23,500,000","25,900,000","18,200,000","18,800,000","16,100,000","15,800,000","16,400,000","15,900,000","14,700,000","13,400,000","12,900,000","13,100,000","10,700,000","9,900,000","9,500,000",,,,,,,,,,,,,,,,,,,,,,,,,,,,,,
			Amortization,"68,700,000","17,000,000","15,900,000","17,800,000","18,000,000","15,800,000","16,300,000","16,200,000","16,300,000","16,400,000","16,000,000","16,300,000","16,900,000","14,100,000","5,200,000","5,200,000","5,100,000","5,000,000","4,700,000","6,200,000","4,700,000","5,100,000","4,800,000","5,200,000","4,800,000","5,100,000","5,200,000","5,200,000","5,200,000","5,200,000","5,200,000","4,900,000","5,000,000","4,900,000","9,500,000","5,400,000","5,400,000","5,700,000","6,600,000","6,500,000","6,400,000","6,200,000","4,400,000","4,700,000","4,900,000","4,800,000","5,000,000","4,900,000","4,900,000","5,000,000","5,400,000","5,500,000","5,500,000","4,300,000","6,000,000","6,200,000","6,300,000","6,000,000",,,,,,,,,,,,,,,,,,,,,"2,300,000","2,500,000","2,800,000","2,600,000","10,000,000","9,200,000","11,900,000","8,800,000",,,,,,,,,,,,,,,,,,,,,,,,,,,,,,,,,,,,,,,,,,,,,,,,,,,,,,,,,,,,,,
				AmortizationOfIntangiblesIncomeStatement,"68,700,000","17,000,000","15,900,000","17,800,000","18,000,000","15,800,000","16,300,000","16,200,000","16,300,000","16,400,000","16,000,000","16,300,000","16,900,000","14,100,000","5,200,000","5,200,000","5,100,000","5,000,000","4,700,000","6,200,000","4,700,000","5,100,000","4,800,000","5,200,000","4,800,000","5,100,000","5,200,000","5,200,000","5,200,000","5,200,000","5,200,000","4,900,000","5,000,000","4,900,000","9,500,000","5,400,000","5,400,000","5,700,000","6,600,000","6,500,000","6,400,000","6,200,000","4,400,000","4,700,000","4,900,000","4,800,000","5,000,000","4,900,000","4,900,000","5,000,000","5,400,000","5,500,000","5,500,000","4,300,000","6,000,000","6,200,000","6,300,000","6,000,000",,,,,,,,,,,,,,,,,,,,,"2,300,000","2,500,000","2,800,000","2,600,000","10,000,000","9,200,000","11,900,000","8,800,000",,,,,,,,,,,,,,,,,,,,,,,,,,,,,,,,,,,,,,,,,,,,,,,,,,,,,,,,,,,,,,
	OtherOperatingExpenses,,,,,,,"-3,000,000","-7,000,000",,,"3,700,000","1,500,000","-2,900,000","-800,000","12,100,000","-3,300,000","-3,000,000","300,000","-25,700,000","-900,000","-1,600,000","-1,200,000","-16,900,000","-2,000,000","-2,400,000","-3,700,000","-1,600,000","-2,500,000","-300,000","3,400,000","-1,500,000","-2,600,000","-700,000","-5,900,000","59,300,000","-10,700,000","-3,600,000","-3,600,000","-500,000",,"2,100,000","-400,000","31,400,000","200,000","-200,000","-4,800,000","-7,600,000","600,000","900,000","-9,000,000","-20,900,000","2,000,000","11,900,000","900,000",,,,,,,,,,,,"12,600,000",,,,,,,,,,,,,,,,,,,,,,,,,,,,,,,,,,,,,,,,,,,,,,,,,,,,,,,,,,,,,,,,,,,,,,,,,,,,,,,,,,
OperatingIncome,"561,900,000","138,600,000","149,900,000","134,700,000","138,700,000","125,400,000","138,500,000","145,000,000","32,800,000","88,600,000","138,800,000","144,000,000","134,500,000","100,300,000","96,100,000","121,200,000","118,100,000","107,700,000","99,300,000","113,900,000","120,400,000","114,500,000","103,500,000","128,300,000","129,500,000","123,400,000","112,200,000","139,000,000","118,900,000","115,100,000","67,800,000","72,800,000","100,400,000","76,600,000","61,900,000","95,500,000","94,900,000","76,000,000","75,100,000","104,300,000","88,300,000","74,600,000","12,900,000","71,600,000","79,100,000","74,200,000","58,500,000","75,600,000","85,100,000","77,200,000","98,400,000","95,000,000","40,800,000","17,900,000","13,800,000","95,400,000","82,500,000","67,200,000","13,200,000","113,800,000","100,800,000","106,900,000","105,200,000","138,000,000","130,600,000","103,700,000","86,700,000","99,300,000","127,900,000","119,800,000","83,200,000","131,200,000","127,600,000","103,100,000","94,100,000","91,000,000","84,200,000","84,100,000","85,200,000","110,300,000","122,900,000","98,900,000","76,900,000","99,300,000","93,000,000","92,600,000","64,700,000","139,000,000","145,400,000","137,500,000","107,000,000","141,000,000","132,600,000","119,700,000","90,000,000","118,900,000","114,300,000","103,700,000","81,700,000","96,700,000","95,600,000","87,800,000","66,700,000","82,400,000","81,700,000","63,500,000","58,000,000","61,000,000","58,800,000","58,400,000","53,800,000","52,600,000","49,800,000","45,900,000","41,100,000","41,500,000","33,900,000","32,500,000","27,300,000","30,900,000","25,300,000","25,300,000","19,200,000","22,700,000","19,900,000","16,200,000","-2,400,000","21,800,000","24,500,000","23,400,000","19,000,000","24,000,000","23,700,000","237,100,000","-531,700,000","217,400,000","192,900,000","181,700,000","-419,900,000","168,100,000","161,100,000","157,200,000","-380,800,000","155,500,000","144,500,000","132,700,000","-310,700,000","123,700,000"
NetNonOperatingInterestIncomeExpense,"-75,000,000","-19,500,000","-18,400,000","-18,400,000","-18,700,000","-18,400,000","-18,800,000","-20,400,000","-20,400,000","-20,000,000","-20,300,000","-21,100,000","-21,900,000","-20,000,000","-15,800,000","-11,100,000","-13,600,000","-12,000,000","-9,900,000","-8,500,000","-8,900,000","-8,600,000","-8,200,000","-9,000,000","-9,300,000","-8,400,000","-7,600,000","-9,200,000","-10,200,000","-9,700,000","-9,100,000","-8,900,000","-9,000,000","-9,000,000","-8,900,000","-8,900,000","-9,100,000","-10,100,000","-11,400,000","-9,700,000","-8,000,000","-7,800,000","-8,300,000","-8,200,000","-7,100,000","-8,000,000","-8,700,000","-7,600,000","-8,000,000","-8,200,000","-7,900,000","-8,000,000","-8,100,000","-7,900,000",,,,,,,,,,,,,,,,,,,,,,,,,,,,,,,,,,,,,,,,,,,,,,,,,,,,,,,,,,,,,,,,,,,,,,,,,,,,,,,,,,,,,,,,,,,,,,
	InterestIncomeNonOperating,"2,900,000","1,200,000","300,000","600,000","800,000","900,000","700,000","500,000","1,000,000","900,000","1,900,000","1,500,000","2,600,000","1,400,000","1,600,000","2,000,000","2,400,000","2,400,000","2,400,000","1,700,000","1,500,000","2,000,000","1,200,000","900,000","1,000,000","800,000","1,000,000","1,100,000","1,000,000","1,300,000","1,500,000","1,500,000","1,400,000","1,400,000","1,500,000","1,700,000","1,800,000","2,700,000","1,600,000","1,600,000","1,600,000","1,700,000","1,500,000","1,400,000","2,300,000","1,500,000","1,200,000","1,700,000","1,200,000","1,100,000","1,700,000","1,300,000","1,000,000","1,500,000",,,,,,,,,,,,,,,,,,,,,,,,,,,,,,,,,,,,,,,,,,,,,,,,,,,,,,,,,,,,,,,,,,,,,,,,,,,,,,,,,,,,,,,,,,,,,,
	InterestExpenseNonOperating,"77,900,000","20,700,000","18,700,000","19,000,000","19,500,000","19,300,000","19,500,000","20,900,000","21,400,000","20,900,000","22,200,000","22,600,000","24,500,000","21,400,000","17,400,000","13,100,000","16,000,000","14,400,000","12,300,000","10,200,000","10,400,000","10,600,000","9,400,000","9,900,000","10,300,000","9,200,000","8,600,000","10,300,000","11,200,000","11,000,000","10,600,000","10,400,000","10,400,000","10,400,000","10,400,000","10,600,000","10,900,000","12,800,000","13,000,000","11,300,000","9,600,000","9,500,000","9,800,000","9,600,000","9,400,000","9,500,000","9,900,000","9,300,000","9,200,000","9,300,000","9,600,000","9,300,000","9,100,000","9,400,000",,,,,,,,,,,,,,,,,,,,,,,,,,,,,,,,,,,,,,,,,,,,,,,,,,,,,,,,,,,,,,,,,,,,,,,,,,,,,,,,,,,,,,,,,,,,,,
	TotalOtherFinanceCost,,,,,,,,,,,,,,,,,,,,,,,,,,,,,,,,,,,,,,,,,,,,"8,200,000","7,100,000",,,,,,,,,,,,,,,,,,,,,,,,,,,,,,,,,,,,,,,,,,,,,,,,,,,,,,,,,,,,,,,,,,,,,,,,,,,,,,,,,,,,,,,,,,,,,,,,,,,,,,,
OtherIncomeExpense,"44,000,000","-1,000,000","2,300,000","9,500,000","33,200,000","2,300,000","11,200,000","2,300,000","-10,000,000","-7,900,000","-3,700,000","100,000","1,500,000","-2,100,000","-12,100,000","3,200,000","3,000,000","-300,000","21,200,000","-4,700,000","1,900,000","1,400,000","14,700,000","1,900,000","17,000,000","3,700,000","1,900,000","2,500,000","300,000","-3,400,000","300,000","2,600,000","-107,300,000","5,900,000","-61,200,000","10,700,000","3,600,000","3,600,000","500,000","600,000","-2,100,000",,,,,,,,,,,,,,"-31,000,000","-300,000","-1,800,000","1,900,000","-137,400,000","-5,900,000","-8,200,000","-5,700,000","11,800,000","-200,000","-7,100,000","-12,900,000","-23,100,000","-11,700,000","-200,000","-2,500,000","17,900,000","-700,000","-800,000","200,000","4,200,000","-1,500,000","-1,800,000","1,000,000","-600,000","-10,000,000","-4,600,000","-1,500,000","-10,000,000","-100,000","2,500,000","-3,000,000","22,600,000","-12,900,000","-8,400,000","-7,100,000","22,600,000","-6,300,000","-7,500,000","-5,200,000","17,500,000","-4,600,000","-3,500,000","-2,200,000","14,200,000","-4,800,000","-3,500,000","-2,500,000","13,000,000","-3,500,000","-29,900,000","-1,300,000","-600,000","-1,200,000","-1,100,000","-1,200,000","-400,000","100,000","-1,200,000","-1,200,000",,"900,000","-300,000","-1,300,000","-600,000","-1,100,000","-600,000","-800,000",,,,,,,"200,000",,,,,,,,,,,,,,,,,,,
	GainOnSaleOfSecurity,,,"1,900,000","100,000","1,300,000",,"2,800,000","400,000",,,,,,,,,,,,,,,,,,,,,,,,,,,,,,,,,,,,,,,,,,,,,,,,,,,,,,,,,,,,,,,,,,,,,,,,,,,,,,,,,,,,,,,,,,,,,,,,,,,,,,,,,,,,,,,,,,,,,,,,,,,,,,,,,,,,,,,,,,,,
	SpecialIncomeCharges,,,"600,000","8,800,000","30,200,000","0","3,000,000","4,000,000","-25,900,000","-3,500,000","-10,000,000","1,600,000","-1,400,000","-2,900,000","-11,000,000","-100,000","0","0","23,600,000","-5,600,000","300,000","200,000","15,800,000","-100,000","14,600,000","0","-1,200,000","0","0",,,,"-108,000,000",,,,,,"-4,800,000","600,000","-2,100,000",,,,,,,,,,,,,,"-31,000,000","-300,000","-1,800,000","1,900,000","-137,400,000","-5,900,000","-8,200,000","-5,700,000","11,800,000","-200,000","-7,100,000","-12,900,000","-23,100,000","-11,700,000","-200,000","-2,500,000","17,900,000","-700,000","-800,000","200,000","4,200,000","-1,500,000","-1,800,000","1,000,000","-600,000","-10,000,000","-4,600,000","-1,500,000","-10,000,000","-100,000","2,500,000","-3,000,000","22,600,000","-12,900,000","-8,400,000","-7,100,000","22,600,000","-6,300,000","-7,500,000","-5,200,000","17,500,000","-4,600,000","-3,500,000","-2,200,000","14,200,000","-4,800,000","-3,500,000","-2,500,000","13,000,000","-3,500,000","-29,900,000","-1,300,000","-600,000","-1,200,000","-1,100,000","-1,200,000","-400,000","100,000","-1,200,000","-1,200,000",,"900,000","-300,000","-1,300,000","-600,000","-1,100,000","-600,000","-800,000",,,,,,,"200,000",,,,,,,,,,,,,,,,,,,
		RestructuringAndMergernAcquisition,,,"0","0","-400,000",,"0","5,100,000",,,,,,,,,,,,,,,,,,,,,,,,,,,,,,,,,,,,,,,,,,,,,,,,,,,,,,,,,,,,,,,,,,,,,,,,,,,,,,,,,,,,,,,,,,,,,,,,,,,,,,,,,,,,,,,,,,,,,,,,,,,,,,,,,,,,,,,,,,,,
		ImpairmentOfCapitalAssets,,,,,,,"0","0","25,900,000","3,500,000","2,100,000","1,400,000","1,400,000","2,900,000","5,100,000","100,000","0","200,000","300,000","4,500,000","100,000",,"400,000","0","3,700,000","0","2,200,000","0","0",,,,"108,000,000",,,,,,,,,,,,,,,,,,,,,,,,,,,,,,,,,,,,,,,,,,,,,,,,,,,,,,,,,,,,,,,,,,,,,,,,,,,,,,,,,,,,,,,,,,,,,,,,,,,,,,,,,,,,,,,,,,,
		WriteOff,,,"0","0","0","0",,"0","25,900,000","3,500,000","2,100,000","1,400,000","1,400,000","2,900,000","5,100,000","100,000","0","200,000","300,000","4,500,000","100,000",,,,,,,,,,,,,,,,,,,,,,,,,,,,,,,,,,,,,,,,,,,,,,,,,,,,,,,,,,,,,,,,,,,,,,,,,,,,,,,,,,,,,,,,,,,,,,,,,,,,,,,,,,,,,,,,,,,,,,,,,,,,,,,
		OtherSpecialCharges,,,"-700,000","-7,900,000","-1,200,000",,"-3,000,000","-7,000,000",,,,,,,,,,,,,,,,,,,,,,,,,,,,,,,,,,,,,,,,,,,,,,,,,,,,,,,,,,,,,,,,,,,,,,,,,,,,,,,,,,,,,,,,,,,,,,,,,,,,,,,,,,,,,,,,,,,,,,,,,,,,,,,,,,,,,,,,,,,,
		GainOnSaleOfPPE,,,"-100,000","900,000","28,600,000",,"0","2,100,000",,,"200,000","3,000,000",,,,,,"200,000","24,700,000","-1,100,000","400,000","200,000","17,000,000","-100,000","18,300,000",,,,,,,,,,,,,,,,,,,,,,,,,,,,,,,,,,,,,,,,,,,,,,,,,,,,,,,,,,,,,,,,,,,,,,,,,,,,,,,,,,,,,,,,,,,,,,,,,,,,,,,,,,,,,,,,,,,,,,,,,,,
	OtherNonOperatingIncomeExpenses,"-700,000","-1,000,000","-200,000","600,000","1,700,000","2,300,000","5,400,000","-2,100,000","15,900,000","-4,400,000","2,100,000","-1,500,000","2,900,000","800,000","1,600,000","3,300,000","3,000,000","-300,000","-900,000","900,000","1,600,000","1,200,000","-3,200,000","2,000,000","2,400,000","3,700,000","1,000,000","2,500,000","300,000","-3,400,000","-2,300,000","2,600,000","700,000","5,900,000","-10,300,000","10,700,000","3,600,000","3,600,000","500,000",,,,,,,,,,,,,,,,,,,,,,,,,,,,,,,,,,,,,,,,,,,,,,,,,,,,,,,,,,,,,,,,,,,,,,,,,,,,,,,,,,,,,,,,,,,,,,,,,,,,,,,,,,,,,
PretaxIncome,"530,900,000","118,100,000","133,800,000","125,800,000","153,200,000","109,300,000","130,900,000","126,900,000","2,400,000","60,700,000","114,800,000","123,000,000","114,100,000","78,200,000","68,200,000","113,300,000","107,500,000","95,400,000","110,600,000","100,700,000","113,400,000","107,300,000","110,000,000","121,200,000","137,200,000","118,700,000","106,500,000","132,300,000","109,000,000","102,000,000","59,000,000","66,500,000","-15,900,000","73,500,000","-8,200,000","97,300,000","89,400,000","69,500,000","64,200,000","95,200,000","78,200,000","66,800,000","4,600,000","63,400,000","72,000,000","66,200,000","41,400,000","68,000,000","77,100,000","69,000,000","68,700,000","87,000,000","32,700,000","10,000,000","-25,300,000","85,500,000","69,700,000","58,100,000","-135,000,000","94,800,000","79,600,000","89,000,000","105,800,000","125,100,000","111,600,000","92,300,000","52,700,000","77,600,000","1,118,200,000","107,700,000","92,100,000","121,100,000","116,400,000","93,000,000","88,000,000","78,100,000","72,400,000","76,600,000","75,700,000","91,000,000","109,400,000","87,400,000","56,100,000","87,600,000","80,700,000","72,900,000","71,500,000","109,200,000","120,600,000","117,300,000","118,400,000","124,000,000","115,100,000","105,100,000","97,700,000","104,400,000","100,800,000","92,700,000","87,400,000","83,900,000","83,900,000","78,100,000","72,600,000","71,900,000","43,800,000","59,600,000","55,200,000","57,100,000","54,200,000","54,200,000","50,200,000","49,900,000","46,600,000","42,800,000","37,400,000","37,100,000","32,700,000","30,200,000","25,500,000","28,700,000","23,300,000","22,300,000","16,200,000","19,600,000","15,700,000","12,300,000","-7,500,000","16,900,000","21,100,000","20,100,000","17,600,000","20,000,000","19,700,000",,,,,,,,,,,,,,,
TaxProvision,"125,400,000","27,700,000","28,200,000","28,600,000","40,900,000","21,800,000","27,700,000","22,000,000","8,500,000","15,000,000","27,900,000","23,400,000","27,800,000","17,100,000","15,100,000","23,300,000","22,400,000","17,500,000","74,200,000","17,200,000","25,800,000","21,200,000","27,000,000","27,600,000","37,700,000","27,700,000","24,700,000","36,100,000","32,300,000","28,700,000","12,800,000","13,100,000","7,200,000","19,800,000","-14,900,000","25,700,000","24,300,000","20,000,000","-9,800,000","28,600,000","15,200,000","22,300,000","-4,700,000","18,100,000","16,500,000","19,900,000","8,800,000","18,100,000","23,500,000","21,500,000","26,200,000","30,800,000","13,600,000","6,700,000","-17,100,000","37,100,000","26,200,000","18,900,000","2,300,000","29,100,000","19,600,000","26,400,000","35,800,000","41,100,000","27,400,000","30,200,000","7,400,000","23,600,000","39,000,000","34,900,000","26,500,000","40,900,000","39,600,000","30,200,000","29,000,000","27,300,000","25,700,000","27,200,000","26,800,000","33,300,000","39,100,000","31,200,000","20,700,000","32,300,000","29,800,000","26,900,000","26,400,000","40,300,000","44,300,000","43,500,000","44,100,000","46,300,000","42,700,000","39,000,000","36,200,000","39,200,000","37,400,000","34,800,000","32,300,000","31,100,000","31,900,000","29,700,000","27,900,000","27,900,000","17,200,000","23,200,000","21,000,000","22,300,000","21,200,000","21,300,000","19,200,000","19,700,000","18,400,000","16,800,000","14,400,000","14,800,000","12,600,000","11,500,000","9,500,000","10,900,000","8,500,000","8,400,000","6,100,000","7,600,000","6,000,000","4,800,000","-1,100,000","6,400,000","8,100,000","7,800,000","7,300,000","7,900,000","7,600,000",,,,,,,,,,,,,,,
NetIncomeCommonStockholders,"405,300,000","90,400,000","105,500,000","97,200,000","112,200,000","87,500,000","103,200,000","104,800,000","-6,100,000","45,700,000","86,800,000","99,600,000","86,200,000","61,200,000","53,000,000","90,000,000","85,000,000","77,900,000","36,300,000","82,600,000","87,600,000","86,100,000","81,600,000","93,500,000","121,200,000","89,500,000","80,500,000","95,200,000","77,700,000","71,700,000","20,600,000","48,200,000","-23,900,000","53,100,000","5,600,000","71,300,000","71,300,000","49,100,000","73,500,000","65,800,000","64,900,000","44,000,000","8,700,000","44,900,000","54,700,000","45,000,000","31,400,000","47,400,000","52,700,000","45,100,000","35,200,000","54,300,000","19,000,000","3,300,000","-18,000,000","32,700,000","46,300,000","43,400,000","-212,600,000","65,700,000","60,000,000","75,700,000","70,000,000","84,000,000","84,200,000","62,100,000","45,300,000","54,000,000","79,200,000","72,800,000","65,600,000","80,200,000","76,800,000","62,800,000","59,000,000","50,800,000","46,700,000","49,400,000","48,900,000","57,700,000","70,300,000","56,200,000","35,400,000","55,300,000","50,900,000","46,000,000","45,100,000","68,900,000","76,300,000","73,800,000","74,300,000","77,700,000","72,400,000","66,100,000","61,500,000","65,200,000","63,400,000","57,900,000","55,100,000","52,800,000","52,000,000","48,400,000","44,700,000","44,000,000","14,100,000","36,400,000","34,200,000","34,800,000","33,000,000","32,900,000","31,000,000","30,200,000","28,200,000","26,000,000","23,000,000","22,300,000","20,100,000","18,700,000","16,000,000","17,800,000","14,800,000","13,900,000","10,100,000","12,000,000","9,700,000","7,500,000","-6,400,000","10,500,000","13,000,000","12,300,000","10,300,000","12,100,000","12,100,000",,,,,,,,,,,,,,,
	NetIncome,"405,300,000","90,400,000","105,500,000","97,200,000","112,200,000","87,500,000","103,200,000","104,800,000","-6,100,000","45,700,000","86,800,000","99,600,000","86,200,000","61,200,000","53,000,000","90,000,000","85,000,000","77,900,000","36,300,000","82,600,000","87,600,000","86,100,000","81,600,000","93,500,000","121,200,000","89,500,000","80,500,000","95,200,000","77,700,000","71,700,000","20,600,000","48,200,000","-23,900,000","53,100,000","5,600,000","71,300,000","71,300,000","49,100,000","73,500,000","65,800,000","64,900,000","44,000,000","8,700,000","44,900,000","54,700,000","45,000,000","31,400,000","47,400,000","52,700,000","45,100,000","35,200,000","54,300,000","19,000,000","3,300,000","-18,000,000","32,700,000","46,300,000","43,400,000","-212,600,000","65,700,000","60,000,000","75,700,000","70,000,000","84,000,000","84,200,000","62,100,000","45,300,000","54,000,000","79,200,000","72,800,000","65,600,000","80,200,000","76,800,000","62,800,000","59,000,000","50,800,000","46,700,000","49,400,000","48,900,000","57,700,000","70,300,000","56,200,000","35,400,000","55,300,000","50,900,000","46,000,000","45,100,000","68,900,000","76,300,000","73,800,000","74,300,000","77,700,000","72,400,000","66,100,000","61,500,000","65,200,000","63,400,000","57,900,000","55,100,000","52,800,000","52,000,000","48,400,000","44,700,000","44,000,000","14,100,000","36,400,000","34,200,000","34,800,000","33,000,000","32,900,000","31,000,000","30,200,000","28,200,000","26,000,000","23,000,000","22,300,000","20,100,000","18,700,000","16,000,000","17,800,000","14,800,000","13,900,000","10,100,000","12,000,000","9,700,000","7,500,000","-6,400,000","10,500,000","13,000,000","12,300,000","10,300,000","12,100,000","12,100,000",,,,,,,,,,,,,,,
		NetIncomeIncludingNoncontrollingInterests,"405,500,000","90,400,000","105,600,000","97,200,000","112,300,000","87,500,000","103,200,000","104,900,000","-6,100,000","45,700,000","86,900,000","99,600,000","86,300,000","61,100,000","53,100,000","90,000,000","85,100,000","77,900,000","36,400,000","82,600,000","87,600,000","86,100,000","81,700,000","93,600,000","119,800,000","91,100,000","81,800,000","96,100,000","78,500,000","72,800,000","21,600,000","49,000,000","-23,100,000","53,700,000","6,300,000","72,000,000","71,900,000","49,500,000","74,000,000","66,600,000","65,400,000","44,500,000","9,300,000","45,300,000","55,500,000","46,300,000","32,500,000","49,300,000","54,100,000","46,900,000","37,100,000","55,700,000","19,200,000","3,000,000","-18,000,000","32,700,000","46,300,000","43,400,000","-212,600,000","65,700,000","60,000,000","75,700,000","70,000,000","84,000,000","84,200,000","62,100,000","45,300,000","54,000,000","79,200,000","72,800,000","65,600,000","80,200,000","76,800,000","62,800,000","59,000,000","50,800,000","46,700,000","49,400,000","48,900,000","57,700,000","70,300,000","56,200,000","35,400,000","55,300,000","50,900,000","46,000,000","45,100,000","68,900,000","76,300,000","73,800,000","74,300,000","77,700,000","72,400,000","66,100,000","61,500,000","65,200,000","63,400,000","57,900,000","55,100,000","52,800,000","52,000,000","48,400,000","44,700,000","44,000,000","14,100,000","36,400,000","34,200,000","34,800,000","33,000,000","32,900,000","31,000,000","30,200,000","28,200,000","26,000,000","23,000,000","22,300,000","20,100,000","18,700,000","16,000,000","17,800,000","14,800,000","13,900,000","10,100,000","12,000,000","9,700,000","7,500,000","-6,400,000","10,500,000","13,000,000","12,300,000","10,300,000","12,100,000","12,100,000","11,400,000","9,300,000","8,100,000","9,800,000","9,900,000","9,000,000","9,600,000","9,800,000","9,000,000","9,600,000","8,500,000","8,500,000","7,100,000","6,500,000","6,500,000"
			NetIncomeContinuousOperations,"405,500,000","90,400,000","105,600,000","97,200,000","112,300,000","87,500,000","103,200,000","104,900,000","-6,100,000","45,700,000","86,900,000","99,600,000","86,300,000","61,100,000","53,100,000","90,000,000","85,100,000","77,900,000","36,400,000","83,500,000","87,600,000","86,100,000","83,000,000","93,600,000","99,500,000","91,000,000","81,800,000","96,200,000","76,700,000","73,300,000","46,200,000","53,400,000","-23,100,000","53,700,000","6,700,000","71,600,000","65,100,000","49,500,000","74,000,000","66,600,000","63,000,000","44,500,000","9,300,000","45,300,000","55,500,000","46,300,000","32,600,000","49,900,000","53,600,000","47,500,000","42,500,000","56,200,000","19,100,000","3,300,000","-8,200,000","48,400,000","43,500,000","39,200,000","-137,300,000","65,700,000","60,000,000","62,600,000","70,000,000","84,000,000","84,200,000","62,100,000","45,300,000","54,000,000","79,200,000","72,800,000","65,600,000","80,200,000","76,800,000","62,800,000","59,000,000","50,800,000","46,700,000","49,400,000","48,900,000","57,700,000","70,300,000","56,200,000","35,400,000","55,300,000","50,900,000","46,000,000","45,100,000","68,900,000","76,300,000","73,800,000","74,300,000","77,700,000","72,400,000","66,100,000","61,500,000","65,200,000","63,400,000","57,900,000","55,100,000","52,800,000","52,000,000","48,400,000","44,700,000","44,000,000","26,600,000","36,400,000","34,200,000","34,800,000","33,000,000","32,900,000","31,000,000","30,200,000","28,200,000","26,000,000","23,000,000","22,300,000","20,100,000","18,700,000","16,000,000","17,800,000","14,800,000","13,900,000","10,100,000","12,000,000","9,700,000","7,500,000","-6,400,000","10,500,000","13,000,000","12,300,000","10,300,000","12,100,000","12,100,000","11,400,000","9,300,000","8,100,000","9,800,000","9,900,000","9,000,000","9,600,000","9,800,000","9,000,000","9,600,000","8,500,000","8,500,000","7,100,000","6,500,000","6,500,000"
			NetIncomeDiscontinuousOperations,,,,,,,,,,,,,,,"0","0","0","0","0","-900,000","0","0","-1,300,000","0","20,300,000","100,000","0","-100,000","1,800,000","-500,000","-24,600,000","-4,400,000","0","0","-400,000","400,000","6,800,000",,"0","0","2,400,000",,"0","0","0","0","-100,000","-600,000","500,000","-600,000","-5,400,000","-500,000","100,000","-300,000","-9,800,000","-15,700,000","2,800,000","4,200,000","-75,300,000",,,"13,100,000",,,,,,,,,,,,,,,,,,,,,,,,,,,,,,,,,,,,,,,,,,,,,,,,,,,,,,,,,,,,,,,,,,,,,,,,,,,,,,,,,,,,,,
			NetIncomeFromTaxLossCarryforward,,,,,,,,,,,,,,,,,,,,,,,,,,,,,,,,,,,,,,,,,,,,,,,,,,,,,,,,,,,,,,,,,,,,,,,,,,,,,,,,,,,,,,,,,,,,,,,,,,,,,,,"0",,"-12,500,000",,,,,,,,,,,,,,,,,,,,,,,,,,,,,,,,,,,,,,,,,,,
		MinorityInterests,"-200,000","0","-100,000","0","-100,000","0","0","-100,000","0","0","-100,000","0","-100,000","100,000","-100,000","0","-100,000","0","-100,000","0","0","0","-100,000","-100,000","1,400,000","-1,600,000","-1,300,000","-900,000","-800,000","-1,100,000","-1,000,000","-800,000","-800,000","-600,000","-700,000","-700,000","-600,000","-400,000","-500,000","-800,000","-500,000","-500,000","-600,000","-400,000","-800,000","-1,300,000","-1,100,000","-1,900,000","-1,400,000","-1,800,000","-1,900,000","-1,400,000","-200,000","300,000",,,,,,,,,,,,,,,,,,,,,,,,,,,,,,,,,,,,,,,,,,,,,,,,,,,,,,,,,,,,,,,,,,,,,,,,,,,,,,,,,,,,,,,,,,,,,,
DilutedNIAvailtoComStockholders,"405,300,000","90,400,000","105,500,000","97,200,000","112,200,000","87,500,000","103,200,000","104,800,000","-6,100,000","45,700,000","86,800,000","99,600,000","86,200,000","61,200,000","53,000,000","90,000,000","85,000,000","77,900,000","36,300,000","82,600,000","87,600,000","86,100,000","81,600,000","93,500,000","121,200,000","89,500,000","80,500,000","95,200,000","77,700,000","71,700,000","20,600,000","48,200,000","-23,900,000","53,100,000","5,600,000","71,300,000","71,300,000","49,100,000","73,500,000","65,800,000","64,900,000","44,000,000","8,700,000","44,900,000","54,700,000","45,000,000","31,400,000","47,400,000","52,700,000","45,100,000","35,200,000","54,300,000","19,000,000","3,300,000","-18,000,000","32,700,000","46,300,000","43,400,000","-212,600,000","65,700,000","60,000,000","75,700,000","70,000,000","84,000,000","84,200,000","62,100,000","45,300,000","54,000,000","79,200,000","72,800,000","65,600,000","80,200,000","76,800,000","62,800,000","59,000,000","50,800,000","46,700,000","49,400,000","48,900,000","57,700,000","70,300,000","56,200,000","35,400,000","55,300,000","50,900,000","46,000,000","45,100,000","68,900,000","76,300,000","73,800,000","74,300,000","77,700,000","72,400,000","66,100,000","61,500,000","65,200,000","63,400,000","57,900,000","55,100,000","52,800,000","52,000,000","48,400,000","44,700,000","44,000,000","14,100,000","36,400,000","34,200,000","34,800,000","33,000,000","32,900,000","31,000,000","30,200,000","28,200,000","26,000,000","23,000,000","22,300,000","20,100,000","18,700,000","16,000,000","17,800,000","14,800,000","13,900,000","10,100,000","12,000,000","9,700,000","7,500,000","-6,400,000","10,500,000","13,000,000","12,300,000","10,300,000","12,100,000","12,100,000",,,,,,,,,,,,,,,
BasicEPS,,"0.662","0.773","0.713","0.823","0.643","0.76","0.772","-0.045","0.338","0.642","0.738","0.64","0.455","0.396","0.673","0.634","0.576","0.268","0.609","0.644","0.629","0.594","0.68","0.88","0.643","0.575","0.678","0.55","0.505","0.146","0.343","-0.169","0.373","0.039","0.492","0.489","0.337","0.507","0.46","0.45","0.3",,"0.312","0.376","0.296",,"0.31","0.35","0.3",,"0.34","0.12","0.02",,"0.2","0.27","0.25",,"0.37","0.33","0.41",,"0.45","0.45","0.33",,"0.28","0.41","0.37",,"0.41","0.39","0.32",,"0.26","0.24","0.25",,"0.29","0.35","0.28",,"0.28","0.26","0.23",,"0.35","0.38","0.37",,"0.39","0.37","0.33",,"0.33","0.32","0.3",,"0.28","0.28","0.26",,"0.25","0.08","0.21",,"0.21","0.2","0.2",,"0.19","0.17","0.16",,"0.14","0.13","0.12",,"0.12","0.1","0.1",,"0.09","0.07","0.06",,"0.08","0.1","0.09",,"0.09","0.09","0.09",,"0.06","0.08","0.08",,"0.08","0.08","0.07",,"0.07","0.07","0.06",,"0.06"
DilutedEPS,,"0.66","0.77","0.71","0.82","0.64","0.76","0.77","-0.05","0.338","0.64","0.738","0.64","0.45","0.39","0.67","0.63","0.57","0.268","0.6","0.64","0.62","0.59","0.67","0.87","0.63","0.57","0.67","0.54","0.5","0.14","0.34","-0.17","0.37","0.039","0.49","0.48","0.33","0.5","0.45","0.45","0.3",,"0.31","0.37","0.29",,"0.31","0.34","0.29",,"0.34","0.12","0.02",,"0.2","0.27","0.25",,"0.37","0.33","0.41",,"0.45","0.45","0.33",,"0.28","0.41","0.37",,"0.41","0.39","0.32",,"0.26","0.24","0.25",,"0.29","0.35","0.28",,"0.28","0.25","0.23",,"0.34","0.38","0.37",,"0.39","0.36","0.33",,"0.32","0.32","0.29",,"0.27","0.28","0.26",,"0.24","0.08","0.21",,"0.21","0.2","0.2",,"0.19","0.17","0.16",,"0.14","0.13","0.12",,"0.12","0.1","0.1",,"0.09","0.07","0.06",,"0.08","0.09","0.09",,"0.09","0.09","0.09",,"0.06","0.08","0.08",,"0.08","0.08","0.07",,"0.07","0.07","0.06",,"0.06"
BasicAverageShares,,"136,600,000","136,500,000","136,400,000","136,300,000","136,000,000","135,900,000","135,800,000","135,700,000","135,400,000","135,200,000","134,900,000","134,700,000","134,400,000","134,000,000","133,800,000","134,100,000","135,300,000","135,600,000","135,700,000","136,000,000","136,800,000","137,300,000","137,400,000","137,800,000","139,100,000","139,900,000","140,400,000","141,400,000","141,900,000","141,000,000","140,700,000","141,400,000","142,400,000","144,000,000","144,900,000","145,800,000","145,900,000","145,100,000","144,400,000","144,100,000","143,600,000",,"143,800,000","145,600,000","152,600,000",,"150,700,000","151,500,000","152,600,000",,"159,700,000","161,500,000","161,100,000",,"165,600,000","171,300,000","173,000,000",,"177,100,000","181,900,000","183,000,000",,"185,600,000","186,900,000","187,400,000",,"193,000,000","193,800,000","195,200,000",,"195,400,000","196,000,000","196,100,000",,"196,000,000","196,600,000","197,600,000",,"199,000,000","199,300,000","199,500,000",,"199,700,000","199,400,000","199,200,000",,"199,300,000","199,000,000","198,800,000",,"198,200,000","198,100,000","199,100,000",,"198,300,000","197,600,000","196,300,000",,"191,400,000","190,400,000","189,400,000",,"184,000,000","182,600,000","170,400,000",,"170,800,000","169,800,000","168,800,000",,"165,600,000","165,600,000","165,600,000",,"159,285,714","154,615,385","155,833,333",,"148,333,333","148,000,000","139,000,000",,"133,333,333","138,571,429","125,000,000",,"131,250,000","130,000,000","136,666,667",,"134,444,444","134,444,444","132,752,000",,"132,752,000","132,752,000","130,984,000",,"129,760,000","128,728,000","131,664,000",,"130,696,000","130,696,000","109,840,000",,"109,176,000"
DilutedAverageShares,,"136,900,000","137,000,000","136,900,000","136,800,000","136,300,000","136,200,000","136,100,000","135,700,000","135,600,000","135,800,000","135,400,000","135,200,000","135,000,000","134,700,000","134,700,000","135,000,000","136,300,000","136,600,000","136,900,000","137,400,000","138,100,000","139,200,000","139,400,000","140,100,000","141,200,000","141,900,000","142,500,000","143,400,000","143,800,000","143,100,000","142,500,000","141,400,000","144,000,000","145,900,000","147,000,000","148,100,000","148,000,000","147,200,000","146,100,000","145,400,000","145,100,000",,"145,100,000","147,400,000","154,300,000",,"152,900,000","153,800,000","154,300,000",,"160,500,000","161,800,000","161,400,000",,"166,100,000","171,500,000","173,200,000",,"177,400,000","182,600,000","183,700,000",,"186,300,000","187,900,000","188,200,000",,"193,800,000","195,000,000","196,500,000",,"196,800,000","197,000,000","197,100,000",,"196,500,000","197,000,000","197,800,000",,"199,500,000","200,500,000","200,700,000",,"200,700,000","200,200,000","200,400,000",,"200,700,000","200,600,000","200,300,000",,"200,900,000","200,900,000","201,400,000",,"201,100,000","200,900,000","199,700,000",,"196,200,000","190,400,000","189,400,000",,"184,000,000","182,600,000","170,400,000",,"170,800,000","169,800,000","168,800,000",,"165,600,000","165,600,000","165,600,000",,"159,285,714","154,615,385","155,833,333",,"148,333,333","148,000,000","139,000,000",,"133,333,333","138,571,429","125,000,000",,"131,250,000","144,444,444","136,666,667",,"134,444,444","134,444,444","132,752,000",,"132,752,000","132,752,000","130,984,000",,"129,760,000","128,728,000","131,664,000",,"130,696,000","130,696,000","109,840,000",,"109,176,000"
TotalExpenses,"4,682,100,000","1,183,700,000","1,183,000,000","1,184,500,000","1,130,900,000","1,025,500,000","1,043,500,000","1,062,600,000","812,300,000","956,900,000","1,006,100,000","1,095,300,000","1,078,700,000","1,054,800,000","950,600,000","970,300,000","984,400,000","921,100,000","885,200,000","895,800,000","868,900,000","845,800,000","800,200,000","820,600,000","829,400,000","815,000,000","832,400,000","870,100,000","878,400,000","851,100,000","885,500,000","924,600,000","901,200,000","842,500,000","834,900,000","862,200,000","863,900,000","860,000,000","777,900,000","877,900,000","850,500,000","872,200,000","841,200,000","869,300,000","866,100,000","821,600,000","743,400,000","790,900,000","789,200,000","739,200,000","671,300,000","714,900,000","716,600,000","700,200,000","868,700,000","1,036,800,000","980,600,000","931,100,000","356,700,000","1,212,300,000","1,215,300,000","1,187,400,000","1,205,300,000","1,276,600,000","1,272,000,000","1,274,000,000","1,252,900,000","1,249,300,000","1,181,900,000","1,181,500,000","1,199,000,000","1,206,800,000","1,150,500,000","1,084,100,000","1,047,100,000","1,065,700,000","968,500,000","953,500,000","927,400,000","1,010,900,000","992,400,000","923,800,000","891,600,000","957,500,000","942,200,000","960,700,000","942,800,000","990,600,000","950,200,000","906,100,000","858,100,000","850,100,000","802,600,000","767,900,000","747,700,000","765,200,000","741,100,000","689,500,000","686,100,000","650,300,000","625,600,000","585,400,000","559,700,000","546,200,000","538,300,000","460,700,000","436,900,000","462,600,000","458,900,000","464,700,000","438,300,000","430,000,000","399,000,000","388,700,000","355,500,000","353,900,000","299,900,000","288,400,000","270,200,000","273,400,000","258,600,000","259,400,000","237,300,000","256,500,000","263,000,000","247,000,000","262,000,000","263,200,000","252,600,000","243,500,000","224,500,000","227,300,000","235,900,000",,,,,,,,,,,,,,,
NetIncomeFromContinuingAndDiscontinuedOperation,"405,300,000","90,400,000","105,500,000","97,200,000","112,200,000","87,500,000","103,200,000","104,800,000","-6,100,000","45,700,000","86,800,000","99,600,000","86,200,000","61,200,000","53,000,000","90,000,000","85,000,000","77,900,000","36,300,000","82,600,000","87,600,000","86,100,000","81,600,000","93,500,000","121,200,000","89,500,000","80,500,000","95,200,000","77,700,000","71,700,000","20,600,000","48,200,000","-23,900,000","53,100,000","5,600,000","71,300,000","71,300,000","49,100,000","73,500,000","65,800,000","64,900,000","44,000,000","8,700,000","44,900,000","54,700,000","45,000,000","31,400,000","47,400,000","52,700,000","45,100,000","35,200,000","54,300,000","19,000,000","3,300,000","-18,000,000","32,700,000","46,300,000","43,400,000","-212,600,000","65,700,000","60,000,000","75,700,000","70,000,000","84,000,000","84,200,000","62,100,000","45,300,000","54,000,000","79,200,000","72,800,000","65,600,000","80,200,000","76,800,000","62,800,000","59,000,000","50,800,000","46,700,000","49,400,000","48,900,000","57,700,000","70,300,000","56,200,000","35,400,000","55,300,000","50,900,000","46,000,000","45,100,000","68,900,000","76,300,000","73,800,000","74,300,000","77,700,000","72,400,000","66,100,000","61,500,000","65,200,000","63,400,000","57,900,000","55,100,000","52,800,000","52,000,000","48,400,000","44,700,000","44,000,000","26,600,000","36,400,000","34,200,000","34,800,000","33,000,000","32,900,000","31,000,000","30,200,000","28,200,000","26,000,000","23,000,000","22,300,000","20,100,000","18,700,000","16,000,000","17,800,000","14,800,000","13,900,000","10,100,000","12,000,000","9,700,000","7,500,000","-6,400,000","10,500,000","13,000,000","12,300,000","10,300,000","12,100,000","12,100,000",,,,,,,,,,,,,,,
NormalizedIncome,"371,158,259.559","90,400,000","103,526,905.83","90,347,000","89,205,000","87,500,000","98,627,349.121","101,148,000","12,807,000","48,325,000","91,190,418.118","98,304,000","87,264,000","63,462,000","63,666,715.543","90,079,000","85,000,000","77,900,000","23,040,000","88,148,000","87,369,000","85,940,000","69,393,636.364","93,577,000","90,388,000","89,400,000","79,808,732.394","95,300,000","75,900,000","72,200,000","45,200,000","52,600,000","46,300,000","53,100,000","6,000,000","70,900,000","64,500,000","49,100,000","77,985,000","65,380,252.101","64,191,815.857","44,000,000","8,700,000","44,900,000","54,700,000","45,000,000","31,500,000","48,000,000","52,200,000","45,700,000","40,600,000","54,800,000","18,900,000","3,600,000","11,950,000","48,595,000","44,623,385.94","37,918,072.289","-47,990,000","69,788,924.051","66,180,904.523","66,609,213.483","62,192,816.635","84,134,292.566","89,556,810.036","70,779,198.267","65,156,356.736","62,141,752.577","79,393,024.504","74,489,879.294","52,850,380.022","80,663,583.815","77,327,835.052","62,664,946.237","56,184,090.909","51,775,672.215","47,861,049.724","48,755,091.384","49,287,582.563","64,040,659.341","73,255,941.499","57,164,530.892","41,710,160.428","55,363,127.854","49,323,172.243","47,893,004.115","30,844,615.385","77,039,285.714","81,614,427.861","78,267,007.673","60,117,736.486","81,647,661.29","77,117,636.838","69,370,409.134","50,484,135.107","68,072,796.935","65,601,388.889","59,274,110.032","46,147,826.087","55,820,738.975","54,169,249.106","49,949,295.775","36,695,867.769","46,141,863.7","44,758,447.489","37,193,959.732","34,571,739.13","35,531,348.511","33,669,741.697","33,628,413.284","31,247,011.952","30,139,478.958","28,926,180.258","26,728,971.963","23,000,000","21,759,029.65","20,284,403.67","19,504,966.887","16,376,470.588","18,482,229.965","15,181,115.88","14,398,654.709","10,100,000","12,000,000","9,700,000","7,500,000","-6,400,000","10,500,000","12,876,777.251","12,300,000","10,300,000","12,100,000","12,100,000",,,,,,,,,,,,,,,
InterestIncome,"2,900,000","1,200,000","300,000","600,000","800,000","900,000","700,000","500,000","1,000,000","900,000","1,900,000","1,500,000","2,600,000","1,400,000","1,600,000","2,000,000","2,400,000","2,400,000","2,400,000","1,700,000","1,500,000","2,000,000","1,200,000","900,000","1,000,000","800,000","1,000,000","1,100,000","1,000,000","1,300,000","1,500,000","1,500,000","1,400,000","1,400,000","1,500,000","1,700,000","1,800,000","2,700,000","1,600,000","1,600,000","1,600,000","1,700,000","1,500,000","1,400,000","2,300,000","1,500,000","1,200,000","1,700,000","1,200,000","1,100,000","1,700,000","1,300,000","1,000,000","1,500,000",,,,,,,,,,,,,,,,,,,,,,,,,,,,,,,,,,,,,,,,,,,,,,,,,,,,,,,,,,,,,,,,,,,,,,,,,,,,,,,,,,,,,,,,,,,,,,
InterestExpense,"77,900,000","20,700,000","18,700,000","19,000,000","19,500,000","19,300,000","19,500,000","20,900,000","21,400,000","20,900,000","22,200,000","22,600,000","24,500,000","21,400,000","17,400,000","13,100,000","16,000,000","14,400,000","12,300,000","10,200,000","10,400,000","10,600,000","9,400,000","9,900,000","10,300,000","9,200,000","8,600,000","10,300,000","11,200,000","11,000,000","10,600,000","10,400,000","10,400,000","10,400,000","10,400,000","10,600,000","10,900,000","12,800,000","13,000,000","11,300,000","9,600,000","9,500,000","9,800,000","9,600,000","9,400,000","9,500,000","9,900,000","9,300,000","9,200,000","9,300,000","9,600,000","9,300,000","9,100,000","9,400,000",,,,,,,,,,,,,,,,,,,,,,,,,,,,,,,,,,,,,,,,,,,,,,,,,,,,,,,,,,,,,,,,,,,,,,,,,,,,,,,,,,,,,,,,,,,,,,
NetInterestIncome,"-75,000,000","-19,500,000","-18,400,000","-18,400,000","-18,700,000","-18,400,000","-18,800,000","-20,400,000","-20,400,000","-20,000,000","-20,300,000","-21,100,000","-21,900,000","-20,000,000","-15,800,000","-11,100,000","-13,600,000","-12,000,000","-9,900,000","-8,500,000","-8,900,000","-8,600,000","-8,200,000","-9,000,000","-9,300,000","-8,400,000","-7,600,000","-9,200,000","-10,200,000","-9,700,000","-9,100,000","-8,900,000","-9,000,000","-9,000,000","-8,900,000","-8,900,000","-9,100,000","-10,100,000","-11,400,000","-9,700,000","-8,000,000","-7,800,000","-8,300,000","-8,200,000","-7,100,000","-8,000,000","-8,700,000","-7,600,000","-8,000,000","-8,200,000","-7,900,000","-8,000,000","-8,100,000","-7,900,000",,,,,,,,,,,,,,,,,,,,,,,,,,,,,,,,,,,,,,,,,,,,,,,,,,,,,,,,,,,,,,,,,,,,,,,,,,,,,,,,,,,,,,,,,,,,,,
EBIT,"608,800,000","138,800,000","152,500,000","144,800,000","172,700,000","128,600,000","150,400,000","147,800,000","23,800,000","81,600,000","137,000,000","145,600,000","138,600,000","99,600,000","85,600,000","126,400,000","123,500,000","109,800,000","122,900,000","110,900,000","123,800,000","117,900,000","119,400,000","131,100,000","147,500,000","127,900,000","115,100,000","142,600,000","120,200,000","113,000,000","69,600,000","76,900,000","-5,500,000","83,900,000","2,200,000","107,900,000","100,300,000","82,300,000","77,200,000","106,500,000","87,800,000","76,300,000","14,400,000","73,000,000","81,400,000","75,700,000","51,300,000","77,300,000","86,300,000","78,300,000","78,300,000","96,300,000","41,800,000","19,400,000","-8,700,000","95,400,000","82,500,000","67,200,000","13,200,000","113,800,000","100,800,000","106,900,000","105,200,000","138,000,000","130,600,000","103,700,000","86,700,000","99,300,000","127,900,000","119,800,000","83,200,000","131,200,000","127,600,000","103,100,000","94,100,000","91,000,000","84,200,000","84,100,000","85,200,000","110,300,000","122,900,000","98,900,000","76,900,000","99,300,000","93,000,000","92,600,000","64,700,000","139,000,000","145,400,000","137,500,000","107,000,000","141,000,000","132,600,000","119,700,000","90,000,000","118,900,000","114,300,000","103,700,000","81,700,000","96,700,000","95,600,000","87,800,000","66,700,000","82,400,000","81,700,000","63,500,000","58,000,000","61,000,000","58,800,000","58,400,000","53,800,000","52,600,000","49,800,000","45,900,000","41,100,000","41,500,000","33,900,000","32,500,000","27,300,000","30,900,000","25,300,000","25,300,000","19,200,000","22,700,000","19,900,000","16,200,000","-2,400,000","21,800,000","24,500,000","23,400,000","19,000,000","24,000,000","23,700,000","237,100,000","-531,700,000","217,400,000","192,900,000","181,700,000","-419,900,000","168,100,000","161,100,000","157,200,000","-380,800,000","155,500,000","144,500,000","132,700,000","-310,700,000","123,700,000"
EBITDA,"795,700,000"
ReconciledCostOfRevenue,"4,067,700,000","1,026,300,000","1,036,900,000","1,034,300,000","970,200,000","873,100,000","891,300,000","910,000,000","668,600,000","791,600,000","841,300,000","931,700,000","910,400,000","889,900,000","803,600,000","835,800,000","842,800,000","783,000,000","761,700,000","767,900,000","732,000,000","709,100,000","675,300,000","697,500,000","700,800,000","681,600,000","688,000,000","744,700,000","744,900,000","724,000,000","724,400,000","764,000,000","771,900,000","715,100,000","705,800,000","740,900,000","734,000,000","724,300,000","654,200,000","753,200,000","729,300,000","745,700,000","686,800,000","747,300,000","738,000,000","700,500,000","633,800,000","672,700,000","670,200,000","624,000,000","571,900,000","595,600,000","582,300,000","566,000,000","743,100,000","896,900,000","836,800,000","792,200,000","276,200,000","1,085,300,000","1,081,000,000","1,065,300,000","1,067,200,000","1,156,000,000","1,146,200,000","1,137,600,000","1,120,500,000","1,133,500,000","1,063,600,000","1,068,900,000","1,067,400,000","1,095,500,000","1,034,700,000","972,100,000","929,300,000","962,000,000","868,900,000","856,300,000","790,100,000","867,400,000","850,300,000","787,900,000","694,800,000","760,000,000","745,100,000","765,200,000","751,400,000","800,200,000","764,500,000","733,200,000","689,900,000","685,500,000","644,600,000","618,200,000","602,900,000","623,900,000","605,200,000","560,800,000","560,300,000","533,300,000","509,700,000","479,700,000","454,200,000","447,800,000","436,500,000","375,700,000","354,100,000","383,600,000","378,700,000","384,800,000","360,700,000","357,300,000","331,100,000","323,100,000","293,500,000","291,500,000","246,900,000","238,600,000","192,100,000","234,400,000","219,000,000","220,200,000","163,500,000","217,100,000","223,200,000","209,300,000","173,000,000","224,900,000","217,800,000","210,900,000","167,000,000","198,100,000","205,500,000",,,,,,,,,,,,,,,
ReconciledDepreciation,"186,900,000","45,700,000","46,500,000","46,600,000","48,100,000","46,100,000","48,400,000","47,000,000","46,500,000","47,500,000","47,200,000","48,400,000","50,000,000","46,300,000","35,100,000","33,800,000","33,800,000","33,400,000","31,500,000","32,200,000","31,900,000","30,300,000","29,000,000","29,200,000","28,900,000","28,300,000","28,200,000","28,500,000","26,900,000","29,600,000","30,300,000","29,200,000","29,500,000","28,900,000","34,300,000","29,200,000","31,100,000","28,000,000","28,400,000","30,000,000","28,700,000","29,000,000","28,700,000","27,900,000","30,200,000","30,100,000","31,600,000","30,000,000","29,300,000","31,900,000","33,000,000","32,500,000","33,400,000","31,400,000","34,800,000","34,400,000","36,200,000","35,000,000","48,300,000","44,900,000","46,700,000","43,500,000","43,500,000","43,900,000","44,800,000","43,200,000","44,200,000","44,300,000","39,200,000","43,400,000","43,800,000","43,700,000","46,400,000","43,300,000","44,900,000","39,800,000","42,000,000","40,300,000","42,600,000","45,000,000","38,700,000","38,300,000","52,100,000","48,200,000","50,500,000","45,800,000","46,500,000","45,300,000","42,600,000","38,900,000","39,400,000","35,700,000","37,200,000","37,000,000","35,500,000","31,400,000","30,900,000","30,100,000","29,100,000","25,200,000","28,000,000","23,300,000","24,600,000","23,500,000","25,900,000","18,200,000","18,800,000","16,100,000","15,800,000","16,400,000","15,900,000","14,700,000","13,400,000","12,900,000","13,100,000","12,800,000","9,900,000","9,500,000",,,,,,,,,,,,,,,,,,,,,,,,,,,,,,
NetIncomeFromContinuingOperationNetMinorityInterest,"405,300,000","90,400,000","105,500,000","97,200,000","112,200,000","87,500,000","103,200,000","104,800,000","-6,100,000","45,700,000","86,800,000","99,600,000","86,200,000","61,200,000","53,000,000","90,000,000","85,000,000","77,900,000","36,300,000","83,500,000","87,600,000","86,100,000","82,900,000","93,500,000","100,900,000","89,400,000","80,500,000","95,300,000","75,900,000","72,200,000","45,200,000","52,600,000","-23,900,000","53,100,000","6,000,000","70,900,000","64,500,000","49,100,000","73,500,000","65,800,000","62,500,000","44,000,000","8,700,000","44,900,000","54,700,000","45,000,000","31,500,000","48,000,000","52,200,000","45,700,000","40,600,000","54,800,000","18,900,000","3,600,000","-8,200,000","48,400,000","43,500,000","39,200,000","-137,300,000","65,700,000","60,000,000","62,600,000","70,000,000","84,000,000","84,200,000","62,100,000","45,300,000","54,000,000","79,200,000","72,800,000","65,600,000","80,200,000","76,800,000","62,800,000","59,000,000","50,800,000","46,700,000","49,400,000","48,900,000","57,700,000","70,300,000","56,200,000","35,400,000","55,300,000","50,900,000","46,000,000","45,100,000","68,900,000","76,300,000","73,800,000","74,300,000","77,700,000","72,400,000","66,100,000","61,500,000","65,200,000","63,400,000","57,900,000","55,100,000","52,800,000","52,000,000","48,400,000","44,700,000","44,000,000","26,600,000","36,400,000","34,200,000","34,800,000","33,000,000","32,900,000","31,000,000","30,200,000","28,200,000","26,000,000","23,000,000","22,300,000","20,100,000","18,700,000","16,000,000","17,800,000","14,800,000","13,900,000","10,100,000","12,000,000","9,700,000","7,500,000","-6,400,000","10,500,000","13,000,000","12,300,000","10,300,000","12,100,000","12,100,000",,,,,,,,,,,,,,,
TotalUnusualItemsExcludingGoodwill,"44,700,000",,"2,500,000","8,900,000","31,500,000","0","5,800,000","4,400,000","-25,900,000","-3,500,000","-5,800,000","1,600,000","-1,400,000","-2,900,000","-13,700,000","-100,000","0","0","22,100,000","-5,600,000","300,000","200,000","17,900,000","-100,000","14,600,000","0","900,000","0","0",,,,"-108,000,000",,,,,,"-6,900,000","600,000","-2,100,000",,,,,,,,,,,,,,"-31,000,000","-300,000","-1,800,000","1,900,000","-137,400,000","-5,900,000","-8,200,000","-5,700,000","11,800,000","-200,000","-7,100,000","-12,900,000","-23,100,000","-11,700,000","-200,000","-2,500,000","17,900,000","-700,000","-800,000","200,000","4,200,000","-1,500,000","-1,800,000","1,000,000","-600,000","-10,000,000","-4,600,000","-1,500,000","-10,000,000","-100,000","2,500,000","-3,000,000","22,600,000","-12,900,000","-8,400,000","-7,100,000","22,600,000","-6,300,000","-7,500,000","-5,200,000","17,500,000","-4,600,000","-3,500,000","-2,200,000","14,200,000","-4,800,000","-3,500,000","-2,500,000","13,000,000","-3,500,000","-29,900,000","-1,300,000","-600,000","-1,200,000","-1,100,000","-1,200,000","-400,000","100,000","-1,200,000","-1,200,000",,"900,000","-300,000","-1,300,000","-600,000","-1,100,000","-600,000","-800,000",,,,,,,"200,000",,,,,,,,,,,,,,,,,,,
TotalUnusualItems,"44,700,000",,"2,500,000","8,900,000","31,500,000","0","5,800,000","4,400,000","-25,900,000","-3,500,000","-5,800,000","1,600,000","-1,400,000","-2,900,000","-13,700,000","-100,000","0","0","22,100,000","-5,600,000","300,000","200,000","17,900,000","-100,000","14,600,000","0","900,000","0","0",,,,"-108,000,000",,,,,,"-6,900,000","600,000","-2,100,000",,,,,,,,,,,,,,"-31,000,000","-300,000","-1,800,000","1,900,000","-137,400,000","-5,900,000","-8,200,000","-5,700,000","11,800,000","-200,000","-7,100,000","-12,900,000","-23,100,000","-11,700,000","-200,000","-2,500,000","17,900,000","-700,000","-800,000","200,000","4,200,000","-1,500,000","-1,800,000","1,000,000","-600,000","-10,000,000","-4,600,000","-1,500,000","-10,000,000","-100,000","2,500,000","-3,000,000","22,600,000","-12,900,000","-8,400,000","-7,100,000","22,600,000","-6,300,000","-7,500,000","-5,200,000","17,500,000","-4,600,000","-3,500,000","-2,200,000","14,200,000","-4,800,000","-3,500,000","-2,500,000","13,000,000","-3,500,000","-29,900,000","-1,300,000","-600,000","-1,200,000","-1,100,000","-1,200,000","-400,000","100,000","-1,200,000","-1,200,000",,"900,000","-300,000","-1,300,000","-600,000","-1,100,000","-600,000","-800,000",,,,,,,"200,000",,,,,,,,,,,,,,,,,,,
NormalizedEBITDA,"751,000,000","184,500,000","196,500,000","182,500,000","189,300,000","174,700,000","193,000,000","190,400,000","96,200,000","132,600,000","190,000,000","192,400,000","190,000,000","148,800,000","134,400,000","160,300,000","157,300,000","143,200,000","132,300,000","148,700,000","155,400,000","148,000,000","130,500,000","160,400,000","161,800,000","156,200,000","142,400,000","171,100,000","147,100,000","142,600,000","99,900,000","106,100,000","132,000,000","112,800,000","36,500,000","137,100,000","131,400,000","110,300,000","112,500,000","135,900,000","118,600,000","105,300,000","43,100,000","100,900,000","111,600,000","105,800,000","82,900,000","107,300,000","115,600,000","110,200,000","111,300,000","128,800,000","75,200,000","50,800,000","57,100,000","130,100,000","120,500,000","100,300,000","198,900,000","164,600,000","155,700,000","156,100,000","136,900,000","182,100,000","182,500,000","159,800,000","154,000,000","155,300,000","167,300,000","165,700,000","109,100,000","175,600,000","174,800,000","146,200,000","134,800,000","132,300,000","128,000,000","123,400,000","128,400,000","165,300,000","166,200,000","138,700,000","139,000,000","147,600,000","141,000,000","141,400,000","88,600,000","197,200,000","196,400,000","183,500,000","123,800,000","183,000,000","177,300,000","161,900,000","108,000,000","154,900,000","148,700,000","136,000,000","96,600,000","126,700,000","127,100,000","113,600,000","78,300,000","109,400,000","137,500,000","83,000,000","77,400,000","78,300,000","75,700,000","76,000,000","70,100,000","67,200,000","64,400,000","60,000,000","54,200,000","53,400,000","44,100,000","43,300,000","27,900,000","32,000,000","25,900,000","26,100,000","19,200,000","22,700,000","19,900,000","16,200,000","-2,400,000","21,800,000","24,300,000","23,400,000","19,000,000","24,000,000","23,700,000","237,100,000","-531,700,000","217,400,000","192,900,000","181,700,000","-419,900,000","168,100,000","161,100,000","157,200,000","-380,800,000","155,500,000","144,500,000","132,700,000","-310,700,000","123,700,000"
TaxRateForCalcs,"0.236","0.23","0.211","0.23","0.27","0.2","0.212","0.17","0.27","0.25","0.243","0.19","0.24","0.22","0.221","0.21","0.21","0.18","0.4","0.17","0.23","0.2","0.245","0.23","0.28","0.23","0.232","0.27","0.3","0.28","0.217","0.2","0.35","0.27","0.35","0.26","0.27","0.29","0.35","0.3","0.194","0.334","0.35","0.285","0.229","0.301","0.213","0.266","0.305","0.312","0.381","0.354","0.35","0.35","0.35","0.35","0.376","0.325","0.35","0.307","0.246","0.297","0.338","0.329","0.246","0.327","0.14","0.304","0.035","0.324","0.288","0.338","0.34","0.325","0.33","0.35","0.355","0.355","0.354","0.366","0.357","0.357","0.369","0.369","0.369","0.369","0.369","0.369","0.367","0.371","0.372","0.373","0.371","0.371","0.371","0.375","0.371","0.375","0.37","0.371","0.38","0.38","0.384","0.388","0.393","0.389","0.38","0.391","0.391","0.393","0.382","0.395","0.395","0.393","0.385","0.399","0.385","0.381","0.373","0.38","0.365","0.377","0.377","0.388","0.382","0.39","0.147","0.379","0.384","0.388","0.4","0.395","0.386",,,,,,,,,,,,,,,
TaxEffectOfUnusualItems,"10,558,259.559","0","526,905.83","2,047,000","8,505,000","0","1,227,349.121","748,000","-6,993,000","-875,000","-1,409,581.882","304,000","-336,000","-638,000","-3,033,284.457","-21,000","0","0","8,840,000","-952,000","69,000","40,000","4,393,636.364","-23,000","4,088,000","0","208,732.394","0","0","0","0","0","-37,800,000","0","0","0","0","0","-2,415,000","180,252.101","-408,184.143","0","0","0","0","0","0","0","0","0","0","0","0","0","-10,850,000","-105,000","-676,614.06","618,072.289","-48,090,000","-1,811,075.949","-2,019,095.477","-1,690,786.517","3,992,816.635","-65,707.434","-1,743,189.964","-4,220,801.733","-3,243,643.264","-3,558,247.423","-6,975.496","-810,120.706","5,150,380.022","-236,416.185","-272,164.948","64,946.237","1,384,090.909","-524,327.785","-638,950.276","355,091.384","-212,417.437","-3,659,340.659","-1,644,058.501","-535,469.108","-3,689,839.572","-36,872.146","923,172.243","-1,106,995.885","8,344,615.385","-4,760,714.286","-3,085,572.139","-2,632,992.327","8,417,736.486","-2,352,338.71","-2,782,363.162","-1,929,590.866","6,484,135.107","-1,727,203.065","-1,298,611.111","-825,889.968","5,247,826.087","-1,779,261.025","-1,330,750.894","-950,704.225","4,995,867.769","-1,358,136.3","-11,741,552.511","-506,040.268","-228,260.87","-468,651.489","-430,258.303","-471,586.716","-152,988.048","39,478.958","-473,819.742","-471,028.037","0","359,029.65","-115,596.33","-495,033.113","-223,529.412","-417,770.035","-218,884.12","-301,345.291","0","0","0","0","0","0","76,777.251","0","0","0","0",,,,,,,,,,,,,,,