name,ttm,03/31/2022,12/31/2021,09/30/2021,06/30/2021,03/31/2021,12/31/2020,09/30/2020,06/30/2020,03/31/2020,12/31/2019,09/30/2019,06/30/2019,03/31/2019,12/31/2018,09/30/2018,06/30/2018,03/31/2018,12/31/2017,09/30/2017,06/30/2017,03/31/2017,12/31/2016,09/30/2016,06/30/2016,03/31/2016,12/31/2015,09/30/2015,06/30/2015,03/31/2015,12/31/2014,09/30/2014,06/30/2014,03/31/2014,12/31/2013,09/30/2013,06/30/2013,03/31/2013,12/31/2012,09/30/2012,06/30/2012,03/31/2012,12/31/2011,09/30/2011,06/30/2011,03/31/2011,12/31/2010,09/30/2010,06/30/2010,03/31/2010,12/31/2009,09/30/2009,06/30/2009,03/31/2009,12/31/2008,09/30/2008,06/30/2008,03/31/2008,12/31/2007,09/30/2007,06/30/2007,03/31/2007,12/31/2006,09/30/2006,06/30/2006,03/31/2006,12/31/2005,09/30/2005,06/30/2005,03/31/2005,12/31/2004,09/30/2004,06/30/2004
TotalRevenue,"2,266,282,000","571,495,000","583,429,000","565,451,000","545,907,000","524,835,000","532,329,000","530,684,000","487,320,000","512,871,000","531,315,000","528,499,000","517,842,000","502,585,000","509,842,000","507,043,000","502,024,000","291,054,000","292,386,000","272,872,000","260,210,000","246,618,000","235,443,000","230,797,000","226,031,000","222,552,000","218,993,000","204,122,000","200,172,000","193,079,000","193,371,000","187,713,000","188,867,000","163,681,000","165,280,000","164,748,000","166,302,000","161,953,000","161,827,000","158,926,000","158,055,000","158,761,000","157,676,000","153,398,000","161,015,000","161,783,000","168,058,000","166,632,000","154,235,000","145,883,000","142,680,000","132,491,000","132,593,000","124,622,000","111,541,000","98,166,000","90,115,000","83,473,000","81,245,000","77,495,000","70,564,000","70,034,000","61,135,000","58,077,000","49,557,000","45,482,000","45,288,000","41,266,000","38,459,000","37,536,000","35,022,000","32,379,000","29,599,000"
	OperatingRevenue,"2,266,282,000","571,495,000","583,429,000","565,451,000","545,907,000","524,835,000","540,593,000","540,001,000","495,560,000","520,923,000","533,824,000","532,026,000","525,120,000","510,937,000","515,638,000","514,118,000","509,742,000","291,054,000","292,386,000","272,872,000","260,210,000","246,618,000","235,443,000","230,797,000","226,031,000","222,552,000","218,993,000","204,122,000","200,172,000","193,079,000","193,371,000","187,713,000","188,867,000","163,681,000","165,280,000","164,748,000","166,302,000","161,953,000","161,827,000","158,926,000","158,055,000","158,761,000","157,676,000","153,398,000","161,015,000","161,783,000","168,058,000","166,632,000","154,235,000","145,883,000","142,680,000","132,491,000","132,593,000","124,622,000","111,541,000","98,166,000","90,115,000","83,473,000","81,245,000","77,495,000","70,564,000","70,034,000","61,135,000","58,077,000","49,557,000","45,482,000","45,288,000","41,266,000","38,459,000","37,536,000","35,022,000","32,379,000","29,599,000"
CostOfRevenue,"1,376,725,000","350,388,000","364,603,000","343,862,000","317,872,000","310,272,000","317,243,000","305,246,000","306,712,000","321,202,000","343,267,000","334,768,000","325,860,000","320,992,000","324,539,000","322,196,000","329,646,000","188,618,000","187,426,000","172,856,000","161,158,000","154,370,000","144,089,000","140,832,000","137,128,000","135,601,000","128,940,000","120,873,000","116,639,000","114,426,000","112,792,000","113,122,000","111,527,000","97,334,000","95,241,000","97,966,000","97,009,000","93,248,000","92,441,000","91,234,000","92,218,000","89,859,000","89,359,000","87,815,000","86,216,000","88,956,000","87,535,000","88,187,000","79,482,000","74,710,000","72,792,000","69,242,000","66,588,000","62,221,000","51,417,000","47,977,000","45,559,000","41,896,000","41,901,000","39,979,000","36,081,000","35,194,000","29,708,000","30,067,000","25,014,000","24,047,000","25,154,000","22,566,000","20,994,000","19,629,000","17,834,000","16,652,000","14,852,000"
GrossProfit,"889,557,000","221,107,000","218,826,000","221,589,000","228,035,000","214,563,000","215,086,000","225,438,000","180,608,000","191,669,000","188,048,000","193,731,000","191,982,000","181,593,000","185,303,000","184,847,000","172,378,000","102,436,000","104,960,000","100,016,000","99,052,000","92,248,000","91,354,000","89,965,000","88,903,000","86,951,000","90,053,000","83,249,000","83,533,000","78,653,000","80,579,000","74,591,000","77,340,000","66,347,000","70,039,000","66,782,000","69,293,000","68,705,000","69,386,000","67,692,000","65,837,000","68,902,000","68,317,000","65,583,000","74,799,000","72,827,000","80,523,000","78,445,000","74,753,000","71,173,000","69,888,000","63,249,000","66,005,000","62,401,000","60,124,000","50,189,000","44,556,000","41,577,000","39,344,000","37,516,000","34,483,000","34,840,000","31,427,000","28,010,000","24,543,000","21,435,000","20,134,000","18,700,000","17,465,000","17,907,000","17,188,000","15,727,000","14,747,000"
OperatingExpense,"717,545,000","184,359,000","189,681,000","176,444,000","167,061,000","163,249,000","162,944,000","205,898,000","106,139,000","157,866,000","155,372,000","146,829,000","148,584,000","145,221,000","145,976,000","149,917,000","141,350,000","92,031,000","90,708,000","78,863,000","76,225,000","74,380,000","72,458,000","70,274,000","72,043,000","70,841,000","72,583,000","65,557,000","65,175,000","64,557,000","65,368,000","62,406,000","63,977,000","57,974,000","59,402,000","55,755,000","57,365,000","55,540,000","54,804,000","55,451,000","53,614,000","53,643,000","54,154,000","120,855,000","55,297,000","57,602,000","57,636,000","52,755,000","51,086,000","47,826,000","46,357,000","44,862,000","45,327,000","40,080,000","39,411,000","33,845,000","32,346,000","30,559,000","32,237,000","26,748,000","25,142,000","23,038,000","20,629,000","18,817,000","16,805,000","14,994,000","14,442,000","12,999,000","14,962,000","11,337,000","12,024,000","9,823,000","9,441,000"
	SellingGeneralAndAdministration,"696,010,000","178,742,000","183,663,000","171,086,000","162,519,000","158,250,000","162,944,000","161,463,000","150,574,000","157,866,000","155,372,000","146,829,000","148,584,000","145,221,000","145,976,000","149,917,000","141,350,000","92,031,000","89,462,000","75,669,000","73,550,000","72,011,000","69,326,000","66,999,000","68,261,000","66,240,000","68,213,000","60,748,000","60,370,000","59,298,000","61,287,000","58,432,000","59,614,000","54,612,000","55,306,000","53,047,000","54,157,000","51,623,000","51,324,000","52,464,000","50,967,000","50,882,000","115,737,000","52,656,000","52,154,000","55,040,000","55,328,000","51,056,000","49,545,000","45,767,000","45,695,000","43,790,000","43,520,000","38,897,000","39,411,000","33,845,000","32,346,000","30,559,000","32,237,000","26,748,000","25,142,000","23,038,000","20,629,000","18,817,000","16,805,000","14,994,000","18,298,000","12,999,000","11,610,000","11,337,000","13,281,000","9,612,000","9,212,000"
		GeneralAndAdministrativeExpense,"696,010,000","178,742,000","183,663,000","171,086,000","162,519,000","158,250,000","162,944,000","161,463,000","150,574,000","157,866,000","155,372,000","146,829,000","148,584,000","145,221,000","145,976,000","149,917,000","141,350,000","92,031,000","89,462,000","75,669,000","73,550,000","72,011,000","69,326,000","66,999,000","68,261,000","66,240,000","68,213,000","60,748,000","60,370,000","59,298,000","61,287,000","58,432,000","59,614,000","54,612,000","55,306,000","53,047,000","54,157,000","51,623,000","50,674,000","52,464,000","50,967,000","50,882,000",,"52,656,000","52,154,000","55,040,000","55,328,000","51,056,000","49,545,000","45,767,000","45,695,000","43,790,000","43,520,000","38,897,000",,,,,,,,,,,,,,,,,,,
			OtherGandA,"696,010,000","178,742,000","183,663,000","171,086,000","162,519,000","158,250,000","162,944,000","161,463,000","150,574,000","157,866,000","155,372,000","146,829,000","148,584,000","145,221,000","145,976,000","149,917,000","141,350,000","92,031,000","89,462,000","75,669,000","73,550,000","72,011,000","69,326,000","66,999,000","68,261,000","66,240,000","68,213,000","60,748,000","60,370,000","59,298,000","61,287,000","58,432,000","59,614,000","54,612,000","55,306,000","53,047,000","54,157,000","51,623,000","50,674,000",,,,,,,,,,,,,,,,,,,,,,,,,,,,,,,,,,
	DepreciationAmortizationDepletionIncomeStatement,"21,535,000","5,617,000","6,018,000","5,358,000","4,542,000","4,999,000",,,,,,,,,,,,,,,,,,,,,,,,,,,,,,,,,,,,,,,,,,,,,,,,,,,,,,,,,,,,,,,,,,,
		DepreciationAndAmortizationInIncomeStatement,"21,535,000","5,617,000","6,018,000","5,358,000","4,542,000","4,999,000",,,,,,,,,,,,,,,,,,,,,,,,,,,,,,,,,,,,,,,,,,,,,,,,,,,,,,,,,,,,,,,,,,,
	ProvisionForDoubtfulAccounts,,,,,,,,,,,,,,,,,,,"1,246,000","3,194,000","2,675,000","2,369,000","3,132,000","3,275,000","3,782,000","4,601,000","4,370,000","4,809,000","4,805,000","5,259,000","4,081,000","3,974,000","4,363,000","3,362,000","4,096,000","2,708,000","3,208,000","3,917,000","3,480,000","2,987,000","2,647,000","2,761,000","3,417,000","3,199,000","3,143,000","2,562,000","2,308,000","1,699,000","1,541,000","2,059,000","662,000","1,072,000","1,807,000","1,183,000",,,,,,,,,,,,,,,,,,,
	OtherOperatingExpenses,,,,,,,,"44,435,000","-44,435,000",,,,,,,,,,,,,,,,,,,,,,,,,,,,,,,,,,,"65,000,000",,,,,,,,,,,,,,,,,,,,,,,,,"3,352,000",,,"211,000","229,000"
OperatingIncome,"172,012,000","36,748,000","29,145,000","45,145,000","60,974,000","51,314,000","52,142,000","19,540,000","74,469,000","33,803,000","32,676,000","46,902,000","43,398,000","36,372,000","39,327,000","34,930,000","31,028,000","10,405,000","14,252,000","21,153,000","22,827,000","17,868,000","18,896,000","19,691,000","16,860,000","16,110,000","17,470,000","17,692,000","18,358,000","14,096,000","15,211,000","12,185,000","13,363,000","8,373,000","10,637,000","11,027,000","11,928,000","13,165,000","14,582,000","12,241,000","12,223,000","15,259,000","14,163,000","-55,272,000","19,502,000","15,225,000","22,887,000","25,690,000","23,667,000","23,347,000","23,531,000","18,387,000","20,678,000","22,321,000","20,713,000","16,344,000","12,210,000","11,018,000","7,107,000","10,768,000","9,341,000","11,802,000","10,798,000","9,193,000","7,738,000","6,441,000","5,692,000","5,701,000","2,503,000","6,570,000","5,164,000","5,904,000","5,306,000"
NetNonOperatingInterestIncomeExpense,"-8,246,000","-4,171,000","-2,797,000","-1,135,000","-143,000","-263,000","-89,000","-431,000","-841,000","-2,768,000","-2,622,000","-2,596,000","-2,885,000","-3,052,000","-1,763,000","-3,264,000","-3,202,000","-1,450,000","-1,261,000","-995,000","-840,000","-780,000","-769,000","-816,000","-466,000","-885,000","-769,000","-434,000","-554,000","-545,000","-625,000","-643,000","-830,000","-388,000","-440,000","-430,000","-700,000","-425,000","-578,000","-405,000","-208,000","-359,000","-511,000","-217,000","-195,000","-94,000","-51,000","-33,000","-25,000","-24,000","-27,000","-20,000","-39,000","-59,000",,,,,,,,,,,,,,,,,,,
	InterestExpenseNonOperating,"8,246,000","4,171,000","2,797,000","1,135,000","143,000","263,000","89,000","431,000","841,000","2,768,000","2,622,000","2,596,000","2,885,000","3,052,000","1,763,000","3,264,000","3,202,000","1,450,000","1,261,000","995,000","840,000","780,000","769,000","816,000","466,000","885,000","769,000","434,000","554,000","545,000","625,000","643,000","830,000","388,000","440,000","430,000","700,000","425,000","578,000","405,000","208,000","359,000","511,000","217,000","195,000","94,000","51,000","33,000","25,000","24,000","27,000","20,000","39,000","59,000",,,,,,,,,,,,,,,,,,,
OtherIncomeExpense,"-1,989,000","-1,229,000","0",,"-760,000","-177,000","-1,227,000","-22,000","-600,000",,"-200,000","-197,000","-1,018,000","-6,319,000","-3,562,000",,,,"-1,070,000","177,000","-2,000","0","682,000","-142,000","-1,043,000","0","-925,000","0","0","0","-3,540,000","235,000","-109,000","33,000","59,000","54,000","65,000","65,000","726,000","-556,000","-51,000","65,000","208,000","1,396,000","4,000","172,000","94,000","90,000","593,000","29,000","76,000","51,000","84,000","-460,000","558,000","74,000","407,000","402,000","118,000","358,000","305,000","293,000","1,388,000","364,000","116,000","167,000","4,045,000","-104,000","-3,360,000","518,000","245,000",,"-307,000"
	EarningsFromEquityInterest,,,,,,,,,,,,,,,,,,,,,,,,,,,,,,,,,,,,,,,,,,,,,,,,,,,,,,,,,,,,,,,,,,,,,"-3,352,000",,,,
	SpecialIncomeCharges,"-1,989,000","-1,229,000","0","0","-760,000","-177,000","-1,227,000","-22,000","-600,000","0","-200,000","-197,000","-1,018,000","-6,319,000","-3,562,000",,,,"-1,594,000","177,000","-2,000",,"190,000","-142,000","-1,043,000",,"-1,025,000",,,,"-3,646,000",,,,"0","0",,,"437,000","-556,000","-51,000","65,000","208,000","1,396,000","4,000","172,000","94,000","90,000","593,000","29,000","76,000","51,000","84,000","-460,000","558,000","74,000","407,000","402,000","118,000","358,000","305,000","293,000","1,388,000","364,000","116,000","167,000","189,000","-104,000","-8,000","518,000",,,
		ImpairmentOfCapitalAssets,"1,989,000","1,229,000","0","0","760,000","177,000","1,227,000","22,000","600,000","0","200,000","197,000","1,018,000","6,319,000","3,562,000",,,,"1,430,000",,,,"0",,,,"1,025,000",,,,"3,646,000",,,,,"0",,,,"650,000",,,,,,,,,,,,,,,,,,,,,,,,,,,,,,,,,
		OtherSpecialCharges,,,,,,,,,"-44,435,000",,,,,,,,,,,,,,,,,,,,,,,,,,,,,,,"-94,000",,,,,,,,,,,,,,,,,,,,,,,,,,,,,,,,,
		GainOnSaleOfPPE,,,,,,,,,,,,,,,,,,,"-83,000","177,000","-2,000",,"190,000","-142,000","-1,043,000",,,,,,,,,,,,,,"-5,000",,,,,,,,,,,,,,,,,,,,,,,,,,,,,,,,,,
	OtherNonOperatingIncomeExpenses,,,,,,,,,,,,,,,,,,,"90,000",,,,"213,000",,,,"100,000",,,,"106,000","235,000","-109,000","33,000","59,000","54,000","65,000","65,000","81,000",,,,,,,,,,,,,,,,,,,,,,,,,,,,,,,,,,
PretaxIncome,"161,777,000","31,348,000","26,348,000","44,010,000","60,071,000","50,874,000","50,826,000","19,087,000","73,028,000","31,035,000","29,854,000","44,109,000","39,495,000","27,001,000","32,875,000","31,666,000","27,826,000","8,955,000","11,921,000","20,335,000","21,985,000","17,088,000","18,809,000","18,733,000","15,351,000","15,225,000","15,885,000","17,258,000","17,804,000","13,551,000","11,046,000","11,777,000","12,424,000","8,018,000","10,256,000","10,651,000","11,293,000","12,805,000","14,730,000","11,280,000","11,964,000","14,965,000","13,860,000","-54,093,000","19,311,000","15,303,000","22,930,000","25,747,000","24,235,000","23,352,000","23,580,000","18,418,000","20,723,000","21,802,000","21,158,000","16,290,000","12,537,000","11,272,000","7,122,000","11,030,000","9,552,000","12,012,000","12,091,000","9,474,000","7,794,000","6,522,000","5,713,000","5,397,000","2,098,000",,"936,000","5,569,000","4,644,000"
TaxProvision,"34,615,000","6,369,000","4,778,000","10,150,000","13,318,000","9,441,000","12,862,000","4,595,000","15,227,000","3,359,000","3,942,000","9,508,000","9,557,000","3,600,000","7,567,000","6,685,000","7,170,000","977,000","-9,466,000","7,445,000","7,792,000","5,173,000","6,676,000","6,562,000","3,596,000","5,342,000","5,751,000","6,148,000","6,220,000","4,729,000","3,314,000","3,924,000","4,352,000","2,923,000","3,623,000","3,782,000","3,918,000","4,536,000","4,805,000","3,388,000","4,092,000","5,226,000","4,452,000","-18,130,000","6,549,000","5,161,000","7,608,000","8,631,000","7,975,000","7,510,000","7,907,000","5,636,000","6,415,000","6,739,000","6,215,000","5,243,000","3,907,000","3,363,000","1,901,000","3,377,000","3,071,000","3,939,000","3,255,000","2,943,000","2,451,000","1,715,000","1,578,000","1,733,000","16,000",,"1,432,000","1,707,000","1,332,000"
NetIncomeCommonStockholders,"100,523,000","19,454,000","15,692,000","27,734,000","37,643,000","34,659,000","30,380,000","14,500,000","44,692,000","22,024,000","21,803,000","30,067,000","25,000,000","18,856,000","20,552,000","21,230,000","16,797,000","4,995,000","18,434,000","10,906,000","11,304,000","9,467,000","9,817,000","9,616,000","9,464,000","7,686,000","7,735,000","8,845,000","8,950,000","6,805,000","5,534,000","6,174,000","6,061,000","4,068,000","4,969,000","5,297,000","5,790,000","6,286,000","7,400,000","6,336,000","5,963,000","7,741,000","7,234,000","-37,960,000","9,788,000","7,694,000","11,445,000","13,298,000","12,393,000","11,665,000","26,594,000","9,829,000","10,282,000","11,109,000","10,528,000","8,032,000","6,408,000","5,338,000","2,740,000","6,025,000","5,160,000","6,298,000","6,932,000","5,271,000","4,256,000","4,979,000","3,170,000","2,758,000","887,000","3,287,000","2,566,000","2,781,000","2,284,000"
	NetIncome,"100,523,000","19,454,000","15,692,000","27,734,000","37,643,000","34,659,000","30,380,000","14,500,000","44,692,000","22,024,000","21,803,000","30,067,000","25,000,000","18,856,000","20,552,000","21,230,000","16,797,000","4,995,000","18,434,000","10,906,000","11,304,000","9,467,000","9,817,000","9,616,000","9,464,000","7,686,000","7,735,000","8,845,000","8,950,000","6,805,000","5,534,000","6,174,000","6,061,000","4,068,000","4,969,000","5,297,000","5,790,000","6,286,000","7,400,000","6,336,000","5,963,000","7,741,000","7,234,000","-37,960,000","9,788,000","7,694,000","11,486,000","13,298,000","12,393,000","11,624,000","26,594,000","9,829,000","10,262,000","11,081,000","10,497,000","8,032,000","6,408,000","5,338,000","2,740,000","6,025,000","5,160,000","6,298,000","6,932,000","5,271,000","4,256,000","4,979,000","3,170,000","2,758,000","887,000","3,287,000","2,566,000","2,781,000","2,284,000"
		NetIncomeIncludingNoncontrollingInterests,"127,162,000","24,979,000","21,570,000","33,860,000","46,753,000","41,433,000","37,964,000","14,492,000","57,801,000","27,676,000","25,912,000","34,601,000","29,938,000","23,401,000","25,308,000","24,981,000","20,656,000","7,978,000","21,387,000","12,890,000","14,193,000","11,915,000","12,133,000","12,171,000","11,755,000","9,883,000","10,134,000","11,110,000","11,584,000","8,822,000","7,732,000","7,853,000","8,072,000","5,095,000","6,633,000","6,869,000","7,375,000","8,269,000","9,925,000","7,892,000","7,872,000","9,739,000","9,408,000","-35,963,000","12,762,000","10,142,000","15,322,000","17,116,000","16,266,000","15,842,000","1,825,000","12,725,000","14,228,000","15,063,000","14,586,000","11,044,000","8,667,000","7,778,000","4,397,000","7,438,000","6,267,000","8,105,000","8,267,000","6,633,000","5,326,000","5,164,000","4,135,000","3,664,000","2,082,000","6,785,000","9,678,000","1,700,000","1,229,000"
			NetIncomeContinuousOperations,"127,162,000","24,979,000","21,570,000","33,860,000","46,753,000","41,433,000","37,964,000","14,492,000","57,801,000","27,676,000","25,912,000","34,601,000","29,938,000","23,401,000","25,308,000","24,981,000","20,656,000","7,978,000","21,387,000","12,890,000","14,193,000","11,915,000","12,133,000","12,171,000","11,755,000","9,883,000","10,134,000","11,110,000","11,584,000","8,822,000","7,732,000","7,853,000","8,072,000","5,095,000","6,633,000","6,869,000","7,375,000","8,269,000","9,925,000","7,892,000","7,872,000","9,739,000","9,408,000","-35,963,000","12,762,000","10,142,000","15,322,000","17,116,000","16,260,000","15,842,000","15,673,000","12,782,000","14,308,000","15,063,000","10,854,000","8,035,000","6,371,000","5,469,000","3,564,000","6,240,000","5,374,000","6,266,000","7,501,000","5,169,000","4,273,000","4,622,000","3,170,000","2,758,000","887,000","3,287,000","2,570,000","2,781,000","2,257,000"
			NetIncomeDiscontinuousOperations,,,,,,,,,,,,,,,,,,,,,,,,,,,,,,,,,,,,,,,,,,,,,,,"0","0","6,000","0","125,000","-57,000","-80,000","0","-357,000","-3,000","37,000","-131,000","-824,000","-215,000","-336,000","-3,000","-569,000","102,000","-17,000","357,000",,,,,"-316,000","0","27,000"
			NetIncomeFromTaxLossCarryforward,,,,,,,,,,,,,,,,,,,,,,,,,,,,,,,,,,,,,,,,,,,,,,,,,,,,,,,,,,,,,"122,000","35,000",,,,,,,,,,,
		MinorityInterests,"-26,639,000","-5,525,000","-5,878,000","-6,126,000","-9,110,000","-6,774,000","-7,584,000","8,000","-13,109,000","-5,652,000","-4,109,000","-4,534,000","-4,938,000","-4,545,000","-4,756,000","-3,751,000","-3,859,000","-2,983,000","-2,953,000","-1,984,000","-2,889,000","-2,448,000","-2,316,000","-2,555,000","-2,291,000","-2,197,000","-2,399,000","-2,265,000","-2,634,000","-2,017,000","-2,198,000","-1,679,000","-2,011,000","-1,027,000","-1,664,000","-1,572,000","-1,585,000","-1,983,000","-2,525,000","-1,556,000","-1,909,000","-1,998,000","-2,174,000","-1,997,000","-2,974,000","-2,448,000","-3,836,000","-3,818,000","-3,873,000","-4,218,000","-3,177,000","-2,896,000","-3,966,000","-3,982,000","-4,089,000","-3,012,000","-2,259,000","-2,440,000","-1,657,000","-1,413,000","-1,107,000","-1,807,000","-1,335,000","-1,362,000","-1,070,000","-185,000","-965,000","-906,000","-1,195,000","-3,498,000","-7,112,000","1,081,000","1,055,000"
	OtherunderPreferredStockDividend,,,,,,,,,,,,,,,,,,,,,,,,,,,,,,,,,,,,,,,,,,,,,,,,,,"-41,000",,,"-20,000","-28,000",,,,,,,,,,,,,,,,,,,
DilutedNIAvailtoComStockholders,"100,523,000","19,454,000","15,692,000","27,734,000","37,643,000","34,659,000","30,380,000","14,500,000","44,692,000","22,024,000","21,803,000","30,067,000","25,000,000","18,856,000","20,552,000","21,230,000","16,797,000","4,995,000","18,434,000","10,906,000","11,304,000","9,467,000","9,817,000","9,616,000","9,464,000","7,686,000","7,735,000","8,845,000","8,950,000","6,805,000","5,534,000","6,174,000","6,061,000","4,068,000","4,969,000","5,297,000","5,790,000","6,286,000","7,400,000","6,336,000","5,963,000","7,741,000","7,234,000","-37,960,000","9,788,000","7,694,000","11,445,000","13,298,000","12,393,000","11,665,000","26,594,000","9,829,000","10,282,000","11,109,000","10,528,000","8,032,000","6,408,000","5,338,000","2,740,000","6,025,000","5,160,000","6,298,000","6,932,000","5,271,000","4,256,000","4,979,000","3,170,000","2,758,000","887,000","3,287,000","2,566,000","2,781,000","2,284,000"
BasicEPS,,"0.64","0.5","0.89","1.21","1.11",,"0.47","1.44","0.71","0.7","0.97","0.81","0.61","0.67","0.69","0.55","0.28","1.04","0.61","0.64","0.54","0.56","0.55","0.54","0.44","0.44","0.51","0.51","0.39","0.32","0.36","0.35","0.24","0.29","0.31","0.34","0.37","0.43","0.36","0.32","0.42",,"-2.08","0.54","0.42",,"0.73","0.68","0.64",,"0.55","0.57","0.62",,"0.45","0.35","0.31",,"0.34","0.29","0.35",,"0.3","0.27","0.31",,"0.14","-0.04","0.27",,"0.23","0.19"
DilutedEPS,,"0.64","0.5","0.88","1.2","1.1",,"0.46","1.43","0.7","0.7","0.96","0.8","0.6","0.66","0.68","0.55","0.28","1.02","0.61","0.63","0.53","0.55","0.54","0.54","0.44","0.44","0.5","0.51","0.39","0.32","0.36","0.35","0.24","0.29","0.31","0.34","0.37","0.43","0.36","0.32","0.42",,"-2.08","0.53","0.419",,"0.73","0.68","0.64",,"0.54","0.57","0.62",,"0.45","0.35","0.31",,"0.34","0.29","0.35",,"0.3","0.27","0.31",,"0.14","-0.04","0.27",,"0.23","0.19"
BasicAverageShares,,"30,478,000","31,167,000","31,238,000","31,225,000","31,165,000",,"31,121,000","31,104,000","31,020,000","30,978,000","30,971,000","30,960,000","30,837,000","30,777,556","30,750,227","30,497,501","17,789,863","17,749,872","17,740,818","17,728,567","17,643,463","17,597,190","17,588,163","17,566,097","17,485,766","17,447,691","17,436,731","17,410,971","17,322,791","17,274,677","17,260,078","17,233,264","17,148,043","17,096,360","17,083,201","17,055,619","16,966,525","17,056,611","17,656,842","18,385,783","18,333,838",,"18,263,237","18,278,479","18,215,831",,"18,148,678","18,118,197","18,041,563",,"17,971,352","17,959,823","17,924,238",,"17,881,228","17,849,820","17,800,066",,"17,766,612","17,754,632","17,748,369",,"17,557,576","16,561,398","16,557,828",,"16,591,870","13,174,690","12,085,154",,"12,085,150","12,085,150"
DilutedAverageShares,,"30,603,000","31,317,000","31,434,000","31,430,000","31,432,000",,"31,411,000","31,324,000","31,303,000","31,270,000","31,247,000","31,201,000","31,187,000","31,142,061","31,083,815","30,742,293","18,039,345","18,043,297","18,010,522","17,964,387","17,817,880","17,764,066","17,719,473","17,685,147","17,633,549","17,647,483","17,610,953","17,529,100","17,489,483","17,419,423","17,356,916","17,277,224","17,268,716","17,228,499","17,182,013","17,127,017","17,073,543","17,155,909","17,726,819","18,423,258","18,399,608",,"18,263,237","18,346,441","18,351,637",,"18,224,019","18,236,380","18,179,013",,"18,116,984","18,030,373","17,991,618",,"17,976,305","17,883,964","17,813,967",,"17,794,072","17,798,952","17,807,338",,"17,574,541","16,576,068","16,563,368",,"16,594,774","13,277,039","12,207,532",,"12,155,351","12,133,761"
TotalOperatingIncomeAsReported,"170,023,000","35,519,000","29,145,000","45,145,000","60,214,000","51,137,000","50,915,000","19,518,000","73,869,000","33,803,000","32,476,000","46,705,000","42,380,000","30,053,000","34,638,000","34,930,000","31,028,000","10,405,000","12,658,000","21,330,000","22,825,000","17,868,000","19,086,000","19,549,000","15,817,000","16,110,000","16,197,000","17,692,000","18,358,000","14,096,000","11,565,000","12,185,000","13,363,000","8,373,000","10,637,000","11,027,000","11,928,000","13,165,000","15,232,000","11,591,000","12,223,000","15,259,000","14,163,000","-55,272,000","19,502,000","15,225,000","22,887,000","25,690,000","23,667,000","23,347,000","23,531,000","18,387,000","20,678,000","22,321,000","20,713,000","16,344,000","12,210,000","11,018,000","7,107,000","10,768,000","9,341,000","11,802,000","10,798,000","9,193,000","7,738,000","6,441,000","5,692,000","5,701,000","2,503,000","6,570,000","5,164,000","5,904,000","5,306,000"
TotalExpenses,"2,094,270,000","534,747,000","554,284,000","520,306,000","484,933,000","473,521,000","480,187,000","511,144,000","412,851,000","479,068,000","498,639,000","481,597,000","474,444,000","466,213,000","470,515,000","472,113,000","470,996,000","280,649,000","278,134,000","251,719,000","237,383,000","228,750,000","216,547,000","211,106,000","209,171,000","206,442,000","201,523,000","186,430,000","181,814,000","178,983,000","178,160,000","175,528,000","175,504,000","155,308,000","154,643,000","153,721,000","154,374,000","148,788,000","147,245,000","146,685,000","145,832,000","143,502,000","143,513,000","208,670,000","141,513,000","146,558,000","145,171,000","140,942,000","130,568,000","122,536,000","119,149,000","114,104,000","111,915,000","102,301,000","90,828,000","81,822,000","77,905,000","72,455,000","74,138,000","66,727,000","61,223,000","58,232,000","50,337,000","48,884,000","41,819,000","39,041,000","39,596,000","35,565,000","35,956,000","30,966,000","29,858,000","26,475,000","24,293,000"
NetIncomeFromContinuingAndDiscontinuedOperation,"100,523,000","19,454,000","15,692,000","27,734,000","37,643,000","34,659,000","30,380,000","14,500,000","44,692,000","22,024,000","21,803,000","30,067,000","25,000,000","18,856,000","20,552,000","21,230,000","16,797,000","4,995,000","18,434,000","10,906,000","11,304,000","9,467,000","9,817,000","9,616,000","9,464,000","7,686,000","7,735,000","8,845,000","8,950,000","6,805,000","5,534,000","6,174,000","6,061,000","4,068,000","4,969,000","5,297,000","5,790,000","6,286,000","7,400,000","6,336,000","5,963,000","7,741,000","7,234,000","-37,960,000","9,788,000","7,694,000","11,486,000","13,298,000","12,393,000","11,624,000","40,567,000","9,829,000","10,262,000","11,081,000","10,497,000","8,032,000","6,408,000","5,338,000","2,740,000","6,025,000","5,038,000","6,263,000","6,932,000","5,271,000","4,256,000","4,979,000","3,170,000","2,758,000","887,000","3,287,000","2,254,000","2,781,000","2,284,000"
NormalizedIncome,"102,086,418.891","20,433,303.018","15,692,000","27,734,000","38,234,504.719","34,803,153.025","31,296,496.045","14,516,703.725","45,166,894.561","22,024,000","21,976,591.479","30,221,535.288","25,771,664.363","24,332,497.87","20,552,000","21,230,000","16,797,000","4,995,000","19,390,400","10,793,802.803","11,305,291.153","9,467,000","9,694,437.929","9,708,258.688","10,262,675.331","7,686,000","7,735,000","8,845,000","8,950,000","6,805,000","5,534,000","6,174,000","6,061,000","4,068,000","4,969,000","5,297,000","5,790,000","6,286,000","7,105,551.595","6,725,002.837","5,996,556.67","7,698,698.964","7,092,812.121","-38,888,111.733","9,785,356.533","7,580,007.711","11,423,188.487","13,238,170.117","11,989,138.23","11,604,326.396","40,391,484.818","9,850,606.255","10,284,002.992","11,398,813.962","10,459,908.214","7,984,817.188","6,090,836.484","5,186,936.657","3,477,496.49","5,991,607.072","5,167,058.522","6,069,081.169","6,486,661.401","4,918,072.831","4,193,478.83","4,498,913.677","3,033,204.096","2,828,605.151","894,938.99","2,976,200","2,570,000","2,781,000","2,257,000"
InterestExpense,"8,246,000","4,171,000","2,797,000","1,135,000","143,000","263,000","89,000","431,000","841,000","2,768,000","2,622,000","2,596,000","2,885,000","3,052,000","1,763,000","3,264,000","3,202,000","1,450,000","1,261,000","995,000","840,000","780,000","769,000","816,000","466,000","885,000","769,000","434,000","554,000","545,000","625,000","643,000","830,000","388,000","440,000","430,000","700,000","425,000","578,000","405,000","208,000","359,000","511,000","217,000","195,000","94,000","51,000","33,000","25,000","24,000","27,000","20,000","39,000","59,000","113,000","128,000","80,000","148,000","103,000","96,000","94,000",,"95,000","83,000","60,000","86,000","168,000",,"397,000","303,000","141,000",,"355,000"
NetInterestIncome,"-8,246,000","-4,171,000","-2,797,000","-1,135,000","-143,000","-263,000","-89,000","-431,000","-841,000","-2,768,000","-2,622,000","-2,596,000","-2,885,000","-3,052,000","-1,763,000","-3,264,000","-3,202,000","-1,450,000","-1,261,000","-995,000","-840,000","-780,000","-769,000","-816,000","-466,000","-885,000","-769,000","-434,000","-554,000","-545,000","-625,000","-643,000","-830,000","-388,000","-440,000","-430,000","-700,000","-425,000","-578,000","-405,000","-208,000","-359,000","-511,000","-217,000","-195,000","-94,000","-51,000","-33,000","-25,000","-24,000","-27,000","-20,000","-39,000","-59,000","-113,000","-128,000","-80,000","-148,000","-103,000","-96,000","-94,000",,"-95,000","-83,000","-60,000","-86,000","-168,000",,"-397,000","-303,000","-141,000",,"-355,000"
EBIT,"170,023,000","35,519,000","29,145,000","45,145,000","60,214,000","51,137,000","50,915,000","19,518,000","73,869,000","33,803,000","32,476,000","46,705,000","42,380,000","30,053,000","34,638,000","34,930,000","31,028,000","10,405,000","13,182,000","21,330,000","22,825,000","17,868,000","19,578,000","19,549,000","15,817,000","16,110,000","16,654,000","17,692,000","18,358,000","14,096,000","11,671,000","12,420,000","13,254,000","8,406,000","10,696,000","11,081,000","11,993,000","13,230,000","15,308,000","11,685,000","12,172,000","15,324,000","14,371,000","-53,876,000","19,506,000","15,397,000","22,981,000","25,780,000","24,260,000","23,376,000","23,607,000","18,438,000","20,762,000","21,861,000","22,153,000","16,344,000","12,210,000","11,018,000","7,107,000","10,768,000","9,341,000","11,802,000","10,798,000","9,193,000","7,738,000","6,441,000","5,692,000","5,701,000","2,503,000","6,570,000","5,164,000","5,904,000","5,306,000"
EBITDA,"230,274,000"
ReconciledCostOfRevenue,"1,338,009,000","340,260,000","354,623,000","334,331,000","308,795,000","301,354,000","317,243,000","305,246,000","306,712,000","321,202,000","343,267,000","334,768,000","325,860,000","320,992,000","324,539,000","322,196,000","329,646,000","188,618,000","187,426,000","172,856,000","161,158,000","154,370,000","144,089,000","140,832,000","137,128,000","135,601,000","128,940,000","120,873,000","116,639,000","114,426,000","112,792,000","113,122,000","111,527,000","97,334,000","95,241,000","97,966,000","97,009,000","93,248,000","92,441,000","91,234,000","92,218,000","89,859,000","89,359,000","87,815,000","86,216,000","88,956,000","87,535,000","88,187,000","79,482,000","74,710,000","72,792,000","69,242,000","66,588,000","62,221,000","51,417,000","47,977,000","45,559,000","41,896,000","41,901,000","39,979,000","36,081,000","35,194,000","29,708,000","30,067,000","25,014,000","24,047,000","25,154,000","22,566,000","20,994,000","19,629,000","17,834,000","16,652,000","14,852,000"
ReconciledDepreciation,"60,251,000","15,745,000","15,998,000","14,889,000","13,619,000","13,917,000","14,395,000","13,925,000","13,830,000","13,645,000","15,858,000","11,836,000","12,327,000","11,601,000","4,376,000","4,438,000","4,255,000","3,293,000","3,742,000","3,332,000","3,158,000","3,190,000","3,136,000","3,113,000","2,963,000","2,948,000","3,270,000","2,884,000","3,085,000","2,716,000","2,697,000","2,461,000","2,288,000","2,125,000","2,367,000","2,128,000","2,000,000","1,830,000","2,005,000","1,965,000","1,917,000","1,919,000","1,802,000","1,780,000","1,922,000","2,017,000","2,142,000","1,977,000","1,843,000","1,534,000","1,337,000","1,208,000","1,168,000","1,118,000","1,010,000","973,000","880,000","877,000","825,000","752,000","739,000","710,000","685,000","607,000","603,000","532,000","514,000","462,000","410,000","365,000","333,000","281,000",
NetIncomeFromContinuingOperationNetMinorityInterest,"100,523,000","19,454,000","15,692,000","27,734,000","37,643,000","34,659,000","30,380,000","14,500,000","44,692,000","22,024,000","21,803,000","30,067,000","25,000,000","18,856,000","20,552,000","21,230,000","16,797,000","4,995,000","18,434,000","10,906,000","11,304,000","9,467,000","9,817,000","9,616,000","9,464,000","7,686,000","7,735,000","8,845,000","8,950,000","6,805,000","5,534,000","6,174,000","6,061,000","4,068,000","4,969,000","5,297,000","5,790,000","6,286,000","7,400,000","6,336,000","5,963,000","7,741,000","7,234,000","-37,960,000","9,788,000","7,694,000","11,486,000","13,298,000","12,387,000","11,624,000","40,442,000","9,886,000","10,342,000","11,081,000","10,854,000","8,035,000","6,371,000","5,469,000","3,564,000","6,240,000","5,374,000","6,266,000","7,501,000","5,169,000","4,273,000","4,622,000","3,170,000","2,758,000","887,000","3,287,000","2,570,000","2,781,000","2,257,000"
TotalUnusualItemsExcludingGoodwill,"-1,989,000","-1,229,000","0","0","-760,000","-177,000","-1,227,000","-22,000","-600,000","0","-200,000","-197,000","-1,018,000","-6,319,000","-3,562,000",,,,"-1,594,000","177,000","-2,000",,"190,000","-142,000","-1,043,000",,"-1,025,000",,,,"-3,646,000",,"-109,000","33,000","0","0","65,000","65,000","437,000","-556,000","-51,000","65,000","208,000","1,396,000","4,000","172,000","94,000","90,000","593,000","29,000","76,000","51,000","84,000","-460,000","558,000","74,000","407,000","402,000","118,000","358,000","305,000","293,000","1,388,000","364,000","116,000","167,000","189,000","-104,000","-8,000","518,000",,,
TotalUnusualItems,"-1,989,000","-1,229,000","0","0","-760,000","-177,000","-1,227,000","-22,000","-600,000","0","-200,000","-197,000","-1,018,000","-6,319,000","-3,562,000",,,,"-1,594,000","177,000","-2,000",,"190,000","-142,000","-1,043,000",,"-1,025,000",,,,"-3,646,000",,"-109,000","33,000","0","0","65,000","65,000","437,000","-556,000","-51,000","65,000","208,000","1,396,000","4,000","172,000","94,000","90,000","593,000","29,000","76,000","51,000","84,000","-460,000","558,000","74,000","407,000","402,000","118,000","358,000","305,000","293,000","1,388,000","364,000","116,000","167,000","189,000","-104,000","-8,000","518,000",,,
NormalizedEBITDA,"232,263,000","52,493,000","45,143,000","60,034,000","74,593,000","65,231,000","66,537,000","33,465,000","88,299,000","47,448,000","48,534,000","58,738,000","55,725,000","47,973,000","39,014,000","39,368,000","35,283,000","13,698,000","18,518,000","24,485,000","25,985,000","21,058,000","22,524,000","22,804,000","19,823,000","19,058,000","19,924,000","20,576,000","21,443,000","16,812,000","14,368,000","14,881,000","15,542,000","10,531,000","13,063,000","13,209,000","13,993,000","15,060,000","16,876,000","14,206,000","14,140,000","17,178,000","15,965,000","-53,492,000","21,424,000","17,242,000","25,029,000","27,667,000","25,510,000","24,881,000","24,868,000","19,595,000","21,846,000","23,439,000","22,605,000","17,243,000","12,683,000","11,493,000","7,814,000","11,162,000","9,775,000","12,219,000","10,095,000","9,436,000","8,225,000","6,806,000","6,017,000","6,267,000","2,921,000","6,417,000","5,497,000","6,185,000","5,306,000"
TaxRateForCalcs,"0.214","0.203","0.181","0.231","0.222","0.186","0.253","0.241","0.209","0.108","0.132","0.216","0.242","0.133","0.23","0.211","0.258","0.109","0.4","0.366","0.354","0.303","0.355","0.35","0.234","0.351","0.362","0.356","0.349","0.349","0.3","0.333","0.35","0.365","0.353","0.355","0.347","0.354","0.326","0.3","0.342","0.349","0.321","0.335","0.339","0.337","0.332","0.335","0.329","0.322","0.335","0.306","0.31","0.309","0.294","0.322","0.312","0.298","0.267","0.306","0.322","0.328","0.269","0.311","0.314","0.263","0.276","0.321","0.008","0.4","0.4","0.307","0.287"
TaxEffectOfUnusualItems,"-425,581.109","-249,696.982","0","0","-168,495.281","-32,846.975","-310,503.955","-5,296.275","-125,105.439","0","-26,408.521","-42,464.712","-246,335.637","-842,502.13","0","0","0","0","-637,600","64,802.803","-708.847","0","67,437.929","-49,741.312","-244,324.669","0","0","0","0","0","0","0","0","0","0","0","0","0","142,551.595","-166,997.163","-17,443.33","22,698.964","66,812.121","467,888.267","1,356.533","58,007.711","31,188.487","30,170.117","195,138.23","9,326.396","25,484.818","15,606.255","26,002.992","-142,186.038","163,908.214","23,817.188","126,836.484","119,936.657","31,496.49","109,607.072","98,058.522","96,081.169","373,661.401","113,072.831","36,478.83","43,913.677","52,204.096","-33,394.849","-61.01","207,200","0","0","0"