name,ttm,03/31/2022,12/31/2021,09/30/2021,06/30/2021,03/31/2021,12/31/2020,09/30/2020,06/30/2020,03/31/2020,12/31/2019,09/30/2019,06/30/2019,03/31/2019,12/31/2018,09/30/2018,06/30/2018,03/31/2018,12/31/2017,09/30/2017,06/30/2017,03/31/2017,12/31/2016,09/30/2016,06/30/2016,03/31/2016,12/31/2015,09/30/2015,06/30/2015,03/31/2015,12/31/2014,09/30/2014,06/30/2014,03/31/2014,12/31/2013,09/30/2013,06/30/2013,03/31/2013,12/31/2012,09/30/2012,06/30/2012,03/31/2012,12/31/2011,09/30/2011,06/30/2011,03/31/2011,12/31/2010,09/30/2010,06/30/2010,03/31/2010,12/31/2009,09/30/2009,06/30/2009,03/31/2009,12/31/2008,09/30/2008,06/30/2008,03/31/2008,12/31/2007,09/30/2007,06/30/2007,03/31/2007,12/31/2006,09/30/2006,06/30/2006,03/31/2006,12/31/2005,09/30/2005,06/30/2005,03/31/2005,12/31/2004,09/30/2004,06/30/2004,03/31/2004,12/31/2003,09/30/2003,06/30/2003,03/31/2003,12/31/2002,09/30/2002,06/30/2002,03/31/2002,12/31/2001,09/30/2001,06/30/2001,03/31/2001,10/31/2000,07/31/2000,04/30/2000,01/31/2000,10/31/1999,07/31/1999,04/30/1999,01/31/1999,10/31/1998,07/31/1998,04/30/1998,01/31/1998,10/31/1997,07/31/1997,04/30/1997,01/31/1997,10/31/1996,07/31/1996,04/30/1996,01/31/1996,10/31/1995,07/31/1995,04/30/1995,01/31/1995,10/31/1994,07/31/1994,04/30/1994,01/31/1994,10/31/1993,07/31/1993,04/30/1993,01/31/1993,10/31/1992,07/31/1992,04/30/1992,01/31/1992,10/31/1991,07/31/1991,04/30/1991,01/31/1991,10/31/1990,07/31/1990,04/30/1990,01/31/1990,10/31/1989,07/31/1989,04/30/1989,01/31/1989,10/31/1988,07/31/1988,04/30/1988,01/31/1988,10/31/1987,07/31/1987,04/30/1987,01/31/1987,10/31/1986,07/31/1986,04/30/1986,01/31/1986,10/31/1985
TotalRevenue,"2,272,000,000","572,000,000","581,000,000","539,000,000","880,000,000","729,000,000","762,000,000","698,000,000","539,000,000","725,000,000","863,000,000","855,000,000","845,000,000","837,000,000","885,700,000","821,000,000","844,700,000","811,800,000","823,000,000","768,900,000","766,300,000","725,400,000","752,200,000","720,000,000","729,200,000","682,000,000","737,000,000","671,600,000","691,500,000","658,700,000","565,800,000","415,600,000","416,900,000","388,100,000","401,861,000","234,407,000","235,044,000","219,588,000","249,243,000","227,477,000","229,307,000","234,575,000","239,079,000","222,739,000","220,248,000","196,656,000","212,066,000","221,061,000","233,033,000","216,339,000","232,885,000","239,146,000","225,028,000","230,690,000","263,918,000","291,935,000","305,969,000","257,007,000","267,961,000","266,900,000","269,577,000","242,266,000","232,074,000","217,390,000","239,637,000","208,129,000","202,879,000","196,824,000","197,424,000","184,556,000","182,609,000","179,309,000","178,112,000","185,465,000","176,781,000","132,063,000","128,849,000","123,337,000","118,862,000","115,152,000","114,267,000","106,972,000","108,357,000","107,203,000","112,573,000","112,108,000","82,743,000","49,979,000","51,061,000","49,600,000","59,200,000","53,200,000","53,100,000","45,700,000","49,900,000","38,800,000","36,200,000","34,400,000","44,000,000","35,800,000","41,900,000","35,500,000","45,300,000","41,800,000","45,700,000","43,300,000","46,200,000","38,700,000","37,100,000","31,100,000","39,900,000","41,800,000","37,800,000","27,000,000","30,800,000","21,400,000","15,400,000","12,000,000","13,000,000","10,400,000","10,200,000","9,200,000","-10,000,000","19,900,000","17,800,000","15,800,000","21,400,000","19,700,000","17,200,000","10,800,000","9,800,000","7,300,000","6,900,000","6,600,000","6,400,000","4,400,000","6,200,000","5,300,000","4,500,000","4,500,000","5,000,000","4,100,000","3,100,000","3,700,000","1,700,000","1,000,000","2,000,000"
	OperatingRevenue,"2,272,000,000","572,000,000","581,000,000","539,000,000","880,000,000","729,000,000","762,000,000","698,000,000","539,000,000","725,000,000","863,000,000","855,000,000","845,000,000","837,000,000","885,700,000","821,000,000","844,700,000","811,800,000","823,000,000","768,900,000","766,300,000","725,400,000","752,200,000","720,000,000","729,200,000","682,000,000","737,000,000","671,600,000","691,500,000","658,700,000","565,800,000","415,600,000","416,900,000","388,100,000","401,861,000","234,407,000","235,044,000","219,588,000","249,243,000","227,477,000","229,307,000","234,575,000","239,079,000","222,739,000","220,248,000","196,656,000","212,066,000","221,061,000","233,033,000","216,339,000","232,885,000","239,146,000","225,028,000","230,690,000","263,918,000","291,935,000","305,969,000","257,007,000","267,961,000","266,900,000","269,577,000","242,266,000","232,074,000","217,390,000","239,637,000","208,129,000","202,879,000","196,824,000","197,424,000","184,556,000","182,609,000","179,309,000","178,112,000","185,465,000","176,781,000","132,063,000","128,849,000","123,337,000","118,862,000","115,152,000","114,267,000","106,972,000","108,357,000","107,203,000","112,573,000","112,108,000","82,743,000","49,979,000","51,061,000","49,600,000","59,200,000","53,200,000","53,100,000","45,700,000","49,900,000","38,800,000","36,200,000","34,400,000","44,000,000","35,800,000","41,900,000","35,500,000","45,300,000","41,800,000","45,700,000","43,300,000","46,200,000","38,700,000","37,100,000","31,100,000","39,900,000","41,800,000","37,800,000","27,000,000","30,800,000","21,400,000","15,400,000","12,000,000","13,000,000","10,400,000","10,200,000","9,200,000","-10,000,000","19,900,000","17,800,000","15,800,000","21,400,000","19,700,000","17,200,000","10,800,000","9,800,000","7,300,000","6,900,000","6,600,000","6,400,000","4,400,000","6,200,000","5,300,000","4,500,000","4,500,000","5,000,000","4,100,000","3,100,000","3,700,000","1,700,000","1,000,000","2,000,000"
CostOfRevenue,"642,000,000","160,000,000","170,000,000","153,000,000","303,000,000","266,000,000","320,000,000","289,000,000","257,000,000","294,000,000","339,000,000","317,000,000","321,000,000","307,000,000","341,400,000","301,300,000","315,900,000","296,700,000","314,900,000","290,800,000","278,900,000","280,000,000","299,500,000","274,300,000","276,200,000","256,300,000","323,400,000","250,000,000","275,300,000","255,400,000","275,000,000","199,200,000","192,400,000","182,800,000","207,069,000","126,539,000","133,374,000","124,718,000","139,213,000","128,816,000","127,931,000","132,749,000","135,801,000","124,679,000","118,954,000","111,845,000","120,405,000","132,838,000","132,998,000","128,625,000","140,892,000","138,286,000","129,106,000","141,184,000","176,439,000","174,737,000","182,243,000","147,222,000","158,585,000","157,809,000","156,154,000","139,232,000","131,941,000","120,671,000","137,843,000","119,492,000","116,573,000","117,020,000","112,935,000","105,523,000","103,791,000","102,489,000","98,399,000","106,541,000","105,957,000","75,403,000","72,417,000","70,035,000","69,971,000","69,079,000","66,913,000","62,487,000","68,691,000","66,970,000","69,962,000","72,820,000","58,893,000","31,727,000","32,804,000","32,500,000","40,100,000","35,500,000","36,400,000","31,300,000","35,300,000","25,600,000","22,300,000","21,200,000","26,900,000","21,200,000","25,200,000","21,600,000","28,500,000","25,900,000","29,600,000","27,500,000","28,800,000","25,000,000","22,200,000","18,200,000","42,800,000","21,800,000","21,400,000","16,300,000","19,200,000","11,500,000","8,500,000","6,500,000","7,100,000","5,100,000","5,300,000","5,300,000","-9,300,000","11,600,000","10,800,000","10,300,000","12,300,000","10,800,000","11,100,000","7,500,000",,,,,,,,,,,,,,,,,
GrossProfit,"1,630,000,000","412,000,000","411,000,000","386,000,000","577,000,000","463,000,000","442,000,000","409,000,000","282,000,000","431,000,000","524,000,000","538,000,000","524,000,000","530,000,000","544,300,000","519,700,000","528,800,000","515,100,000","508,100,000","478,100,000","487,400,000","445,400,000","452,700,000","445,700,000","453,000,000","425,700,000","413,600,000","421,600,000","416,200,000","403,300,000","290,800,000","216,400,000","224,500,000","205,300,000","194,792,000","107,868,000","101,670,000","94,870,000","110,030,000","98,661,000","101,376,000","101,826,000","103,278,000","98,060,000","101,294,000","84,811,000","91,661,000","88,223,000","100,035,000","87,714,000","91,993,000","100,860,000","95,922,000","89,506,000","87,479,000","117,198,000","123,726,000","109,785,000","109,376,000","109,091,000","113,423,000","103,034,000","100,133,000","96,719,000","101,794,000","88,637,000","86,306,000","79,804,000","84,489,000","79,033,000","78,818,000","76,820,000","79,713,000","78,924,000","70,824,000","56,660,000","56,432,000","53,302,000","48,891,000","46,073,000","47,354,000","44,485,000","39,666,000","40,233,000","42,611,000","39,288,000","23,850,000","18,252,000","18,257,000","17,100,000","19,100,000","17,700,000","16,700,000","14,400,000","14,600,000","13,200,000","13,900,000","13,200,000","17,100,000","14,600,000","16,700,000","13,900,000","16,800,000","15,900,000","16,100,000","15,800,000","17,400,000","13,700,000","14,900,000","12,900,000","-2,900,000","20,000,000","16,400,000","10,700,000","11,600,000","9,900,000","6,900,000","5,500,000","5,900,000","5,300,000","4,900,000","3,900,000","-700,000","8,300,000","7,000,000","5,500,000","9,100,000","8,900,000","6,100,000","3,300,000",,,,,,,,,,,,,,,,,
OperatingExpense,"1,302,000,000","336,000,000","336,000,000","307,000,000","382,000,000","361,000,000","371,000,000","341,000,000","322,000,000","387,000,000","368,000,000","384,000,000","390,000,000","400,000,000","394,100,000","385,500,000","395,800,000","413,500,000","383,100,000","379,700,000","369,000,000","348,200,000","359,700,000","398,400,000","389,700,000","372,700,000","397,500,000","469,200,000","411,100,000","377,000,000","428,900,000","222,300,000","216,000,000","211,800,000","239,959,000","82,213,000","89,218,000","83,410,000","104,861,000","85,454,000","92,303,000","79,565,000","84,050,000","76,684,000","72,430,000","70,458,000","102,706,000","64,321,000","67,630,000","66,211,000","107,100,000","70,910,000","69,393,000","76,549,000","169,677,000","78,424,000","84,158,000","84,292,000","83,110,000","105,004,000","72,751,000","68,223,000","80,078,000","71,100,000","58,871,000","51,684,000","70,189,000","46,923,000","40,946,000","40,580,000","41,038,000","37,801,000","42,233,000","39,680,000","36,501,000","28,607,000","29,216,000","29,509,000","28,180,000","23,878,000","25,422,000","24,766,000","29,138,000","26,944,000","27,589,000","28,233,000","27,621,000","11,970,000","11,396,000","12,500,000","13,100,000","12,000,000","11,700,000","12,500,000","14,400,000","13,800,000","12,900,000","14,900,000","16,200,000","14,900,000","17,800,000","17,200,000","18,400,000","19,700,000","18,000,000","17,600,000","19,400,000","25,200,000","18,700,000","15,400,000","25,900,000","10,800,000","9,400,000","7,900,000","8,100,000","5,000,000","4,400,000","3,200,000","4,000,000","2,200,000","2,900,000","2,700,000","-2,200,000","6,200,000","6,200,000","6,300,000","6,600,000","5,800,000","5,600,000","3,500,000",,,,,,,,,,,,,,,,,
	SellingGeneralAndAdministration,"695,000,000","175,000,000","177,000,000","164,000,000","205,000,000","186,000,000","188,000,000","164,000,000","151,000,000","198,000,000","172,000,000","175,000,000","174,000,000","186,000,000","181,700,000","169,700,000","173,900,000","171,600,000","167,700,000","158,800,000","145,900,000","140,700,000","137,000,000","152,800,000","144,900,000","142,300,000","144,100,000","136,800,000","140,900,000","145,900,000","225,100,000","95,600,000","95,200,000","91,800,000","122,611,000","46,994,000","46,154,000","50,641,000","40,336,000","46,213,000","47,171,000","49,047,000","53,349,000","48,690,000","43,426,000","39,554,000","42,957,000","37,037,000","40,552,000","38,556,000","48,769,000","38,861,000","39,132,000","45,406,000","57,133,000","41,937,000","49,050,000","49,788,000","45,344,000","43,738,000","40,495,000","39,145,000","53,313,000","34,676,000","35,346,000","32,392,000","46,902,000","31,489,000","25,725,000","27,728,000","27,654,000","23,273,000","28,427,000","25,920,000","23,622,000","18,741,000","19,369,000","18,461,000","18,207,000","14,812,000","15,753,000","14,360,000","14,883,000","13,166,000","14,021,000","14,625,000","15,755,000","6,662,000","6,254,000","7,000,000","7,300,000","6,600,000","6,400,000","6,800,000","7,000,000","6,300,000","5,700,000","7,500,000","7,800,000","6,500,000","7,700,000","7,500,000","7,700,000","8,600,000","8,400,000","8,200,000","9,300,000","16,300,000","9,900,000","7,700,000","14,300,000","5,800,000","4,700,000","4,200,000","4,400,000","2,100,000","1,800,000","1,400,000","2,100,000","400,000","1,200,000","1,100,000","-1,100,000","2,300,000","2,300,000","2,700,000","2,400,000","2,100,000","2,500,000","1,300,000",,,,,,,,,,,,,,,,,
	ResearchAndDevelopment,"198,000,000","53,000,000","50,000,000","47,000,000","54,000,000","52,000,000","43,000,000","41,000,000","31,000,000","51,000,000","46,000,000","47,000,000","46,000,000","49,000,000","49,800,000","49,500,000","49,200,000","53,800,000","45,800,000","47,800,000","48,100,000","42,400,000","49,400,000","53,900,000","51,700,000","49,800,000","43,100,000","45,900,000","48,000,000","46,900,000","40,000,000","26,300,000","24,800,000","25,900,000","21,300,000",,,,,,,,,,,,,,,,,,,,,,,,,,,,,,,,,,,,,,,,,,,,,,,,,,,,,,,,,,,,,,,,,,,,,,,,,,,,,,,,,,,,,,,,,,,,,,,,,,,,,,,,,,,,,,,,
	DepreciationAmortizationDepletionIncomeStatement,"409,000,000","108,000,000","109,000,000","96,000,000","123,000,000","123,000,000","140,000,000","136,000,000","140,000,000","138,000,000","150,000,000","162,000,000","170,000,000","165,000,000","162,600,000","166,300,000","172,700,000","188,100,000","169,600,000","173,100,000","175,000,000","165,100,000","173,300,000","191,700,000","193,100,000","180,600,000","210,300,000","286,500,000","222,200,000","184,200,000","163,800,000","100,400,000","96,000,000","94,100,000","91,348,000","35,219,000","43,064,000","32,769,000","64,525,000","39,241,000","39,086,000","30,518,000","30,701,000","27,994,000","29,004,000","30,904,000","59,749,000","27,284,000","27,078,000","27,655,000","58,331,000","32,049,000","30,261,000","31,143,000","112,544,000","36,487,000","35,108,000","34,504,000","37,766,000","61,266,000","32,256,000","29,078,000","26,765,000","36,424,000","23,525,000","19,292,000","18,070,000","17,130,000","17,119,000","14,475,000","15,599,000","15,081,000","15,403,000","15,194,000","14,255,000","11,191,000","11,191,000","11,048,000","11,247,000","10,299,000","10,883,000","10,406,000","14,255,000","13,778,000","13,568,000","13,608,000","11,866,000","5,308,000","5,142,000","5,500,000","5,800,000","5,400,000","5,300,000","5,700,000","7,400,000","7,500,000","7,200,000","7,400,000","8,400,000","8,400,000","10,100,000","9,700,000","10,700,000","11,100,000","9,600,000","9,400,000","10,100,000","8,900,000","8,800,000","7,700,000","11,600,000","5,000,000","4,700,000","3,700,000","3,700,000","2,900,000","2,600,000","1,800,000","1,900,000","1,800,000","1,700,000","1,600,000","-1,100,000","3,900,000","3,900,000","3,600,000","4,200,000","3,700,000","3,100,000","2,200,000",,,,,,,,,,,,,,,,,
		DepreciationAndAmortizationInIncomeStatement,"409,000,000","108,000,000","109,000,000","96,000,000","123,000,000","123,000,000","140,000,000","136,000,000","140,000,000","138,000,000","150,000,000","162,000,000","170,000,000","165,000,000","162,600,000",,,,,,,,,,,,,,,,,,,,,,,,,"39,241,000","39,086,000","30,518,000","30,701,000","27,994,000","29,004,000","30,904,000","59,749,000","27,284,000","27,078,000","27,655,000","58,331,000","32,049,000","30,261,000","31,143,000","112,544,000","36,487,000","35,108,000","34,504,000","37,766,000","61,266,000","32,256,000","29,078,000","26,765,000","36,424,000","23,525,000","19,292,000","18,070,000","17,130,000","17,119,000","14,475,000","15,599,000","15,081,000","15,403,000","15,194,000","14,255,000","11,191,000","11,191,000","11,048,000","11,247,000","10,299,000","10,883,000","10,406,000","14,255,000","13,778,000","13,568,000","13,608,000","11,866,000","5,308,000","5,142,000","5,500,000","5,800,000","5,400,000","5,300,000","5,700,000","7,400,000","7,500,000","7,200,000","7,400,000","8,400,000","8,400,000","10,100,000","9,700,000","10,700,000","11,100,000","9,600,000","9,400,000","10,100,000","8,900,000","8,800,000","7,700,000","11,600,000","5,000,000","4,700,000","3,700,000","3,700,000","2,900,000","2,600,000","1,800,000","1,900,000","1,800,000","1,700,000","1,600,000","-1,100,000","3,900,000","3,900,000","3,600,000","4,200,000","3,700,000","3,100,000","2,200,000",,,,,,,,,,,,,,,,,
			DepreciationIncomeStatement,,,,,,,,,,,,,,,,,,,,,,,,,,,,,,,,,,,,,,,,,,,,,,,,,,,,,,,,,,,,,,,,,,,"16,280,000","15,434,000","15,221,000","12,852,000","13,384,000","14,528,000","13,806,000","13,760,000","12,879,000","9,866,000","9,847,000","9,781,000","9,973,000","9,066,000","9,669,000",,,,,,,,,,,,,,,,,,,,,,,,,,,,,,,,,,,,,,,,,,,,,,,,,,,,,,,,,,,,,,,,,,
			Amortization,,,,,,,,,,,,,,,,,,,,,,,,,,,,,,,,,,,,,,,,,,,,,,,,,,,,,,,,,,,,,,,,,,,"1,790,000","1,696,000","1,898,000","1,623,000","2,215,000","553,000","1,597,000","1,434,000","1,376,000","1,325,000","1,344,000","1,267,000","1,274,000","1,233,000","1,214,000",,,,,,,,,,,,,,,,,,,,,,,,,,,,,,,,,,,,,,,,,,,,,,,,,,,,,,,,,,,,,,,,,,
				AmortizationOfIntangiblesIncomeStatement,,,,,,,,,,,,,,,,,,,,,,,,,,,,,,,,,,,,,,,,,,,,,,,,,,,,,,,,,,,,,,,,,,,"1,790,000","1,696,000","1,898,000","1,623,000","2,215,000","553,000","1,597,000","1,434,000","1,376,000","1,325,000","1,344,000","1,267,000","1,274,000","1,233,000","1,214,000",,,,,,,,,,,,,,,,,,,,,,,,,,,,,,,,,,,,,,,,,,,,,,,,,,,,,,,,,,,,,,,,,,
	OtherOperatingExpenses,,,,,,,,,,,,,,,,,,,,,,,,,,,,,,,,,,,,,,,,,"6,046,000",,,,,,,,,,,,,,,,,,,,,,,,,,,"-1,696,000","-1,898,000","-1,623,000","-2,215,000","-553,000","-1,597,000","-1,434,000","-1,376,000","-1,325,000","-1,344,000",,"-1,274,000","-1,233,000","-1,214,000",,,,,,,,,,,,,,,,,,,,,,,,,,,,,,,,,,,,,,,,,,,,,,,,,,,,,,,,,,,,,,,,,,
OperatingIncome,"328,000,000","76,000,000","75,000,000","79,000,000","195,000,000","102,000,000","71,000,000","68,000,000","-40,000,000","44,000,000","156,000,000","154,000,000","134,000,000","130,000,000","150,200,000","134,200,000","133,000,000","101,600,000","125,000,000","98,400,000","118,400,000","97,200,000","93,000,000","47,300,000","63,300,000","53,000,000","16,100,000","-47,600,000","5,100,000","26,300,000","-138,100,000","-5,900,000","8,500,000","-6,500,000","-45,167,000","25,655,000","12,452,000","11,460,000","5,169,000","13,207,000","9,073,000","22,261,000","19,228,000","21,376,000","28,864,000","14,353,000","-11,045,000","23,902,000","32,405,000","21,503,000","-15,107,000","29,950,000","26,529,000","12,957,000","-82,198,000","38,774,000","39,568,000","25,493,000","26,266,000","4,087,000","40,672,000","34,811,000","20,055,000","25,619,000","42,923,000","36,953,000","16,117,000","32,881,000","43,543,000","38,453,000","37,780,000","39,019,000","37,480,000","39,244,000","34,323,000","28,053,000","27,216,000","23,793,000","20,711,000","22,195,000","21,932,000","19,719,000","10,528,000","13,289,000","15,022,000","11,055,000","-3,771,000","6,282,000","6,861,000","4,600,000","6,000,000","5,700,000","5,000,000","1,900,000","200,000","-600,000","1,000,000","-1,700,000","900,000","-300,000","-1,100,000","-3,300,000","-1,600,000","-3,800,000","-1,900,000","-1,800,000","-2,000,000","-11,500,000","-3,800,000","-2,500,000","-28,800,000","9,200,000","7,000,000","2,800,000","3,500,000","4,900,000","2,500,000","2,300,000","1,900,000","3,100,000","2,000,000","1,200,000","1,500,000","2,100,000","800,000","-800,000","2,500,000","3,100,000","500,000","-200,000","-17,700,000","7,300,000","6,900,000","6,600,000","-12,300,000","4,400,000","6,200,000","5,300,000","-10,700,000","4,500,000","5,000,000","4,100,000","-4,100,000","3,700,000","1,700,000","1,000,000","-4,400,000"
NetNonOperatingInterestIncomeExpense,"-473,000,000","-116,000,000","-118,000,000","-120,000,000","-119,000,000","-121,000,000","-124,000,000","-131,000,000","-124,000,000","-124,000,000","-142,000,000","-146,000,000","-147,000,000","-154,000,000","-148,900,000","-147,400,000","-146,100,000","-154,800,000","-150,200,000","-148,900,000","-151,200,000","-159,400,000","-165,000,000","-165,400,000","-165,300,000","-165,700,000","-167,400,000","-166,800,000","-166,400,000","-164,300,000","-164,300,000","-45,700,000","-49,300,000","-47,900,000","-44,229,000","-25,125,000","-25,138,000","-25,008,000","-24,935,000","-25,990,000","-24,185,000","-24,898,000","-25,542,000","-26,297,000","-26,409,000","-26,455,000","-27,437,000","-24,617,000","-24,845,000","-24,714,000","-24,558,000","-22,736,000","-21,395,000","-18,809,000",,,,,,,,,,,,,,,,,,,,,,,,,,,,,,,,,,,,,,,,,,,,,,,,,,,,,,,,,,,,,,,,,,,,,,,,,,,,,,,,,,,,,,,,,,,,,
	InterestExpenseNonOperating,"473,000,000","116,000,000","118,000,000","120,000,000","119,000,000","121,000,000","124,000,000","131,000,000","124,000,000","124,000,000","142,000,000","146,000,000","147,000,000","154,000,000","148,900,000","147,400,000","146,100,000","154,800,000","150,200,000","148,900,000","151,200,000","159,400,000","165,000,000","165,400,000","165,300,000","165,700,000","167,400,000","166,800,000","166,400,000","164,300,000","164,300,000","45,700,000","49,300,000","47,900,000","44,229,000","25,125,000","25,138,000","25,008,000","24,935,000","25,990,000","24,185,000","24,898,000","25,542,000","26,297,000","26,409,000","26,455,000","27,437,000","24,617,000","24,845,000","24,714,000","24,558,000","22,736,000","21,395,000","18,809,000",,,,,,,,,,,,,,,,,,,,,,,,,,,,,,,,,,,,,,,,,,,,,,,,,,,,,,,,,,,,,,,,,,,,,,,,,,,,,,,,,,,,,,,,,,,,,
OtherIncomeExpense,"-128,000,000","-24,000,000","-49,000,000","-31,000,000","45,000,000","13,000,000","-38,000,000","-43,000,000","-32,000,000","-71,000,000","-49,000,000","7,000,000","-55,000,000","4,000,000","212,800,000","-338,800,000","7,300,000","-142,400,000","-22,300,000","-13,000,000","100,000","-21,900,000","-105,300,000","-500,000","30,700,000","1,200,000","-467,200,000","-545,100,000","-6,200,000","-10,700,000","-23,300,000","-12,800,000","-26,900,000","17,300,000","-40,031,000","3,336,000","3,688,000","4,807,000","-3,613,000","-9,225,000","5,807,000","9,323,000","852,000","2,999,000","10,100,000","10,344,000","6,881,000","11,651,000","1,173,000","9,830,000","-43,528,000","14,757,000","16,305,000","19,303,000","13,136,000","14,174,000","16,182,000","16,809,000","11,513,000","8,467,000","11,054,000","12,268,000","1,353,000","1,712,000","3,383,000","2,219,000","-536,000","470,000","-377,000","-399,000","-22,269,000","313,000","384,000","-608,000","-1,708,000","199,000","-72,000","104,000","-195,000","-670,000","161,000","68,000","72,000","72,000","63,000","-244,000","318,000","67,000","-126,000","100,000","-1,700,000","100,000","-300,000",,"-200,000","100,000","900,000","400,000","-100,000","1,800,000","200,000","-100,000","-900,000",,"100,000","-7,100,000","500,000","-11,600,000","-300,000","100,000",,,,,"100,000","100,000","100,000",,"400,000","100,000","3,000,000",,"-83,800,000",,,,"-100,000","100,000","100,000","100,000",,,,,,,,,,,,,,,,,
	GainOnSaleOfSecurity,,,,,,,,,,,,,,,,,,,,,,,,,,,,,,,,,,,,,,,,"-15,464,000",,,,,,,,,,,,,,,,,,,,,,,,,,,,,,,,,,,,,,,,,,,,,,,,,,,,,,,,,,,,,,,,,,,,,,,,,,,,,,,,,,,,,,,,,,,,,,,,,,,,,,,,,,,
	EarningsFromEquityInterest,,,,,"14,000,000","9,000,000","-3,000,000","2,000,000","-3,000,000","-2,000,000","7,000,000","4,000,000","7,000,000","6,000,000","8,700,000","4,300,000","4,600,000","7,300,000","6,600,000","7,500,000","3,100,000","9,500,000","-5,500,000","7,300,000","8,000,000","3,200,000","7,500,000","3,000,000","3,300,000","3,100,000","200,000","-14,000,000","700,000","20,000,000","-11,512,000","3,381,000","3,495,000","6,136,000","6,611,000","5,702,000","6,915,000","8,845,000","1,922,000","8,895,000","9,224,000","9,350,000","6,616,000","13,031,000","13,631,000","15,812,000","14,462,000","14,180,000","15,480,000","15,098,000","9,958,000","13,356,000","18,397,000","16,859,000","9,629,000","8,344,000","11,401,000","11,878,000","1,445,000","1,722,000","3,157,000","1,576,000",,,,,,,,,,,,,,,,,,,,,,,,,,,,,,,,,,,,,,,,,,,,,,,,,,,,,,,,,,,,,,,,,,,,,,,,,,,,,,,,,
	SpecialIncomeCharges,"-200,000,000","-29,000,000","-71,000,000","-45,000,000","-32,000,000","-21,000,000","-9,000,000","-20,000,000","-16,000,000","-76,000,000","-4,000,000","-11,000,000","-6,000,000","-7,000,000","171,000,000","-338,700,000","-33,500,000","-52,200,000","-27,800,000","-16,200,000","-1,100,000","-38,900,000","-105,300,000","-13,800,000","21,000,000","-2,700,000","-470,500,000","-540,600,000","-5,200,000","-8,200,000","-18,300,000","-1,900,000","-30,800,000","-5,600,000","-28,269,000","0","0","-331,000","-11,409,000","-14,927,000","-1,108,000","478,000","-1,070,000","-5,896,000","876,000","994,000","265,000","-1,380,000","-12,458,000","-5,982,000","-57,990,000","577,000","825,000","4,205,000","3,178,000","818,000","-2,215,000","-50,000","1,884,000","123,000","-347,000","390,000","-92,000","-10,000","226,000","643,000","1,528,000","470,000","-377,000","-399,000","-16,209,000","313,000","384,000","-608,000","-1,708,000","199,000","-72,000","104,000","-195,000","-670,000","161,000","68,000","72,000","72,000","63,000","-244,000","318,000","67,000","-126,000","100,000","-1,700,000","100,000","-300,000",,"-200,000","100,000","900,000","400,000","-100,000","1,800,000","200,000","-100,000","-900,000",,"100,000","-7,100,000","500,000","-11,600,000","-300,000","100,000",,,,,"100,000","100,000","100,000",,"400,000","100,000","3,000,000",,"-83,800,000",,,,"-100,000","100,000","100,000","100,000",,,,,,,,,,,,,,,,,
		RestructuringAndMergernAcquisition,"169,000,000","6,000,000","128,000,000","14,000,000","32,000,000","21,000,000","9,000,000","20,000,000","16,000,000","22,000,000","4,000,000","11,000,000","6,000,000","7,000,000","-171,000,000","338,700,000","33,500,000","52,200,000","27,800,000","7,800,000","1,100,000","9,200,000","36,300,000","13,800,000","4,200,000","2,700,000","2,900,000","5,600,000","5,200,000","8,200,000","18,300,000","1,900,000","4,900,000","5,600,000","22,369,000","0","0","331,000","751,000",,,,,,,,,,,,,,,,,,,,,,,,,,,,,,,,,,,,,,,,,,,,,,,,,,,,,,,,,,,,,,,,,,,,,,,,,,,,,,,,,,,,,,,,,,,,,,,,,,,,,,,,,,,,
		ImpairmentOfCapitalAssets,,,"0","0","0","0","0","0","0","54,000,000",,,,,,,,,"0",,,,"69,000,000",,,,"467,600,000","535,000,000",,,,,,,,,,,,,,,,,,,,,,,,,,,,,,,,,,,,,,,,,,,,,,,,,,,,,,,,,,,,,,,,,,,,,,,,,,,,,,,,,,,,,,,,,,,,,,,,,,,,,,,,,,,,,,,,,,,,,,,
		WriteOff,,,,,,,,,,,,,,,,,,,,,,,,,,,,,,,,,,,,,,,,,,,"0","0","0",,"0","2,155,000","5,874,000",,,,,,,,,,,,,,,,,,,,,,,,,,,,,,,,,,,,,,,,,,,,,,,,,,,,,,,,,,,,,,,,,,,,,,,,,,,,,,,,,,,,,,,,,,,,,,,,,,
		OtherSpecialCharges,,"-7,000,000",,,,,"0","1,000,000","12,000,000","-10,000,000","40,000,000","-19,000,000","60,000,000","-5,000,000","0","4,000,000","-34,500,000","93,200,000","0","8,400,000",,"29,700,000","0",,"-25,200,000",,,,,,"0",,"25,900,000",,"5,900,000",,,,"-93,000","14,927,000",,,"1,070,000","5,896,000","-876,000",,"-265,000","-775,000","6,584,000",,,,,,,,,,,,,,,,,,,,,,,,,,,,,,,,,,,,,,,,,,,,,,,,,,,,,,,,,,,,,,,,,,,,,,,,,,,,,,,,,,,,,,,,,,,,,,,,,,
		GainOnSaleOfBusiness,,"-30,000,000",,"-31,000,000",,,,,,,,,,,,,,,,,,,,,,,,,,,,,,,,,,,,,,,,,,,,,,,,,,,,,,,,,,,,,,,,,,,,,,,,,,,,,,,,,,,,,,,,,,,,,,,,,,,,,,,,,,,,,,,,,,,,,,,,,,,,,,,,,,,,,,,,,,,,,,,
	OtherNonOperatingIncomeExpenses,"72,000,000","5,000,000","22,000,000","14,000,000","63,000,000","25,000,000","-26,000,000","-25,000,000","-13,000,000","7,000,000","-52,000,000","14,000,000","-56,000,000","5,000,000","33,100,000","-4,400,000","36,200,000","-97,500,000","-1,100,000","-4,300,000","-1,900,000","7,500,000","5,500,000","6,000,000","1,700,000","700,000","-4,200,000","-7,500,000","-4,300,000","-5,600,000","-5,200,000","3,100,000","3,200,000","2,900,000","-250,000","-45,000","193,000","-998,000","1,278,000",,,,,,,,,,,,,,,,,,,,,,,,,,,,,,,,,,,,,,,,,,,,,,,,,,,,,,,,,,,,,,,,,,,,,,,,,,,,,,,,,,,,,,,,,,,,,,,,,,,,,,,,,,,,
PretaxIncome,"-273,000,000","-64,000,000","-92,000,000","-72,000,000","121,000,000","-6,000,000","-91,000,000","-106,000,000","-196,000,000","-151,000,000","-35,000,000","15,000,000","-68,000,000","-20,000,000","214,100,000","-352,000,000","-5,800,000","-195,600,000","-47,500,000","-63,500,000","-32,700,000","-84,100,000","-177,300,000","-118,600,000","-71,300,000","-111,500,000","-618,500,000","-759,500,000","-167,500,000","-148,700,000","-325,700,000","-64,400,000","-67,700,000","-37,100,000","-129,427,000","3,866,000","-8,998,000","-8,741,000","-23,379,000","-22,008,000","-9,305,000","6,686,000","-5,462,000","-1,922,000","12,555,000","-1,758,000","-31,601,000","10,936,000","8,733,000","6,619,000","-83,193,000","21,971,000","21,439,000","13,451,000","-88,126,000","35,289,000","41,331,000","28,418,000","22,370,000","-3,421,000","37,452,000","34,187,000","8,486,000","15,177,000","35,191,000","31,970,000","14,611,000","24,516,000","34,456,000","30,021,000","5,233,000","31,087,000","28,460,000","29,812,000","23,417,000","20,756,000","19,628,000","17,665,000","7,195,000","10,509,000","9,318,000","8,336,000","-1,153,000","1,039,000","2,377,000","-2,769,000","-21,834,000","1,936,000","2,549,000","600,000",,"1,800,000","700,000","-2,300,000","-4,300,000","-4,300,000","-1,900,000","-5,100,000","-2,800,000","-2,000,000","-4,600,000","-7,000,000","-6,400,000","-7,500,000","-5,400,000","-12,600,000","-5,100,000","-28,500,000","-8,300,000","-5,200,000","-34,300,000","7,800,000","5,800,000","1,600,000","2,800,000","4,500,000","1,900,000","900,000","1,100,000","1,700,000","3,500,000","-300,000","-83,600,000","-300,000","-1,700,000","-3,500,000","-600,000","300,000","-1,500,000","-1,700,000",,,,,,,,,,,,,,,,,
TaxProvision,"-318,000,000","3,000,000","-154,000,000","-172,000,000","8,000,000","3,000,000","-7,000,000","5,000,000","2,000,000","4,000,000","2,000,000","-3,000,000","7,000,000","4,000,000","7,300,000","-400,000",,"6,200,000","-4,400,000","-4,200,000","6,400,000","16,700,000","-66,500,000","-19,700,000","-19,600,000","-19,200,000","-91,000,000","-81,300,000","-65,300,000","-62,300,000","-278,600,000","5,400,000","4,700,000","7,900,000","-128,863,000","4,232,000","3,385,000","3,546,000","1,345,000","5,125,000","3,284,000","4,867,000","3,071,000","2,202,000","5,536,000","5,174,000","126,848,000","2,232,000","13,076,000","1,732,000","-33,052,000","6,865,000","1,093,000","38,641,000","-22,301,000","9,879,000","12,335,000","8,511,000","5,991,000","-543,000","10,345,000","9,428,000","599,000","3,650,000","10,214,000","9,600,000","4,256,000","5,331,000","9,692,000","9,006,000","881,000","9,626,000","8,952,000","9,391,000","8,398,000","7,519,000","7,058,000","6,344,000","-33,501,000","1,215,000","962,000","1,131,000","456,000","-483,000","437,000","-332,000","1,017,000","275,000","243,000","100,000","100,000","-100,000","100,000","100,000","-100,000","100,000","200,000","100,000","700,000","-300,000","100,000","400,000","300,000","300,000","500,000","1,200,000","700,000","700,000","700,000","700,000","-3,300,000","1,200,000","1,000,000","-300,000","-900,000","1,100,000","600,000","300,000","0","300,000","600,000","-100,000","-11,000,000","-100,000","-400,000","-800,000","900,000","200,000","-900,000","-1,000,000",,,,,,,,,,,,,,,,,
NetIncomeCommonStockholders,"412,000,000","26,000,000","95,000,000","182,000,000","109,000,000","-15,000,000","-90,000,000","-117,000,000","-203,000,000","-159,000,000","-43,000,000","14,000,000","-77,000,000","-24,000,000","206,800,000","-351,600,000","-5,800,000","-201,800,000","-43,100,000","-59,300,000","-39,100,000","-100,800,000","-110,800,000","-98,900,000","-51,700,000","-92,300,000","-527,500,000","-678,200,000","-102,200,000","-86,400,000","-47,100,000","-69,800,000","-72,400,000","-45,000,000","-3,621,000","-451,000","-12,975,000","-13,153,000","-24,724,000","-27,133,000","-12,589,000","1,819,000","-8,533,000","-4,124,000","7,019,000","-6,932,000","-158,449,000","8,704,000","-4,343,000","4,887,000","-50,141,000","15,106,000","20,346,000","-25,190,000","-65,825,000","25,410,000","28,996,000","19,907,000","16,379,000","-2,878,000","27,107,000","24,759,000","7,887,000","11,527,000","24,977,000","22,370,000","10,355,000","19,185,000","24,764,000","21,015,000","4,352,000","20,704,000","17,526,000","18,439,000","13,042,000","11,295,000","10,675,000","9,474,000","40,117,000","-7,458,000","6,505,000","5,402,000","-3,427,000","-268,000","196,000","-4,136,000","-11,298,000","1,661,000","2,306,000","500,000",,"1,900,000","600,000","-2,400,000","-4,200,000","-4,400,000","-2,100,000","-5,200,000","-3,500,000","-2,100,000","-4,700,000","-7,400,000","-6,700,000","-7,800,000","-5,900,000","-13,800,000","-5,800,000","-29,200,000","-9,000,000","-5,900,000","-32,700,000","6,600,000","2,300,000","1,900,000","3,700,000","3,400,000","1,300,000","600,000","1,100,000","1,400,000","2,900,000","-400,000","-72,700,000","-200,000","-1,300,000","-2,700,000","-1,700,000","100,000","-600,000","-700,000",,,,,,,,,,,,,,,,,
	NetIncome,"412,000,000","26,000,000","95,000,000","182,000,000","109,000,000","-15,000,000","-90,000,000","-117,000,000","-203,000,000","-159,000,000","-43,000,000","14,000,000","-77,000,000","-24,000,000","206,800,000","-351,600,000","-5,800,000","-201,800,000","-43,100,000","-59,300,000","-39,100,000","-100,800,000","-110,800,000","-98,900,000","-51,700,000","-92,300,000","-527,500,000","-678,200,000","-102,200,000","-86,400,000","-47,100,000","-69,800,000","-72,400,000","-45,000,000","-3,621,000","-451,000","-12,975,000","-13,153,000","-24,724,000","-27,133,000","-12,589,000","1,819,000","-8,533,000","-4,124,000","7,019,000","-6,932,000","-158,449,000","8,704,000","-4,343,000","4,887,000","-50,141,000","15,106,000","20,346,000","-25,190,000","-65,825,000","25,410,000","28,996,000","19,907,000","16,379,000","-2,878,000","27,107,000","24,759,000","7,887,000","11,527,000","24,977,000","22,370,000","10,355,000","19,185,000","24,764,000","21,015,000","4,352,000","21,461,000","19,508,000","20,421,000","15,019,000","13,237,000","12,570,000","11,321,000","42,048,000","-5,559,000","8,356,000","7,205,000","-1,609,000","1,522,000","1,940,000","-2,437,000","-10,284,000","1,661,000","2,306,000","500,000",,"1,900,000","600,000","-2,400,000","-4,200,000","-4,400,000","-2,100,000","-5,200,000","-3,500,000","-2,100,000","-4,700,000","-7,400,000","-6,700,000","-7,800,000","-5,900,000","-13,800,000","-5,800,000","-29,200,000","-9,000,000","-5,900,000","-32,700,000","6,600,000","2,300,000","1,900,000","3,700,000","3,400,000","1,300,000","600,000","1,100,000","1,400,000","2,900,000","-200,000","-72,600,000","-200,000","-1,300,000","-2,700,000","-1,500,000","100,000","-600,000","-700,000",,,,,,,,,,,,,,,,,
		NetIncomeIncludingNoncontrollingInterests,"427,000,000","28,000,000","99,000,000","187,000,000","113,000,000","-9,000,000","-84,000,000","-111,000,000","-198,000,000","-155,000,000","-37,000,000","18,000,000","-75,000,000","-24,000,000","206,800,000","-351,600,000","-5,800,000","-201,800,000","-43,100,000","-59,300,000","-39,100,000","-100,800,000","-110,800,000","-98,900,000","-51,700,000","-92,300,000","-527,500,000","-678,200,000","-102,200,000","-86,400,000","-47,100,000","-69,800,000","-72,400,000","-45,000,000","-3,621,000","-451,000","-12,975,000","-13,153,000","-24,724,000","-27,133,000","-12,589,000","1,819,000","-8,533,000","-4,124,000","7,019,000","-6,932,000","-158,449,000","8,704,000","-4,343,000","4,887,000","-50,141,000","15,106,000","20,346,000","-25,190,000","-65,825,000","25,410,000","28,996,000","19,907,000","16,379,000","-2,878,000","27,107,000","24,759,000","7,887,000","11,527,000","24,977,000","22,370,000","10,355,000","19,185,000","24,764,000","21,015,000","4,352,000","21,461,000","19,508,000","20,421,000","15,019,000","13,237,000","12,570,000","11,321,000","42,048,000","-5,559,000","8,356,000","7,205,000","-1,609,000","1,522,000","1,940,000","-2,437,000","-10,284,000","1,661,000","2,306,000","500,000",,"1,900,000","600,000","-2,400,000","-4,200,000","-4,400,000","-2,100,000","-5,200,000","-3,500,000","-2,100,000","-4,700,000","-7,400,000","-6,700,000","-7,800,000","-5,900,000","-13,800,000","-5,800,000","-29,200,000","-9,000,000","-5,900,000","-32,700,000","6,600,000","2,300,000","1,900,000","3,700,000","3,400,000","1,300,000","600,000","1,100,000","1,400,000","2,900,000","-200,000","-72,600,000","-200,000","-1,300,000","-2,700,000","-1,500,000","100,000","-600,000","-700,000","1,400,000","900,000","-300,000","-200,000","900,000","600,000","100,000",,"500,000","800,000","100,000",,"500,000","700,000","100,000","-200,000","400,000"
			NetIncomeContinuousOperations,"45,000,000","-67,000,000","62,000,000","100,000,000","113,000,000","-9,000,000","-84,000,000","-111,000,000","-198,000,000","-155,000,000","-37,000,000","18,000,000","-75,000,000","-24,000,000","206,800,000","-351,600,000","-5,800,000","-201,800,000","-43,100,000","-59,300,000","-39,100,000","-100,800,000","-110,800,000","-98,900,000","-51,700,000","-92,300,000","-527,500,000","-678,200,000","-102,200,000","-86,400,000","-47,100,000","-69,800,000","-72,400,000","-45,000,000","-564,000","-366,000","-12,383,000","-12,287,000","-24,724,000","-27,133,000","-12,589,000","1,819,000","-8,533,000","-4,124,000","7,019,000","-6,932,000","-158,449,000","8,704,000","-4,343,000","4,887,000","-50,141,000","15,106,000","20,346,000","-25,190,000","-65,825,000","25,410,000","28,996,000","19,907,000","16,379,000","-2,878,000","27,107,000","24,759,000","7,887,000","11,527,000","24,977,000","22,370,000","10,355,000","19,185,000","24,764,000","21,015,000","4,352,000","21,461,000","19,508,000","20,421,000","15,019,000","13,237,000","12,570,000","11,321,000","40,696,000","9,294,000","8,356,000","7,205,000","-1,609,000","1,522,000","1,940,000","-2,437,000","-22,851,000","1,661,000","2,306,000","500,000",,"1,900,000","600,000","-2,400,000","-4,200,000","-4,400,000","-2,100,000","-5,200,000","-3,500,000","-1,700,000","-4,700,000","-7,400,000","-6,700,000","-7,800,000","-5,900,000","-13,800,000","-5,800,000","-29,200,000","-9,000,000","-5,900,000","-31,000,000","6,600,000","4,800,000","1,900,000","3,700,000","3,400,000","1,300,000","600,000","1,100,000","1,400,000","2,900,000","-200,000","-72,600,000","-200,000","-1,300,000","-2,700,000","-1,500,000","100,000","-600,000","-700,000","1,400,000","900,000","-300,000","-200,000","900,000","600,000","100,000",,"500,000","800,000","100,000",,"500,000","700,000","100,000","-200,000","400,000"
			NetIncomeDiscontinuousOperations,"382,000,000","95,000,000","37,000,000","87,000,000",,,,,,,,,,,,,,,,,,,,,,,,,,,"0","0","0","0","-3,057,000","-85,000","-592,000","-866,000",,,,,,,,,,,,,,,,,,,,,,,,,,,,,,,,,,,,,,,,,,,,,,,,,,,,,,,,,,,,,,,,,,,,,,,,,,,,,,,,,,,,,,,,,,,,,,,,,,,,,,,,,,,,,
			NetIncomeFromTaxLossCarryforward,,,,,,,,,,,,,,,,,,,,,,,,,,,,,,,,,,,,,,,,,,,,,,,,,,,,,,,,,,,,,,,,,,,,,,,,,,,,,,,"1,352,000","-14,853,000",,,,,,,,,,,,,,,,,,,"0","-400,000",,,,,,,,,,,"-1,700,000",,"-2,500,000",,,,,,,,,,,,,,,,,,,,,,,,,,,,,,,,,,
		MinorityInterests,"-15,000,000","-2,000,000","-4,000,000","-5,000,000","-4,000,000","-6,000,000","-6,000,000","-6,000,000","-5,000,000","-4,000,000","-6,000,000","-4,000,000","-2,000,000",,,,,,,,,,,,,,,,,,,,,,,,,,,,,,,,,,,,,,,,,,,,,,,,,,,,,,,,,,,,,,,,,,,,,,,,,,,,,,,,,,,,,,,,,,,,,,,,,,,,,,,,,,,,,,,,,,,,,,,,,,,,,,,,,,,,,,
	PreferredStockDividends,,,,,,,,,,,,,,,,,,,,,,,,,,,,,,,,,,,,,,,,,,,,,,,,,,,,,,,,,,,,,,,,,,,,,,,"0","757,000","1,982,000","1,982,000","1,977,000","1,942,000","1,895,000","1,847,000","1,931,000","1,899,000","1,851,000","1,803,000","1,818,000","1,790,000","1,744,000","1,699,000",,,,,,,,,,,,,,,,,,,,,,,,,,,,,,,,,"0",,,"200,000","100,000",,,,,,,,,,,,,,,,,,,,,,,,
DilutedNIAvailtoComStockholders,"412,000,000","26,000,000","95,000,000","182,000,000","109,000,000","-15,000,000","-90,000,000","-117,000,000","-203,000,000","-159,000,000","-43,000,000","14,000,000","-77,000,000","-24,000,000","206,800,000","-351,600,000","-5,800,000","-201,800,000","-43,100,000","-59,300,000","-39,100,000","-100,800,000","-110,800,000","-98,900,000","-51,700,000","-92,300,000","-527,500,000","-678,200,000","-102,200,000","-86,400,000","-47,100,000","-69,800,000","-72,400,000","-45,000,000","-3,621,000","-451,000","-12,975,000","-13,153,000","-24,724,000","-27,133,000","-12,589,000","1,819,000","-8,533,000","-4,124,000","7,019,000","-6,932,000","-158,449,000","8,704,000","-4,343,000","4,887,000","-50,141,000","15,106,000","20,346,000","-25,190,000","-65,825,000","25,410,000","28,996,000","19,907,000","16,379,000","-2,878,000","27,107,000","24,759,000","7,887,000","11,527,000","24,977,000","22,370,000","10,355,000","19,185,000","24,764,000","21,015,000","4,352,000","20,704,000","17,526,000","18,439,000","13,042,000","11,295,000","10,675,000","9,474,000","40,117,000","-7,458,000","6,505,000","5,402,000","-3,427,000","-268,000","196,000","-4,136,000","-11,298,000","1,661,000","2,306,000","500,000",,"1,900,000","600,000","-2,400,000","-4,200,000","-4,400,000","-2,100,000","-5,200,000","-3,500,000","-2,100,000","-4,700,000","-7,400,000","-6,700,000","-7,800,000","-5,900,000","-13,800,000","-5,800,000","-29,200,000","-9,000,000","-5,900,000","-32,700,000","6,600,000","2,300,000","1,900,000","3,700,000","3,400,000","1,300,000","600,000","1,100,000","1,400,000","2,900,000","-400,000","-72,700,000","-200,000","-1,300,000","-2,700,000","-1,700,000","100,000","-600,000","-700,000",,,,,,,,,,,,,,,,,
BasicEPS,,"0.26","0.98","1.89","1.13","-0.16","-0.95","-1.23","-2.15","-1.69","-0.46","0.15","-0.83","-0.26","2.25","-3.85","-0.06","-2.24","-0.48","-0.66","-0.44","-1.14","-1.26","-1.13","-0.59","-1.07","-1.48","-7.88","-1.19","-1.01","-0.55","-0.82","-0.86","-0.53","-0.04","-0.01","-0.15","-0.16","-0.29","-0.3","-0.14","0.02",,"-0.04","0.08","-0.08",,"0.07","-0.05","0.05",,"0.16","0.22","-0.27",,"0.27","0.31","0.21",,"-0.03","0.29","0.27",,"0.13","0.27","0.25",,"0.21","0.28","0.24",,"0.26","0.28","0.3",,"0.19","0.18","0.16",,"-0.13","0.15","0.13",,"0.04","0.05","-0.06",,"0.05","0.06","0.01",,"0.05","0.02","-0.07",,"-0.12","-0.06","-0.15",,"-0.06","-0.14","-0.23",,"-0.25","-0.19","-0.45",,"-1.01","-0.31","-0.21",,"0.2","0.07","0.06",,"0.11","0.06","0.03",,"0.09","0.19","-0.02",,"-0.02","-0.08","-0.16",,"0.01","-0.04","-0.05",,"0.1","-0.05","-0.02",,"0.09","0.02","0.01",,"0.11","0.01",,,"0.11","0.01","-0.03",
DilutedEPS,,"0.26","0.95","1.84","1.1","-0.16","-0.95","-1.23","-2.15","-1.69","-0.46","0.15","-0.83","-0.26","2.21","-3.85","-0.06","-2.24","-0.48","-0.66","-0.44","-1.14","-1.26","-1.13","-0.59","-1.07","-1.48","-7.88","-1.19","-1.01","-0.55","-0.82","-0.86","-0.53","-0.04","-0.01","-0.15","-0.16","-0.29","-0.3","-0.14","0.02",,"-0.04","0.08","-0.08",,"0.07","-0.05","0.05",,"0.16","0.22","-0.27",,"0.27","0.31","0.21",,"-0.03","0.28","0.26",,"0.12","0.26","0.24",,"0.21","0.27","0.23",,"0.24","0.21","0.22",,"0.15","0.14","0.13",,"-0.13","0.12","0.1",,"0.03","0.04","-0.103",,"0.04","0.06","0.01",,"0.05","0.02","-0.07",,"-0.12","-0.06","-0.15",,"-0.06","-0.14","-0.23",,"-0.25","-0.19","-0.45",,"-1.01","-0.31","-0.21",,"0.2","0.07","0.06",,"0.11","0.06","0.03",,"0.09","0.19","-0.02",,"-0.02","-0.08","-0.16",,"0.01","-0.04","-0.05",,"0.1","-0.05","-0.02",,"0.09","0.02","0.01",,"0.11","0.01",,,"0.11","0.01","-0.03",
BasicAverageShares,,"97,000,000","97,000,000","96,000,000","96,000,000","95,000,000","95,000,000","95,000,000","95,000,000","94,000,000","93,000,000","93,000,000","93,000,000","92,000,000","91,800,000","91,400,000","91,000,000","90,100,000","89,700,000","89,600,000","89,100,000","88,200,000","87,700,000","87,500,000","87,300,000","86,600,000","86,300,000","86,100,000","85,900,000","85,300,000","84,900,000","84,700,000","84,400,000","84,300,000","85,200,000","85,128,000","85,016,000","84,607,000","84,902,000","89,950,000","92,767,000","92,484,000",,"92,125,000","92,069,000","91,886,000",,"91,844,000","93,552,000","93,993,000",,"92,727,000","92,463,000","92,539,000",,"92,841,000","92,645,000","93,314,000",,"92,737,000","92,581,000","91,993,000",,"91,346,000","91,202,000","90,166,000",,"89,689,000","89,207,000","88,616,000",,"78,661,000","63,153,000","61,942,000",,"60,123,000","59,868,000","59,450,000",,"40,383,000","43,048,000","42,067,000",,"40,383,000","40,209,000","40,163,000",,"36,886,000","36,622,000","36,388,000",,"38,000,000","30,000,000","34,285,714",,"36,666,667","35,000,000","34,666,667",,"35,000,000","33,571,429","32,173,913",,"31,200,000","31,052,632","30,666,667",,"28,910,891","29,032,258","28,095,238",,"33,000,000","32,857,143","31,666,667",,"30,909,091","21,666,667","20,000,000",,"15,555,556","15,263,158","20,000,000",,"10,000,000","16,250,000","16,875,000",,"10,000,000","15,000,000","14,000,000",,,,,,,,,,,,,,,,,
DilutedAverageShares,,"97,000,000","100,000,000","99,000,000","99,000,000","95,000,000","95,000,000","95,000,000","95,000,000","94,000,000","93,000,000","94,000,000","93,000,000","92,000,000","93,400,000","91,400,000","91,000,000","90,100,000","89,700,000","89,600,000","89,100,000","88,200,000","87,700,000","87,500,000","87,300,000","86,600,000","86,300,000","86,100,000","85,900,000","85,300,000","84,900,000","84,700,000","84,400,000","84,300,000","85,200,000","85,128,000","85,016,000","84,607,000","84,902,000","89,950,000","92,767,000","94,224,000",,"92,125,000","92,565,000","91,886,000",,"92,240,000","93,552,000","94,662,000",,"94,028,000","93,959,000","92,539,000",,"94,626,000","94,420,000","94,718,000",,"92,737,000","96,280,000","95,288,000",,"94,433,000","95,989,000","93,172,000",,"92,890,000","92,142,000","91,968,000",,"90,777,000","90,757,000","91,825,000",,"89,196,000","89,228,000","87,932,000",,"71,639,000","71,983,000","71,725,000",,"46,067,000","44,441,000","40,163,000",,"41,430,000","41,878,000","40,352,000",,"38,000,000","30,000,000","34,285,714",,"36,666,667","35,000,000","34,666,667",,"35,000,000","33,571,429","32,173,913",,"31,200,000","31,052,632","30,666,667",,"28,910,891","29,032,258","28,095,238",,"33,000,000","32,857,143","31,666,667",,"30,909,091","21,666,667","20,000,000",,"15,555,556","15,263,158","20,000,000",,"10,000,000","16,250,000","16,875,000",,"10,000,000","15,000,000","14,000,000",,,,,,,,,,,,,,,,,
TotalOperatingIncomeAsReported,"146,000,000","40,000,000","4,000,000","34,000,000","163,000,000","81,000,000","62,000,000","48,000,000","-56,000,000","-32,000,000","152,000,000","143,000,000","128,000,000","123,000,000","321,200,000","-204,500,000","99,500,000","49,400,000","97,200,000","90,600,000","117,300,000","88,000,000","-12,300,000","33,500,000","59,100,000","50,300,000","-454,400,000","-588,200,000","-100,000","18,100,000","-156,400,000","-7,800,000","3,600,000","-12,100,000","-67,536,000","25,655,000","12,452,000","11,129,000","-6,333,000",,,,,,,,,,,,,,,,,,,,,,,,,,,,,,,,,,,,,,,,,,,,,,,,,,,,,,,,,,,,,,,,,,,,,,,,,,,,,,,,,,,,,,,,,,,,,,,,,,,,,,,,,,,,
TotalExpenses,"1,944,000,000","496,000,000","506,000,000","460,000,000","685,000,000","627,000,000","691,000,000","630,000,000","579,000,000","681,000,000","707,000,000","701,000,000","711,000,000","707,000,000","735,500,000","686,800,000","711,700,000","710,200,000","698,000,000","670,500,000","647,900,000","628,200,000","659,200,000","672,700,000","665,900,000","629,000,000","720,900,000","719,200,000","686,400,000","632,400,000","703,900,000","421,500,000","408,400,000","394,600,000","447,028,000","208,752,000","222,592,000","208,128,000","244,074,000","214,270,000","220,234,000","212,314,000","219,851,000","201,363,000","191,384,000","182,303,000","223,111,000","197,159,000","200,628,000","194,836,000","247,992,000","209,196,000","198,499,000","217,733,000","346,116,000","253,161,000","266,401,000","231,514,000","241,695,000","262,813,000","228,905,000","207,455,000","212,019,000","191,771,000","196,714,000","171,176,000","186,762,000","163,943,000","153,881,000","146,103,000","144,829,000","140,290,000","140,632,000","146,221,000","142,458,000","104,010,000","101,633,000","99,544,000","98,151,000","92,957,000","92,335,000","87,253,000","97,829,000","93,914,000","97,551,000","101,053,000","86,514,000","43,697,000","44,200,000","45,000,000","53,200,000","47,500,000","48,100,000","43,800,000","49,700,000","39,400,000","35,200,000","36,100,000","43,100,000","36,100,000","43,000,000","38,800,000","46,900,000","45,600,000","47,600,000","45,100,000","48,200,000","50,200,000","40,900,000","33,600,000","68,700,000","32,600,000","30,800,000","24,200,000","27,300,000","16,500,000","12,900,000","9,700,000","11,100,000","7,300,000","8,200,000","8,000,000","-11,500,000","17,800,000","17,000,000","16,600,000","18,900,000","16,600,000","16,700,000","11,000,000",,,,,,,,,,,,,,,,,
NetIncomeFromContinuingAndDiscontinuedOperation,"412,000,000","26,000,000","95,000,000","182,000,000","109,000,000","-15,000,000","-90,000,000","-117,000,000","-203,000,000","-159,000,000","-43,000,000","14,000,000","-77,000,000","-24,000,000","206,800,000","-351,600,000","-5,800,000","-201,800,000","-43,100,000","-59,300,000","-39,100,000","-100,800,000","-110,800,000","-98,900,000","-51,700,000","-92,300,000","-527,500,000","-678,200,000","-102,200,000","-86,400,000","-47,100,000","-69,800,000","-72,400,000","-45,000,000","-3,621,000","-451,000","-12,975,000","-13,153,000","-24,724,000","-27,133,000","-12,589,000","1,819,000","-8,533,000","-4,124,000","7,019,000","-6,932,000","-158,449,000","8,704,000","-4,343,000","4,887,000","-50,141,000","15,106,000","20,346,000","-25,190,000","-65,825,000","25,410,000","28,996,000","19,907,000","16,379,000","-2,878,000","27,107,000","24,759,000","7,887,000","11,527,000","24,977,000","22,370,000","10,355,000","19,185,000","24,764,000","21,015,000","4,352,000","21,461,000","19,508,000","20,421,000","15,019,000","13,237,000","12,570,000","11,321,000","40,696,000","9,294,000","8,356,000","7,205,000","-1,609,000","1,522,000","1,940,000","-2,437,000","-22,851,000","1,661,000","2,306,000","500,000",,"1,900,000","600,000","-2,400,000","-4,200,000","-4,400,000","-2,100,000","-5,200,000","-3,500,000","-1,700,000","-4,700,000","-7,400,000","-6,700,000","-7,800,000","-5,900,000","-13,800,000","-5,800,000","-29,200,000","-9,000,000","-5,900,000","-31,000,000","6,600,000","4,800,000","1,900,000","3,700,000","3,400,000","1,300,000","600,000","1,100,000","1,400,000","2,900,000","-200,000","-72,600,000","-200,000","-1,300,000","-2,700,000","-1,500,000","100,000","-600,000","-700,000",,,,,,,,,,,,,,,,,
NormalizedIncome,"150,000,000","-51,600,000","109,830,000","127,850,000","138,760,000","330,000","-81,692,307.692","-102,400,000","-191,320,000","-103,520,000","-40,080,000","22,030,000","-72,620,000","-18,890,000","41,630,453.059","-13,238,700","27,700,000","-151,270,400","-17,875,157.895","-44,169,200","-38,214,500","-69,641,100","-44,994,923.858","-87,390,800","-66,925,000","-90,064,400","-126,224,737.268","-194,903,600","-99,028,000","-81,480,000","-35,205,000","-68,053,900","-43,756,000","-40,592,800","17,810,850","-366,000","-12,383,000","-12,071,850","-17,308,150","-17,430,450","-11,868,800","1,508,300","-7,837,500","-291,600","6,449,600","-7,578,100","-158,621,250","9,802,346.745","3,754,700","9,303,684.393","-15,190,023.476","14,709,287.879","19,563,060.031","-27,923,250","-68,198,781.29","24,820,995.494","30,549,945.949","19,942,025.336","14,999,561.645","-2,981,476.761","27,358,151.581","24,476,553.163","7,972,506.01","11,534,595.045","24,816,595.294","21,920,081.013","9,272,087.126","18,817,201.419","25,034,955.073","21,294,303.987","17,832,139.117","21,244,919.548","19,244,785.945","20,837,475.513","16,114,462.783","13,110,089.083","12,616,109.639","11,254,349.335","40,813,000","9,886,537.825","8,211,621.807","7,146,226.008","-1,652,200","1,478,800","1,888,582.247","-2,222,255.327","-23,041,800","1,603,517.045","2,419,988.231","416,666.667",,"1,840,000","857,142.857","-2,400,000","-4,004,651.163","-4,460,000","-2,640,000","-5,440,000","-3,440,000","-3,230,000","-4,820,000","-7,340,000","-6,160,000","-7,800,000","-5,960,000","-9,540,000","-6,100,000","-22,240,000","-8,820,000","-5,960,000","-31,000,000","6,600,000","4,800,000","1,900,000","3,640,000","3,324,444.444","1,231,578.947","600,000","700,000","1,317,647.059","414,285.714","-200,000","173,684.211","-200,000","-1,300,000","-2,700,000","-1,440,000","40,000","-660,000","-760,000",,,,,,,,,,,,,,,,,
InterestExpense,"473,000,000","116,000,000","118,000,000","120,000,000","119,000,000","121,000,000","124,000,000","131,000,000","124,000,000","124,000,000","142,000,000","146,000,000","147,000,000","154,000,000","148,900,000","147,400,000","146,100,000","154,800,000","150,200,000","148,900,000","151,200,000","159,400,000","165,000,000","165,400,000","165,300,000","165,700,000","167,400,000","166,800,000","166,400,000","164,300,000","164,300,000","45,700,000","49,300,000","47,900,000","44,229,000","25,125,000","25,138,000","25,008,000","24,935,000","25,990,000","24,185,000","24,898,000","25,542,000","26,297,000","26,409,000","26,455,000","27,437,000","24,617,000","24,845,000","24,714,000","24,558,000","22,736,000","21,395,000","18,809,000",,,,,,,,,,,,,,,,,,,,,,,,,,,,,,,,,,,,,,,,,,,,,,,,,,,,,,,,,,,,,,,,,,,,,,,,,,,,,,,,,,,,,,,,,,,,,
NetInterestIncome,"-473,000,000","-116,000,000","-118,000,000","-120,000,000","-119,000,000","-121,000,000","-124,000,000","-131,000,000","-124,000,000","-124,000,000","-142,000,000","-146,000,000","-147,000,000","-154,000,000","-148,900,000","-147,400,000","-146,100,000","-154,800,000","-150,200,000","-148,900,000","-151,200,000","-159,400,000","-165,000,000","-165,400,000","-165,300,000","-165,700,000","-167,400,000","-166,800,000","-166,400,000","-164,300,000","-164,300,000","-45,700,000","-49,300,000","-47,900,000","-44,229,000","-25,125,000","-25,138,000","-25,008,000","-24,935,000","-25,990,000","-24,185,000","-24,898,000","-25,542,000","-26,297,000","-26,409,000","-26,455,000","-27,437,000","-24,617,000","-24,845,000","-24,714,000","-24,558,000","-22,736,000","-21,395,000","-18,809,000",,,,,,,,,,,,,,,,,,,,,,,,,,,,,,,,,,,,,,,,,,,,,,,,,,,,,,,,,,,,,,,,,,,,,,,,,,,,,,,,,,,,,,,,,,,,,
EBIT,"200,000,000","52,000,000","26,000,000","48,000,000","240,000,000","115,000,000","33,000,000","25,000,000","-72,000,000","-27,000,000","107,000,000","161,000,000","79,000,000","134,000,000","363,000,000","-204,600,000","140,300,000","-40,800,000","102,700,000","85,400,000","118,500,000","75,300,000","-12,300,000","46,800,000","94,000,000","54,200,000","-451,100,000","-592,700,000","-1,100,000","15,600,000","-161,400,000","-18,700,000","-18,400,000","10,800,000","-85,198,000","28,991,000","16,140,000","16,267,000","1,556,000","3,982,000","14,880,000","31,584,000","20,080,000","24,375,000","38,964,000","24,697,000","-4,164,000","35,553,000","33,578,000","31,333,000","-58,635,000","44,707,000","42,834,000","32,260,000","-21,897,000","38,774,000","39,568,000","25,493,000","26,266,000","4,087,000","40,672,000","34,811,000","20,055,000","25,619,000","42,923,000","36,953,000","16,117,000","32,881,000","43,543,000","38,453,000","37,780,000","39,019,000","37,480,000","39,244,000","34,323,000","28,053,000","27,216,000","23,793,000","20,711,000","22,195,000","21,932,000","19,719,000","10,528,000","13,289,000","15,022,000","11,055,000","-3,771,000","6,282,000","6,861,000","4,600,000","6,000,000","5,700,000","5,000,000","1,900,000","200,000","-600,000","1,000,000","-1,700,000","900,000","-300,000","-1,100,000","-3,300,000","-1,600,000","-3,800,000","-1,900,000","-1,800,000","-2,000,000","-11,500,000","-3,800,000","-2,500,000","-28,800,000","9,200,000","7,000,000","2,800,000","3,500,000","4,900,000","2,500,000","2,300,000","1,900,000","3,100,000","2,000,000","1,200,000","1,500,000","2,100,000","800,000","-800,000","2,500,000","3,100,000","500,000","-200,000","-17,700,000","7,300,000","6,900,000","6,600,000","-12,300,000","4,400,000","6,200,000","5,300,000","-10,700,000","4,500,000","5,000,000","4,100,000","-4,100,000","3,700,000","1,700,000","1,000,000","-4,400,000"
EBITDA,"609,000,000"
ReconciledCostOfRevenue,"642,000,000","160,000,000","170,000,000","153,000,000","303,000,000","266,000,000","320,000,000","289,000,000","257,000,000","294,000,000","339,000,000","317,000,000","321,000,000","307,000,000","341,400,000","301,300,000","315,900,000","296,700,000","314,900,000","290,800,000","278,900,000","280,000,000","299,500,000","274,300,000","276,200,000","256,300,000","323,400,000","250,000,000","275,300,000","255,400,000","275,000,000","199,200,000","192,400,000","182,800,000","207,066,000","126,539,000","133,374,000","124,121,000","139,213,000","128,816,000","127,931,000","132,749,000","135,801,000","124,679,000","118,954,000","111,845,000","120,405,000","132,838,000","132,998,000","128,625,000","140,892,000","138,286,000","129,106,000","141,184,000","176,439,000","174,737,000","182,243,000","147,222,000","158,585,000","157,809,000","156,154,000","139,232,000","131,941,000","120,671,000","137,843,000","119,492,000","116,573,000","117,020,000","112,935,000","105,523,000","103,791,000","102,489,000","98,399,000","106,541,000","105,957,000","75,403,000","72,417,000","70,035,000","69,971,000","69,079,000","66,913,000","62,487,000","68,691,000","66,970,000","69,962,000","72,820,000","58,893,000","31,727,000","32,794,000","32,500,000","40,100,000","35,500,000","36,400,000","31,300,000","35,300,000","25,600,000","22,300,000","21,200,000","26,900,000","21,200,000","25,100,000","21,600,000","28,500,000","25,800,000","29,600,000","27,500,000","28,800,000","25,000,000","22,200,000","18,200,000","42,800,000","21,400,000","21,400,000","16,300,000","19,200,000","11,500,000","8,500,000","6,500,000","7,100,000","5,100,000","5,300,000","5,300,000","-9,300,000","11,600,000","10,800,000","10,300,000","12,300,000","10,700,000","11,100,000","7,500,000",,,,,,,,,,,,,,,,,
ReconciledDepreciation,"409,000,000","108,000,000","109,000,000","96,000,000","123,000,000","123,000,000","140,000,000","136,000,000","140,000,000","138,000,000","150,000,000","162,000,000","170,000,000","165,000,000","162,600,000",,,,,,,,"173,300,000","191,700,000","193,100,000","180,600,000","210,300,000","286,500,000","222,200,000","184,200,000","163,800,000","100,400,000","96,000,000","94,100,000","91,351,000","35,219,000","43,064,000","33,366,000","64,525,000","39,241,000","39,086,000","30,518,000","30,701,000","27,994,000","29,004,000","30,904,000","59,749,000","27,284,000","27,078,000","27,655,000","58,331,000","32,049,000","30,261,000","31,143,000","112,544,000","36,487,000","35,108,000","34,504,000","37,766,000","61,266,000","32,256,000","29,078,000","26,765,000","36,424,000","23,525,000","19,292,000","18,070,000","17,130,000","17,119,000","14,475,000","15,599,000","15,081,000","15,403,000","15,194,000","14,255,000","11,191,000","11,191,000","11,048,000","11,247,000","10,299,000","10,883,000","10,406,000","14,255,000","13,778,000","13,568,000","13,608,000","11,866,000","5,308,000","5,152,000","5,500,000","5,800,000","5,400,000","5,300,000","5,700,000","7,400,000","7,500,000","7,200,000","7,400,000","8,400,000","8,400,000","10,200,000","9,700,000","10,700,000","11,200,000","9,600,000","9,400,000","10,100,000","8,900,000","8,800,000","7,700,000","11,600,000","5,400,000","4,700,000","3,700,000","3,700,000","2,900,000","2,600,000","1,800,000","1,900,000","1,800,000","1,700,000","1,600,000","-1,100,000","3,900,000","3,900,000","3,600,000","4,200,000","3,800,000","3,100,000","2,200,000",,,,,,,,,,,,,,,,,
NetIncomeFromContinuingOperationNetMinorityInterest,"30,000,000","-69,000,000","58,000,000","95,000,000","109,000,000","-15,000,000","-90,000,000","-117,000,000","-203,000,000","-159,000,000","-43,000,000","14,000,000","-77,000,000","-24,000,000","206,800,000","-351,600,000","-5,800,000","-201,800,000","-43,100,000","-59,300,000","-39,100,000","-100,800,000","-110,800,000","-98,900,000","-51,700,000","-92,300,000","-527,500,000","-678,200,000","-102,200,000","-86,400,000","-47,100,000","-69,800,000","-72,400,000","-45,000,000","-564,000","-366,000","-12,383,000","-12,287,000","-24,724,000","-27,133,000","-12,589,000","1,819,000","-8,533,000","-4,124,000","7,019,000","-6,932,000","-158,449,000","8,704,000","-4,343,000","4,887,000","-50,141,000","15,106,000","20,346,000","-25,190,000","-65,825,000","25,410,000","28,996,000","19,907,000","16,379,000","-2,878,000","27,107,000","24,759,000","7,887,000","11,527,000","24,977,000","22,370,000","10,355,000","19,185,000","24,764,000","21,015,000","4,352,000","21,461,000","19,508,000","20,421,000","15,019,000","13,237,000","12,570,000","11,321,000","40,696,000","9,294,000","8,356,000","7,205,000","-1,609,000","1,522,000","1,940,000","-2,437,000","-22,851,000","1,661,000","2,306,000","500,000",,"1,900,000","600,000","-2,400,000","-4,200,000","-4,400,000","-2,100,000","-5,200,000","-3,500,000","-1,700,000","-4,700,000","-7,400,000","-6,700,000","-7,800,000","-5,900,000","-13,800,000","-5,800,000","-29,200,000","-9,000,000","-5,900,000","-31,000,000","6,600,000","4,800,000","1,900,000","3,700,000","3,400,000","1,300,000","600,000","1,100,000","1,400,000","2,900,000","-200,000","-72,600,000","-200,000","-1,300,000","-2,700,000","-1,500,000","100,000","-600,000","-700,000",,,,,,,,,,,,,,,,,
TotalUnusualItemsExcludingGoodwill,"-200,000,000","-29,000,000","-71,000,000","-45,000,000","-32,000,000","-21,000,000","-9,000,000","-20,000,000","-16,000,000","-76,000,000","-4,000,000","-11,000,000","-6,000,000","-7,000,000","171,000,000","-338,700,000","-33,500,000","-52,200,000","-27,800,000","-16,200,000","-1,100,000","-38,900,000","-105,300,000","-13,800,000","21,000,000","-2,700,000","-470,500,000","-540,600,000","-5,200,000","-8,200,000","-18,300,000","-1,900,000","-30,800,000","-5,600,000","-28,269,000","0","0","-331,000","-11,409,000","-14,927,000","-1,108,000","478,000","-1,070,000","-5,896,000","876,000","994,000","265,000","-1,380,000","-12,458,000","-5,982,000","-57,990,000","577,000","825,000","4,205,000","3,178,000","818,000","-2,215,000","-50,000","1,884,000","123,000","-347,000","390,000","-92,000","-10,000","226,000","643,000","1,528,000","470,000","-377,000","-399,000","-16,209,000","313,000","384,000","-608,000","-1,708,000","199,000","-72,000","104,000","-195,000","-670,000","161,000","68,000","72,000","72,000","63,000","-244,000","318,000","67,000","-126,000","100,000",,"100,000","-300,000",,"-200,000","100,000","900,000","400,000","-100,000","1,800,000","200,000","-100,000","-900,000",,"100,000","-7,100,000","500,000","-11,600,000","-300,000","100,000",,,,,"100,000","100,000","100,000",,"400,000","100,000","3,000,000",,"-83,800,000",,,,"-100,000","100,000","100,000","100,000",,,,,,,,,,,,,,,,,
TotalUnusualItems,"-200,000,000","-29,000,000","-71,000,000","-45,000,000","-32,000,000","-21,000,000","-9,000,000","-20,000,000","-16,000,000","-76,000,000","-4,000,000","-11,000,000","-6,000,000","-7,000,000","171,000,000","-338,700,000","-33,500,000","-52,200,000","-27,800,000","-16,200,000","-1,100,000","-38,900,000","-105,300,000","-13,800,000","21,000,000","-2,700,000","-470,500,000","-540,600,000","-5,200,000","-8,200,000","-18,300,000","-1,900,000","-30,800,000","-5,600,000","-28,269,000","0","0","-331,000","-11,409,000","-14,927,000","-1,108,000","478,000","-1,070,000","-5,896,000","876,000","994,000","265,000","-1,380,000","-12,458,000","-5,982,000","-57,990,000","577,000","825,000","4,205,000","3,178,000","818,000","-2,215,000","-50,000","1,884,000","123,000","-347,000","390,000","-92,000","-10,000","226,000","643,000","1,528,000","470,000","-377,000","-399,000","-16,209,000","313,000","384,000","-608,000","-1,708,000","199,000","-72,000","104,000","-195,000","-670,000","161,000","68,000","72,000","72,000","63,000","-244,000","318,000","67,000","-126,000","100,000",,"100,000","-300,000",,"-200,000","100,000","900,000","400,000","-100,000","1,800,000","200,000","-100,000","-900,000",,"100,000","-7,100,000","500,000","-11,600,000","-300,000","100,000",,,,,"100,000","100,000","100,000",,"400,000","100,000","3,000,000",,"-83,800,000",,,,"-100,000","100,000","100,000","100,000",,,,,,,,,,,,,,,,,
NormalizedEBITDA,"809,000,000","189,000,000","206,000,000","189,000,000","395,000,000","259,000,000","182,000,000","181,000,000","84,000,000","187,000,000","261,000,000","334,000,000","255,000,000","306,000,000","354,600,000","300,400,000","346,500,000","199,500,000","300,100,000","274,700,000","294,600,000","279,300,000","266,300,000","252,300,000","266,100,000","237,500,000","229,700,000","234,400,000","226,300,000","208,000,000","20,700,000","83,600,000","108,400,000","110,500,000","34,422,000","64,210,000","59,204,000","49,964,000","77,490,000","58,150,000","55,074,000","61,624,000","51,851,000","58,265,000","67,092,000","54,607,000","55,320,000","64,217,000","73,114,000","64,970,000","57,686,000","76,179,000","72,270,000","59,198,000","87,469,000","74,443,000","76,891,000","60,047,000","62,148,000","65,230,000","73,275,000","63,499,000","46,912,000","62,053,000","66,222,000","55,602,000","32,659,000","49,541,000","61,039,000","53,327,000","69,588,000","53,787,000","52,499,000","55,046,000","50,286,000","39,045,000","38,479,000","34,737,000","32,153,000","33,164,000","32,654,000","30,057,000","24,711,000","26,995,000","28,527,000","24,907,000","7,777,000","11,523,000","12,139,000","10,000,000","11,800,000","11,000,000","10,600,000","7,600,000","7,800,000","6,800,000","7,300,000","5,300,000","9,400,000","6,300,000","8,900,000","6,500,000","10,000,000","7,400,000","7,600,000","14,700,000","7,600,000","9,000,000","5,300,000","5,100,000","-17,200,000","14,600,000","11,700,000","6,500,000","7,100,000","7,700,000","5,000,000","4,100,000","3,400,000","4,800,000","700,000","2,800,000","84,200,000","6,000,000","4,700,000","2,800,000","6,800,000","6,800,000","3,500,000","1,900,000","-17,700,000","7,300,000","6,900,000","6,600,000","-12,300,000","4,400,000","6,200,000","5,300,000","-10,700,000","4,500,000","5,000,000","4,100,000","-4,100,000","3,700,000","1,700,000","1,000,000","-4,400,000"
TaxRateForCalcs,"0.4","0.4","0.27","0.27","0.07","0.27","0.077","0.27","0.27","0.27","0.27","0.27","0.27","0.27","0.034","0.001","0","0.032","0.093","0.066","0.195","0.199","0.375","0.166","0.275","0.172","0.147","0.106","0.39","0.4","0.35","0.081","0.07","0.213","0.35","0.35","0.376","0.35","0.35","0.35","0.35","0.35","0.35","0.35","0.35","0.35","0.35","0.204","0.35","0.262","0.397","0.312","0.051","0.35","0.253","0.28","0.298","0.299","0.268","0.159","0.276","0.276","0.071","0.24","0.29","0.3","0.291","0.217","0.281","0.3","0.168","0.31","0.315","0.315","0.359","0.362","0.36","0.359","0.4","0.116","0.103","0.136","0.4","0.4","0.184","0.12","0.4","0.142","0.095","0.167",,"0.4","0.143","0.4","0.023","0.4","0.4","0.4","0.4","0.15","0.4","0.4","0.4","0.4","0.4","0.4","0.4","0.4","0.4","0.4","0.096","0.154","0.172","0.4","0.4","0.244","0.316","0.333","0","0.176","0.171","0.333","0.132","0.333","0.235","0.229","0.4","0.4","0.4","0.4",,,,,,,,,,,,,,,,,
TaxEffectOfUnusualItems,"-80,000,000","-11,600,000","-19,170,000","-12,150,000","-2,240,000","-5,670,000","-692,307.692","-5,400,000","-4,320,000","-20,520,000","-1,080,000","-2,970,000","-1,620,000","-1,890,000","5,830,453.059","-338,700","0","-1,670,400","-2,575,157.895","-1,069,200","-214,500","-7,741,100","-39,494,923.858","-2,290,800","5,775,000","-464,400","-69,224,737.268","-57,303,600","-2,028,000","-3,280,000","-6,405,000","-153,900","-2,156,000","-1,192,800","-9,894,150","0","0","-115,850","-3,993,150","-5,224,450","-387,800","167,300","-374,500","-2,063,600","306,600","347,900","92,750","-281,653.255","-4,360,300","-1,565,315.607","-23,039,023.476","180,287.879","42,060.031","1,471,750","804,218.71","228,995.494","-661,054.051","-14,974.664","504,561.645","19,523.239","-95,848.419","107,553.163","-6,493.99","-2,404.955","65,595.294","193,081.013","445,087.126","102,201.419","-106,044.927","-119,696.013","-2,728,860.883","96,919.548","120,785.945","-191,524.487","-612,537.217","72,089.083","-25,890.361","37,349.335","-78,000","-77,462.175","16,621.807","9,226.008","28,800","28,800","11,582.247","-29,255.327","127,200","9,517.045","-12,011.769","16,666.667",,"40,000","-42,857.143","0","-4,651.163","40,000","360,000","160,000","-40,000","270,000","80,000","-40,000","-360,000","0","40,000","-2,840,000","200,000","-4,640,000","-120,000","40,000","0","0","0","0","40,000","24,444.444","31,578.947","0","0","17,647.059","514,285.714","0","-11,026,315.789","0","0","0","-40,000","40,000","40,000","40,000",,,,,,,,,,,,,,,,,