name,ttm,03/31/2022,12/31/2021,09/30/2021,06/30/2021,03/31/2021,12/31/2020,09/30/2020,06/30/2020,03/31/2020,12/31/2019,09/30/2019,06/30/2019,03/31/2019,12/31/2018,09/30/2018,06/30/2018,03/31/2018,12/31/2017,09/30/2017,06/30/2017,03/31/2017,12/31/2016,09/30/2016,06/30/2016,03/31/2016,12/31/2015,09/30/2015,06/30/2015,03/31/2015,12/31/2014,09/30/2014,06/30/2014,03/31/2014,12/31/2013,09/30/2013,06/30/2013,03/31/2013,12/31/2012,09/30/2012,06/30/2012,03/31/2012,12/31/2011,09/30/2011,06/30/2011,03/31/2011,12/31/2010,09/30/2010,06/30/2010,03/31/2010,12/31/2009,09/30/2009,06/30/2009,03/31/2009,12/31/2008,09/30/2008,06/30/2008,03/31/2008,12/31/2007,09/30/2007,06/30/2007,03/31/2007,12/31/2006,09/30/2006,06/30/2006,03/31/2006,12/31/2005,09/30/2005,06/30/2005,03/31/2005,12/31/2004,09/30/2004,06/30/2004,03/31/2004,12/31/2003,09/30/2003,06/30/2003,03/31/2003,12/31/2002,09/30/2002,06/30/2002,03/31/2002,12/31/2001,09/30/2001,06/30/2001,03/31/2001,12/31/2000,09/30/2000,06/30/2000,03/31/2000,12/31/1999,09/30/1999,06/30/1999,03/31/1999,12/31/1998,09/30/1998,06/30/1998,03/31/1998,12/31/1997,09/30/1997,06/30/1997,03/31/1997,12/31/1996,09/30/1996,06/30/1996,03/31/1996,12/31/1995,09/30/1995,06/30/1995,03/31/1995,12/31/1994,09/30/1994,06/30/1994,03/31/1994,12/31/1993,09/30/1993,06/30/1993,03/31/1993,12/31/1992,09/30/1992,06/30/1992,03/31/1992,12/31/1991,09/30/1991,06/30/1991,03/31/1991,12/31/1990,09/30/1990,06/30/1990,03/31/1990,12/31/1989,09/30/1989,06/30/1989,03/31/1989,12/31/1988,09/30/1988,06/30/1988,03/31/1988,12/31/1987,09/30/1987,06/30/1987,03/31/1987,12/31/1986,09/30/1986,06/30/1986,03/31/1986,12/31/1985,09/30/1985
TotalRevenue,"4,873,000,000","1,337,000,000","992,000,000","1,219,000,000","1,325,000,000","1,017,000,000","860,000,000","795,000,000","548,000,000","585,000,000","537,000,000","603,000,000","588,000,000","582,000,000","589,100,000","736,800,000","810,800,000","691,300,000","710,600,000","718,300,000","694,100,000","610,900,000","550,000,000","596,400,000","582,400,000","504,600,000","462,900,000","464,900,000","493,000,000","471,700,000","453,500,000","518,100,000","518,500,000","444,700,000","479,700,000","507,400,000","572,600,000","537,500,000","458,700,000","467,800,000","427,800,000","361,500,000","312,200,000","350,600,000","362,400,000","331,700,000","317,400,000","322,500,000","447,100,000","296,600,000","275,100,000","308,800,000","266,200,000","204,600,000","250,200,000","389,600,000","387,000,000","349,400,000","376,600,000","472,500,000","461,200,000","406,000,000","369,600,000","534,500,000","652,700,000","678,300,000","624,200,000","621,300,000","692,000,000","680,000,000","588,300,000","740,500,000","825,300,000","695,300,000","733,800,000","674,800,000","478,500,000","498,500,000","440,600,000","501,800,000","448,900,000","596,700,000","515,900,000","635,500,000","649,800,000","558,500,000","725,400,000","652,400,000","778,100,000","776,900,000","712,600,000","797,400,000","768,500,000","603,100,000","519,300,000","606,300,000","623,200,000","548,300,000","595,100,000","619,500,000","633,300,000","554,600,000","567,300,000","676,300,000","658,300,000","584,100,000","670,300,000","776,800,000","709,300,000","686,800,000","748,400,000","818,400,000","774,700,000","698,000,000","636,100,000","629,400,000","596,600,000","649,200,000","528,700,000","641,400,000","539,100,000","475,500,000","405,200,000","449,500,000","485,000,000","362,400,000","366,100,000","450,900,000","501,500,000","474,800,000","506,300,000","510,100,000","526,100,000","467,000,000","448,300,000","462,900,000","474,200,000","483,000,000","478,100,000","531,800,000","488,800,000","422,900,000","382,200,000","407,400,000","394,100,000","322,600,000","312,600,000","332,400,000"
	OperatingRevenue,"4,873,000,000","1,337,000,000","992,000,000","1,219,000,000","1,325,000,000","1,017,000,000","860,000,000","795,000,000","548,000,000","585,000,000","537,000,000","603,000,000","588,000,000","582,000,000","589,100,000","736,800,000","810,800,000","691,300,000","710,600,000","718,300,000","694,100,000","610,900,000","550,000,000","596,400,000","582,400,000","504,600,000","462,900,000","464,900,000","493,000,000","471,700,000","453,500,000","518,100,000","518,500,000","444,700,000","479,700,000","507,400,000","572,600,000","537,500,000","458,700,000","467,800,000","427,800,000","361,500,000","312,200,000","350,600,000","362,400,000","331,700,000","317,400,000","322,500,000","447,100,000","296,600,000","275,100,000","308,800,000","266,200,000","204,600,000","250,200,000","389,600,000","387,000,000","349,400,000","376,600,000","472,500,000","461,200,000","406,000,000","369,600,000","534,500,000","652,700,000","678,300,000","624,200,000","621,300,000","692,000,000","680,000,000","588,300,000","740,500,000","825,300,000","695,300,000","733,800,000","674,800,000","478,500,000","498,500,000","440,600,000","501,800,000","448,900,000","596,700,000","515,900,000","635,500,000","649,800,000","558,500,000","725,400,000","652,400,000","778,100,000","776,900,000","712,600,000","797,400,000","768,500,000","603,100,000","519,300,000","606,300,000","623,200,000","548,300,000","595,100,000","619,500,000","633,300,000","554,600,000","567,300,000","676,300,000","658,300,000","584,100,000","670,300,000","776,800,000","709,300,000","686,800,000","748,400,000","818,400,000","774,700,000","698,000,000","636,100,000","629,400,000","596,600,000","649,200,000","528,700,000","641,400,000","539,100,000","475,500,000","405,200,000","449,500,000","485,000,000","362,400,000","366,100,000","450,900,000","501,500,000","474,800,000","506,300,000","510,100,000","526,100,000","467,000,000","448,300,000","462,900,000","474,200,000","483,000,000","478,100,000","531,800,000","488,800,000","422,900,000","382,200,000","407,400,000","394,100,000","322,600,000","312,600,000","332,400,000"
CostOfRevenue,"2,620,000,000","676,000,000","655,000,000","670,000,000","619,000,000","538,000,000","509,000,000","503,000,000","431,000,000","477,000,000","467,000,000","529,000,000","510,000,000","501,000,000","495,300,000","524,000,000","550,200,000","514,500,000","461,900,000","479,300,000","485,700,000","455,000,000","422,800,000","442,600,000","443,100,000","415,500,000","395,300,000","416,200,000","443,400,000","427,800,000","430,900,000","477,000,000","461,500,000","388,400,000","415,200,000","416,300,000","422,700,000","392,600,000","360,600,000","369,300,000","359,900,000","313,300,000","290,900,000","322,000,000","336,300,000","295,000,000","282,500,000","291,100,000","346,300,000","268,000,000","265,400,000","271,400,000","253,300,000","204,400,000","274,800,000","382,200,000","375,000,000","372,800,000","391,700,000","446,600,000","437,600,000","403,700,000","366,700,000","468,900,000","505,700,000","485,500,000","448,700,000","445,600,000","463,500,000","444,800,000","455,600,000","462,300,000","447,200,000","383,300,000","414,000,000","403,800,000","376,900,000","424,800,000","380,100,000","429,500,000","354,300,000","505,600,000","491,100,000","541,100,000","540,700,000","549,200,000","694,000,000","544,500,000","566,700,000","547,700,000","529,600,000","551,500,000","530,900,000","471,100,000","423,200,000","428,400,000","506,200,000","500,300,000","535,900,000","537,600,000","555,100,000","510,100,000","506,500,000","565,300,000","540,900,000","510,800,000","540,700,000","590,800,000","593,200,000","525,600,000","536,200,000","576,600,000","558,900,000","486,700,000","408,400,000","462,600,000","421,400,000","437,200,000","391,700,000","470,000,000","398,700,000","360,200,000","328,400,000","341,200,000","377,000,000","319,700,000","315,500,000","361,300,000","382,500,000","362,400,000","367,900,000","370,400,000","393,400,000","348,500,000",,,,,,,,,,,,,,
GrossProfit,"2,252,000,000","661,000,000","336,000,000","549,000,000","706,000,000","479,000,000","351,000,000","292,000,000","117,000,000","108,000,000","70,000,000","74,000,000","78,000,000","81,000,000","93,800,000","212,800,000","260,600,000","176,800,000","248,700,000","239,000,000","208,400,000","155,900,000","127,200,000","153,800,000","139,300,000","89,100,000","67,600,000","48,700,000","49,600,000","43,900,000","22,600,000","41,100,000","57,000,000","56,300,000","64,500,000","91,100,000","149,900,000","144,900,000","98,100,000","98,500,000","67,900,000","48,200,000","21,300,000","28,600,000","26,100,000","36,700,000","34,900,000","31,400,000","100,800,000","28,600,000","9,700,000","37,400,000","12,900,000","200,000","-24,600,000","7,400,000","12,000,000","-23,400,000","-15,100,000","25,900,000","23,600,000","2,300,000","2,900,000","65,600,000","147,000,000","192,800,000","175,500,000","175,700,000","228,500,000","235,200,000","132,700,000","278,200,000","378,100,000","312,000,000","319,800,000","271,000,000","101,600,000","73,700,000","60,500,000","72,300,000","94,600,000","91,100,000","24,800,000","94,400,000","109,100,000","9,300,000","31,400,000","107,900,000","211,400,000","229,200,000","183,000,000","245,900,000","237,600,000","132,000,000","96,100,000","177,900,000","117,000,000","48,000,000","59,200,000","81,900,000","78,200,000","44,500,000","60,800,000","111,000,000","117,400,000","73,300,000","129,600,000","186,000,000","116,100,000","161,200,000","212,200,000","241,800,000","215,800,000","211,300,000","227,700,000","166,800,000","175,200,000","212,000,000","137,000,000","171,400,000","140,400,000","115,300,000","76,800,000","108,300,000","108,000,000","42,700,000","50,600,000","89,600,000","119,000,000","112,400,000","138,400,000","139,700,000","132,700,000","118,500,000",,,,,,,,,,,,,,
OperatingExpense,"222,000,000","27,000,000","78,000,000","62,000,000","56,000,000","48,000,000","54,000,000","49,000,000","56,000,000","57,000,000","53,000,000","61,000,000","55,000,000","59,000,000","51,600,000","44,900,000","45,600,000","50,200,000","81,100,000","79,400,000","78,600,000","82,600,000","80,600,000","76,600,000","86,400,000","70,200,000","65,800,000","65,200,000","63,200,000","77,000,000","75,300,000","59,300,000","61,400,000","66,500,000","108,200,000","43,200,000","61,700,000","55,700,000","50,200,000","50,700,000","48,600,000","50,400,000","46,000,000","46,100,000","50,300,000","55,700,000","55,200,000","44,100,000","51,400,000","50,100,000","59,000,000","46,700,000","46,100,000","42,600,000","341,600,000","75,000,000","136,100,000","62,300,000","71,700,000","111,600,000","46,200,000","75,900,000","77,900,000","70,400,000","73,300,000","76,500,000","83,300,000","71,500,000","69,200,000","72,300,000","89,500,000","97,700,000","77,100,000","85,800,000","14,500,000","59,500,000","68,200,000","57,600,000","103,800,000","28,500,000","65,800,000","81,500,000","152,600,000","102,000,000","105,300,000","109,400,000","108,900,000","120,600,000","126,900,000","125,700,000","123,300,000","109,000,000","100,400,000","88,700,000","92,900,000","97,300,000","95,000,000","79,200,000","90,600,000","95,700,000","86,400,000","79,600,000","81,700,000","89,100,000","82,400,000","78,300,000","87,800,000","87,000,000","74,500,000","74,700,000","82,000,000","86,700,000","84,200,000","72,100,000","128,500,000","81,400,000","69,400,000","69,800,000","70,600,000","74,900,000","66,000,000","55,200,000","59,000,000","61,900,000","58,600,000","50,000,000","53,800,000","56,400,000","61,200,000","55,500,000","57,100,000","59,700,000","56,600,000","51,800,000",,,,,,,,,,,,,,
	SellingGeneralAndAdministration,"258,000,000","65,000,000","73,000,000","63,000,000","57,000,000","48,000,000","54,000,000","52,000,000","50,000,000","55,000,000","58,000,000","58,000,000","58,000,000","57,000,000","57,400,000","51,200,000","50,100,000","50,600,000","45,600,000","49,200,000","47,000,000","48,600,000","47,800,000","47,000,000","46,500,000","42,300,000","37,900,000","38,300,000","37,900,000","38,700,000","40,800,000","31,900,000","35,900,000","40,900,000","46,600,000","33,500,000","35,500,000","35,400,000","36,800,000","30,600,000","30,700,000","31,300,000","28,300,000","26,500,000","27,600,000","28,800,000","34,700,000","25,400,000","29,000,000","29,700,000","31,900,000","26,100,000","29,100,000","27,300,000","48,600,000","38,200,000","39,100,000","40,100,000","23,800,000","36,700,000","38,300,000","41,100,000","47,200,000","36,700,000","40,800,000","42,000,000","40,800,000","36,800,000","37,500,000","39,300,000","16,800,000","55,100,000","42,300,000","42,900,000","63,400,000","42,500,000","39,900,000","37,600,000","69,800,000","35,600,000","38,400,000","37,300,000","34,500,000","37,600,000","48,700,000","43,600,000","57,500,000","57,100,000","67,600,000","64,400,000","62,200,000","56,600,000","54,700,000","45,900,000","46,500,000","47,300,000","45,500,000","39,700,000","43,200,000","46,200,000","40,300,000","38,700,000","37,300,000","36,700,000","30,500,000","35,200,000","36,000,000","29,100,000","26,600,000","29,700,000","33,200,000","33,800,000","33,200,000","27,500,000","80,100,000","29,900,000","25,800,000","30,100,000","29,100,000","28,500,000","25,500,000","20,600,000","18,700,000","19,700,000","21,900,000","19,400,000","17,100,000","13,400,000","22,000,000","22,100,000","21,400,000","21,900,000","20,000,000","20,100,000",,,,,,,,,,,,,,
		GeneralAndAdministrativeExpense,"230,000,000",,,,,,,,,,"58,000,000","58,000,000","58,000,000","57,000,000","57,400,000","51,200,000","50,100,000","50,600,000","45,600,000","49,200,000","47,000,000","48,600,000","47,800,000","47,000,000","46,500,000","42,300,000","37,900,000","38,300,000","37,900,000","38,700,000","40,300,000","31,900,000","35,900,000","40,900,000","44,700,000","33,500,000","35,500,000","35,400,000","36,800,000","30,600,000",,,,,,,,,,,,,,,,,,,,,,,,,,,,,,,,,,,,,,,,,,,,,,,,,,,,,,,,,,,,,,,,,,,,,,,,,,,,,,,,,,,,,,,,,,,,,,,,,,,,,,,,,,,,
			OtherGandA,"230,000,000",,,,,,,,,,"58,000,000","58,000,000","58,000,000","57,000,000","57,400,000","51,200,000","50,100,000","50,600,000","45,600,000","49,200,000","47,000,000","48,600,000","47,800,000","47,000,000","46,500,000","42,300,000","37,900,000","38,300,000","37,900,000","38,700,000","40,800,000","31,900,000","35,900,000","40,900,000","46,600,000","33,500,000","35,500,000","35,400,000","36,800,000","30,600,000",,,,,,,,,,,,,,,,,,,,,,,,,,,,,,,,,,,,,,,,,,,,,,,,,,,,,,,,,,,,,,,,,,,,,,,,,,,,,,,,,,,,,,,,,,,,,,,,,,,,,,,,,,,,
	DepreciationAmortizationDepletionIncomeStatement,,,,,,,,,,,,,,,,,,,"32,000,000","31,100,000","29,600,000","30,600,000","26,800,000","29,600,000","28,500,000","27,900,000","24,000,000","25,900,000","25,300,000","26,700,000","23,300,000","26,900,000","24,900,000","25,600,000","26,300,000","25,800,000","20,800,000","18,700,000","18,000,000","18,900,000","17,900,000","19,100,000","17,700,000","19,600,000","20,200,000","21,400,000","20,500,000","18,700,000","22,400,000","20,400,000","19,800,000","22,200,000","18,900,000","19,100,000","20,000,000","27,000,000","26,800,000","26,600,000","24,800,000","27,200,000","27,400,000","29,300,000","28,300,000","32,800,000","32,400,000","34,500,000","33,900,000","33,500,000","32,400,000","33,500,000","38,200,000","39,900,000","32,200,000","33,300,000","36,200,000","33,800,000","32,100,000","32,300,000","32,200,000","31,700,000","30,600,000","43,400,000","18,400,000","56,000,000","46,700,000","49,100,000","51,400,000","63,500,000","59,300,000","61,300,000","61,100,000","52,400,000","45,700,000","42,800,000","46,400,000","50,000,000","49,500,000","39,500,000","47,400,000","49,500,000","46,100,000","40,900,000","44,400,000","52,400,000","51,900,000","43,100,000","51,800,000","57,900,000","47,900,000","45,000,000","48,800,000","52,900,000","51,000,000","44,600,000","48,400,000","51,500,000","43,600,000","39,700,000","41,500,000","46,400,000","40,500,000","34,600,000","40,300,000","42,200,000","36,700,000","30,600,000","36,700,000","43,000,000","39,200,000","33,400,000","35,700,000","37,800,000","36,600,000","31,700,000",,,,,,,,,,,,,,
		DepreciationAndAmortizationInIncomeStatement,,,,,,,,,,,,,,,,,,,"32,000,000","31,100,000","29,600,000","30,600,000","26,800,000","29,600,000","28,500,000","27,900,000","24,000,000","25,900,000","25,300,000","26,700,000","23,300,000","26,900,000","24,900,000","25,600,000","26,300,000","25,800,000","20,800,000","18,700,000","18,000,000","18,900,000","17,900,000","19,100,000","17,700,000","19,600,000","20,200,000","21,400,000","20,500,000","18,700,000","22,400,000","20,400,000","19,800,000","22,200,000","18,900,000","19,100,000","20,000,000","27,000,000","26,800,000","26,600,000","24,800,000","27,200,000","27,400,000","29,300,000","28,300,000","32,800,000","32,400,000","34,500,000","33,900,000","33,500,000","32,400,000","33,500,000","38,200,000","39,900,000","32,200,000","33,300,000","36,200,000","33,800,000","32,100,000","32,300,000","32,200,000","31,700,000","30,600,000","43,400,000","18,400,000","56,000,000","46,700,000","49,100,000","51,400,000","63,500,000","59,300,000","61,300,000","61,100,000","52,400,000","45,700,000","42,800,000","46,400,000","50,000,000","49,500,000","39,500,000","47,400,000","49,500,000","46,100,000","40,900,000","44,400,000","52,400,000","51,900,000","43,100,000","51,800,000","57,900,000","47,900,000","45,000,000","48,800,000","52,900,000","51,000,000","44,600,000","48,400,000","51,500,000","43,600,000","39,700,000","41,500,000","46,400,000","40,500,000","34,600,000","40,300,000","42,200,000","36,700,000","30,600,000","36,700,000","43,000,000","39,200,000","33,400,000","35,700,000","37,800,000","36,600,000","31,700,000",,,,,,,,,,,,,,
	OtherTaxes,,,,,,,,,,,,,,,,,,,,,,,,,,,,,,,"0","0",,,,,,,,,,,,,,,,,,,,,,,,,,,,,,,,,,,,,,,,,,,,,,,,,,,,,,,,,,,,,,,,,,,,,,,,,,,,,,,,,,,,,,,,,,,,,,,,,,,,,,,,,,,,,,,,,,,,
	OtherOperatingExpenses,,"-38,000,000","5,000,000","-1,000,000","-1,000,000",,"0","-3,000,000","6,000,000","2,000,000","-5,000,000","3,000,000","-3,000,000","2,000,000","-5,300,000","-6,300,000","-4,500,000","-400,000","4,300,000","-900,000","2,000,000","3,400,000","6,000,000",,"11,400,000",,"3,900,000","1,000,000",,"11,600,000","11,200,000","500,000","600,000",,"36,700,000","-16,100,000","5,400,000","1,600,000","-4,600,000","1,200,000",,,,,"2,500,000","5,500,000",,,,,,"-1,600,000","-1,900,000","-3,800,000","273,000,000","9,800,000","70,200,000","-4,400,000","23,100,000","47,700,000","-19,500,000","5,500,000","2,400,000","900,000","100,000",,"8,600,000","1,200,000","-700,000","-500,000","34,500,000","2,700,000","2,600,000","9,600,000","-85,100,000","-16,800,000","-3,800,000","-12,300,000","1,800,000","-38,800,000","-3,200,000","800,000","99,700,000","8,400,000","9,900,000","16,700,000",,,,,,,,,,,,,,,,,,,,,,,,,,,,,,,,,,,,,,,,,,,,,,,,,,,,,,,,,,,,,,
OperatingIncome,"2,030,000,000","634,000,000","258,000,000","487,000,000","650,000,000","431,000,000","297,000,000","243,000,000","61,000,000","51,000,000","17,000,000","13,000,000","23,000,000","22,000,000","42,200,000","167,900,000","215,000,000","126,600,000","167,600,000","159,600,000","129,800,000","73,300,000","46,600,000","77,200,000","52,900,000","18,900,000","1,800,000","-16,500,000","-13,600,000","-33,100,000","-52,700,000","-18,200,000","-4,400,000","-10,200,000","-43,700,000","47,900,000","88,200,000","89,200,000","47,900,000","47,800,000","19,300,000","-2,200,000","-24,700,000","-17,500,000","-24,200,000","-19,000,000","-20,300,000","-12,700,000","49,400,000","-21,500,000","-49,300,000","-9,300,000","-33,200,000","-42,400,000","-366,200,000","-67,600,000","-124,100,000","-85,700,000","-86,800,000","-85,700,000","-22,600,000","-73,600,000","-75,000,000","-4,800,000","73,700,000","116,300,000","92,200,000","104,200,000","159,300,000","162,900,000","43,200,000","180,500,000","301,000,000","226,200,000","305,300,000","211,500,000","33,400,000","16,100,000","-43,300,000","43,800,000","28,800,000","9,600,000","-127,800,000","-7,600,000","3,800,000","-100,100,000","-77,500,000","-12,700,000","84,500,000","103,500,000","59,700,000","136,900,000","137,200,000","43,300,000","3,200,000","80,600,000","22,000,000","-31,200,000","-31,400,000","-13,800,000","-8,200,000","-35,100,000","-20,900,000","21,900,000","35,000,000","-5,000,000","41,800,000","99,000,000","41,600,000","86,500,000","130,200,000","155,100,000","131,600,000","139,200,000","99,200,000","85,400,000","105,800,000","142,200,000","66,400,000","96,500,000","74,400,000","60,100,000","17,800,000","46,400,000","49,400,000","-7,300,000","-3,200,000","33,200,000","57,800,000","56,900,000","81,300,000","80,000,000","76,100,000","66,700,000","-1,130,200,000","462,900,000","474,200,000","483,000,000","-1,198,000,000","531,800,000","488,800,000","422,900,000","-1,004,700,000","407,400,000","394,100,000","322,600,000","-911,500,000","332,400,000"
NetNonOperatingInterestIncomeExpense,"-11,000,000","-3,000,000","-1,000,000","-4,000,000","-4,000,000","-5,000,000","-1,000,000","-5,000,000","-5,000,000","-7,000,000","-4,000,000","-4,000,000","-2,000,000","0","1,700,000","1,300,000","300,000","-900,000","-10,900,000","-2,300,000","-2,800,000","-5,000,000","-5,800,000","-9,000,000","-9,300,000","-6,200,000","-8,100,000","-8,400,000","-7,200,000","-6,100,000","-6,400,000","-8,300,000","-7,400,000","-7,700,000","-8,000,000","-7,600,000","-9,800,000","-10,600,000","-12,900,000","-10,700,000","-9,700,000","-9,400,000","-14,300,000","-14,200,000","-14,400,000","-14,000,000","-14,100,000","-15,300,000","-17,700,000","-16,800,000","-38,400,000","-13,000,000","-13,600,000","-6,600,000",,,,,,,,,,,,,,,,,,,,,,,,,,,,,,,,,,,,,,,,,,,,,,,,,,,,,,,,,,,,,,,,,,,,,,,,,,,,,,,,,,,,,,,,,,,,,,
	InterestIncomeNonOperating,,,"0",,,,"1,000,000","0","1,000,000","0","1,000,000","2,000,000",,"4,000,000","4,800,000","5,100,000","4,700,000","3,500,000",,"2,600,000","2,100,000",,,,,"1,800,000",,,,"1,400,000",,,,,,,,,,,"3,400,000","3,200,000",,,,,,,,,,"7,400,000","7,500,000","5,200,000",,,,,,,,,,,,,,,,,,,,,,,,,,,,,,,,,,,,,,,,,,,,,,,,,,,,,,,,,,,,,,,,,,,,,,,,,,,,,,,,,,,,,,,,,,,,,,
	InterestExpenseNonOperating,"10,000,000","3,000,000","0","4,000,000","4,000,000","5,000,000","1,000,000","5,000,000","6,000,000","6,000,000","4,000,000","6,000,000","2,000,000","4,000,000","2,900,000","3,600,000","4,200,000","4,200,000","4,300,000","4,700,000","4,700,000","4,800,000","5,500,000","8,700,000","9,000,000","7,700,000","7,900,000","8,100,000","7,000,000","7,200,000","6,000,000","8,000,000","7,200,000","7,400,000","7,700,000","7,300,000","9,400,000","10,600,000","12,600,000","10,400,000","13,100,000","12,000,000",,,"14,400,000","14,000,000","11,000,000","15,300,000","17,700,000","16,800,000","18,300,000","20,400,000","21,100,000","11,800,000",,,,,,,,,,,,,,,,,,,,,,,,,,,,,,,,,,,,,,,,,,,,,,,,,,,,,,,,,,,,,,,,,,,,,,,,,,,,,,,,,,,,,,,,,,,,,,
	TotalOtherFinanceCost,,,"1,000,000",,,,"1,000,000",,,"1,000,000","1,000,000",,,,"200,000","200,000","200,000","200,000","200,000","200,000","200,000","200,000","300,000","300,000","300,000","300,000","200,000","300,000","200,000","300,000","400,000","300,000","200,000","300,000","300,000","300,000","400,000",,"300,000","300,000",,"600,000","-40,000,000","14,200,000",,,,,,,,,,,,,,,,,,,,,,,,,,,,,,,,,,,,,,,,,,,,,,,,,,,,,,,,,,,,,,,,,,,,,,,,,,,,,,,,,,,,,,,,,,,,,,,,,,,,,,,,
OtherIncomeExpense,"-20,000,000","-9,000,000","-9,000,000","2,000,000","-4,000,000","-10,000,000","-3,000,000","-1,000,000","-6,000,000","-2,000,000","-91,000,000","-6,000,000","-2,000,000","10,000,000","-26,200,000","-2,200,000","-600,000","-1,100,000","-900,000","-1,000,000","1,800,000","1,100,000","7,800,000","-11,500,000","2,800,000","2,300,000","1,300,000","-4,100,000","900,000","-900,000","3,600,000","3,200,000","6,000,000","-2,500,000","21,500,000","1,600,000","36,100,000","2,800,000","21,800,000","200,000","-55,100,000","1,000,000","-10,600,000","-42,500,000","4,700,000","6,600,000","26,800,000","-15,600,000","3,700,000","6,200,000","25,400,000","1,900,000","6,900,000","2,200,000","-281,900,000","-91,200,000","-69,600,000","19,500,000","-31,500,000","-46,400,000","25,300,000","8,800,000","97,600,000","-5,000,000","-10,400,000","3,300,000","-58,900,000","16,700,000","-600,000","600,000","-25,700,000","-600,000","-1,700,000","-49,400,000","88,500,000","16,900,000","3,600,000","10,400,000","-2,900,000","39,200,000","2,900,000","-200,000","-96,400,000","-7,200,000","-14,100,000","-14,600,000","-37,400,000","-6,200,000","-38,000,000","1,600,000","5,300,000","-18,700,000","14,600,000","9,800,000","32,700,000","-387,700,000","329,800,000","2,100,000","800,000","-154,100,000","500,000","122,200,000","1,600,000","-349,000,000","2,900,000","100,000","1,600,000","-365,100,000","2,000,000","3,100,000","3,600,000","2,500,000","2,000,000","1,900,000","2,100,000","1,800,000","2,000,000","1,900,000","2,100,000","1,700,000","1,900,000","1,600,000","2,800,000","3,100,000","3,000,000","3,200,000","4,900,000","5,900,000","6,900,000","6,200,000","6,700,000","7,000,000","6,300,000","5,500,000",,,,,,,,,,,,,,
	GainOnSaleOfSecurity,,"1,000,000","0","2,000,000","-6,000,000",,"-4,000,000",,"2,000,000","6,000,000","-1,000,000",,,"-3,000,000","1,400,000","-800,000","500,000","-200,000","7,500,000","-600,000","-1,500,000","1,400,000","2,600,000","1,700,000","3,400,000","2,300,000","1,600,000","-2,600,000","1,500,000","-1,000,000","-100,000","-200,000","5,300,000","-2,600,000","-400,000","2,500,000","-500,000","3,500,000","2,800,000","3,700,000",,"1,000,000","3,500,000","16,700,000",,,,,,,,,,,,,,,,,,,,,,,,,,,,,,,,,,,,,,,,,,,,,,,,,,,,,,,,,,,,,,,,,,,,,,,,,,,,,,,,,,,,,,,,,,,,,,,,,,,,,,,,
	EarningsFromEquityInterest,,,,,,,,,,,,,,,,,,,,,,,,,,,,,,,,,,,,,,,,,,,,,,,,,,,,,,,"-1,400,000","-3,100,000","-3,200,000","-6,300,000",,"-4,100,000","-4,900,000","-3,300,000","-1,900,000","-3,900,000","300,000","1,200,000","1,200,000","-1,300,000",,"700,000","2,000,000","500,000","800,000","500,000","1,600,000","700,000","-400,000",,"500,000","900,000","500,000","900,000",,"-400,000",,,,,,,,,,,,,,,,,,,,,,,,,,,,,,,,,,,,,,,,,,,,,,,,,,,,,,,,,,,,,,,,
	SpecialIncomeCharges,,,"-6,000,000","0","2,000,000","0","1,000,000","-1,000,000","-8,000,000","-7,000,000","-90,000,000","-5,000,000","0","13,000,000","-25,900,000","-300,000",,"600,000","-8,600,000","-700,000","3,100,000","-600,000","5,300,000","-13,500,000","-700,000","0","-400,000","-900,000","-500,000","-100,000","3,800,000","3,600,000","500,000",,"21,500,000","-1,100,000","36,600,000","0","19,100,000","-4,300,000","-55,100,000","0","-14,100,000","-59,200,000","4,700,000","6,600,000","-13,800,000","-15,600,000","3,700,000","6,200,000","25,400,000","1,900,000","6,900,000","2,200,000","-280,500,000","-88,100,000","-66,400,000","25,800,000",,"-42,300,000","30,200,000","12,100,000","99,500,000","-1,100,000","-10,700,000","2,100,000","-60,100,000","18,000,000","-600,000","-100,000","-27,700,000","-1,100,000","-2,500,000","-49,900,000","86,900,000","16,200,000","4,000,000","10,400,000","-3,400,000","38,300,000","2,400,000","-1,100,000","-97,200,000","-6,800,000","-14,100,000","-14,600,000","-37,400,000","-6,200,000","-38,000,000","1,600,000","5,300,000","-18,700,000","14,600,000","9,800,000","32,700,000","-387,700,000","329,800,000","2,100,000","800,000","-154,100,000","500,000","122,200,000","1,600,000","-349,000,000","2,900,000","100,000","1,600,000","-365,100,000","2,000,000","3,100,000","3,600,000","2,500,000","2,000,000","1,900,000","2,100,000","1,800,000","2,000,000","1,900,000","2,100,000","1,700,000","1,900,000","1,600,000","2,800,000","3,100,000","3,000,000","3,200,000","4,900,000","5,900,000","6,900,000","6,200,000","6,700,000","7,000,000","6,300,000","5,500,000",,,,,,,,,,,,,,
		RestructuringAndMergernAcquisition,,,"0","1,000,000",,,"0","1,000,000","0","0","5,000,000","0",,"-14,000,000",,,,,,,,,,,,,,,,,"-3,300,000","0","0",,"-20,500,000","0","-35,900,000",,,,,,,,,,,,,,,,,,,,,,,,,,,,,,,,,,,,,,,,,,,,,,,,,,,,,,,,,,,,,,,,,,,,,,,,,,,,,,,,,,,,,,,,,,,,,,,,,,,,,,,,,,,,,,,
		ImpairmentOfCapitalAssets,,,"5,000,000","0","0","0","0","1,000,000","8,000,000","7,000,000","86,000,000",,,,,,,,,,,,,,,,,,,,,,,,,,,,,,"100,000","100,000","15,700,000","65,000,000",,,"400,000","17,800,000","-100,000","1,300,000","-200,000","-1,100,000","-200,000","1,000,000",,,,,,,,,,,,,,,,,,,,,,,,,,,,,,,,,,,,,,,,,,,,,,,,,,,,,,,,,,,,,,,,,,,,,,,,,,,,,,,,,,,,,,,,,,,,,,
		WriteOff,,,,,,,,,,,,,,,,,,,,,,,,,,,,,,,,,,,,,,,"0",,,,,,,,,,,,,,,,,,,,,,,,,,,,,,,,,,,,,,,,,,,,,,,,,,,,,,,,,,,,,,,,,,,,,,,,,,,,,,,,,,,,,,,,,,,,,,,,,,,,,,,,,,,,,
		OtherSpecialCharges,,,"0","-1,000,000","-2,000,000",,"-1,000,000","-1,000,000",,,,,,,,,,,,,,,"4,100,000","13,200,000",,,,,,,,,,,"-400,000","800,000",,,"-20,000,000",,"55,000,000","-100,000","-1,600,000","-5,800,000",,,"13,400,000","-2,200,000","-3,600,000","-7,500,000","-25,200,000","-800,000","-6,700,000","-3,200,000",,,,,,,,,,,,,,,,,,,,,,,,,,,,,,,,,,,,,,,,,,,,,,,,,,,,,,,,,,,,,,,,,,,,,,,,,,,,,,,,,,,,,,,,,,,,,,
		GainOnSaleOfBusiness,,,,,,,,"1,000,000",,,,"0",,"14,000,000",,,,,,,,,,,,,,,,,,,,,,,,,,,,,,,,,,,,,,,,,,,,,,,,,,,,,,,,,,,,,,,,,,,,,,,,,,,,,,,,,,,,,,,,,,,,,,,,,,,,,,,,,,,,,,,,,,,,,,,,,,,,,,,,,,,,,,
		GainOnSaleOfPPE,"-1,000,000",,,,,,,,,,"5,000,000","-5,000,000","0","-1,000,000","-400,000","-300,000",,"600,000","-8,600,000","-700,000","3,100,000","-600,000","9,400,000","-300,000","-700,000","0","-600,000","-900,000","-500,000","-100,000","-1,000,000","3,600,000","500,000",,"-500,000","-300,000","700,000","0","4,000,000","-4,300,000",,,,,,,,,,,,,,,,,,,,,,,,,,,,,,,,,,,,,,,,,,,,,,,,,,,,,,,,,,,,,,,,,,,,,,,,,,,,,,,,,,,,,,,,,,,,,,,,,,,,,,,,,,,,
	OtherNonOperatingIncomeExpenses,"-3,000,000","-10,000,000","-2,000,000","2,000,000","-6,000,000","-10,000,000","0",,"-1,000,000","-1,000,000","0","-1,000,000","-2,000,000",,"-1,700,000","-1,100,000","-1,100,000","-1,500,000","200,000","300,000","200,000","300,000","-100,000","300,000","100,000",,"100,000","-600,000","-100,000","200,000","-1,300,000","-200,000","200,000","100,000","400,000","200,000",,"-700,000","-100,000","800,000",,,,,,,,,,,,,,,,,,,,,,,,,,,,,,,,,,,,,,,,,,,,,,,,,,,,,,,,,,,,,,,,,,,,,,,,,,,,,,,,,,,,,,,,,,,,,,,,,,,,,,,,,,,,
PretaxIncome,"2,000,000,000","621,000,000","249,000,000","486,000,000","644,000,000","416,000,000","292,000,000","237,000,000","50,000,000","42,000,000","-79,000,000","3,000,000","19,000,000","34,000,000","17,700,000","167,000,000","214,700,000","124,600,000","155,800,000","156,300,000","128,800,000","69,400,000","48,600,000","56,700,000","46,400,000","13,200,000","-5,000,000","-29,000,000","-19,900,000","-41,500,000","-55,500,000","-23,300,000","-5,800,000","-20,400,000","-30,200,000","41,900,000","114,500,000","81,400,000","56,800,000","37,300,000","-45,500,000","-10,600,000","-49,600,000","-74,200,000","-33,900,000","-26,400,000","-7,600,000","-43,600,000","35,400,000","-32,100,000","-62,300,000","-20,400,000","-39,900,000","-46,800,000","-386,500,000","-158,300,000","-133,000,000","-75,500,000","-97,000,000","-88,000,000","-21,600,000","-66,300,000","-55,800,000","8,700,000","73,100,000","128,000,000","101,500,000","110,300,000","159,500,000","162,100,000","53,300,000","179,000,000","294,700,000","176,200,000","297,700,000","197,000,000","19,300,000","-900,000","-63,000,000","28,800,000","12,100,000","-5,200,000","-143,900,000","-20,700,000","-12,700,000","-111,800,000","-127,500,000","-31,200,000","37,200,000","96,200,000","55,900,000","115,100,000","140,700,000","44,600,000","22,400,000","-309,700,000","342,700,000","-37,600,000","-36,200,000","-175,300,000","-13,500,000","79,600,000","-23,200,000","-331,600,000","34,000,000","-5,500,000","42,600,000","-267,700,000","41,200,000","86,400,000","132,100,000","154,100,000","131,000,000","138,500,000","98,300,000","84,300,000","104,700,000","140,300,000","64,000,000","92,700,000","69,600,000","56,700,000","13,800,000","42,400,000","44,200,000","-13,000,000","-5,900,000","31,900,000","56,700,000","54,300,000","78,500,000","77,500,000","72,600,000","63,300,000",,,,,,,,,,,,,,
TaxProvision,"469,000,000","139,000,000","60,000,000","123,000,000","147,000,000","96,000,000","37,000,000","60,000,000","19,000,000","9,000,000","-26,000,000","3,000,000","3,000,000","7,000,000","-400,000","41,800,000","51,200,000","29,700,000","21,200,000","46,400,000","36,000,000","15,500,000","6,700,000","-7,500,000","16,200,000","4,400,000","5,000,000","-2,400,000","1,000,000","-6,300,000","-11,300,000","-3,600,000","-6,700,000","-5,600,000","-10,500,000","4,400,000","24,400,000","23,200,000","12,000,000","7,900,000","-11,100,000","-1,200,000","-3,000,000","-20,900,000","-8,400,000","-6,800,000","-8,100,000","-16,400,000","12,700,000","-10,300,000","-17,700,000","-10,500,000","-16,000,000","-19,200,000","-48,300,000","-61,000,000","-56,800,000","-35,900,000","-53,700,000","-37,500,000","-10,900,000","-32,200,000","-33,300,000","-5,100,000","18,300,000","44,300,000","12,300,000","-66,500,000","55,200,000","59,200,000","35,900,000","73,200,000","106,200,000","64,400,000","134,200,000","87,800,000","10,000,000","-400,000","-10,900,000","10,400,000","4,400,000","-2,000,000","-67,900,000","-19,100,000","-3,000,000","-22,400,000","-75,900,000","9,700,000","16,200,000","38,500,000","20,500,000","45,800,000","55,800,000","17,400,000","6,500,000","-117,000,000","138,800,000","-12,500,000","-14,900,000","-62,900,000","-3,400,000","37,600,000","-8,500,000","-128,200,000","13,000,000","-1,900,000","15,800,000","-108,600,000","14,900,000","32,100,000","47,400,000","59,000,000","49,100,000","53,300,000","38,800,000","42,800,000","39,000,000","52,600,000","22,900,000","37,000,000","25,500,000","20,700,000","5,000,000","15,900,000","15,000,000","-4,400,000","-2,000,000","10,700,000","18,700,000","18,500,000","25,700,000","26,000,000","24,200,000","23,400,000",,,,,,,,,,,,,,
EarningsFromEquityInterestNetOfTax,"5,000,000","1,000,000","1,000,000","1,000,000","1,000,000",,"0",,,,"0","0","0",,"-1,200,000","-1,100,000","-600,000",,"-3,800,000","1,000,000","1,700,000","1,100,000","800,000","1,400,000","1,500,000","1,500,000","2,600,000","2,000,000","1,400,000","700,000","1,200,000","1,400,000","1,200,000","600,000","600,000","0","4,100,000","7,200,000","4,300,000","2,000,000","-2,800,000","-1,800,000","-10,200,000","-6,000,000","-7,400,000","-3,300,000","-2,900,000","-3,700,000","900,000","-700,000",,,,,,,,,,,,,,,,,,,,,,,,,,,,,,,,,,,,,,,,,,,,,,,,,,,,,,,,,,,,,,,,,,,,,,,,,,,,,,,,,,,,,,,,,,,,,,,,,,
NetIncomeCommonStockholders,"1,541,000,000","484,000,000","194,000,000","365,000,000","498,000,000","320,000,000","256,000,000","177,000,000","33,000,000","33,000,000","-51,000,000","2,000,000","17,000,000","27,000,000","17,000,000","124,000,000","162,700,000","90,900,000","130,600,000","109,800,000","94,500,000","55,000,000","42,200,000","65,600,000","31,700,000","10,300,000","-7,600,000","-26,500,000","-19,500,000","-34,500,000","-42,900,000","-20,400,000","2,100,000","-14,200,000","-20,400,000","38,100,000","94,100,000","65,300,000","46,100,000","31,300,000","-37,300,000","-11,300,000","-57,200,000","-65,600,000","-35,500,000","-23,000,000","-6,800,000","-32,000,000","22,300,000","-22,500,000","-49,100,000","-12,500,000","-29,300,000","-30,400,000","-340,500,000","-111,100,000","-80,800,000","-46,400,000","-51,500,000","-67,800,000","-23,300,000","-37,300,000","-24,600,000","9,500,000","55,100,000","83,700,000","85,200,000","168,200,000","100,300,000","101,700,000","13,700,000","108,100,000","192,400,000","106,500,000","163,700,000","124,500,000","-17,200,000","1,500,000","-42,600,000","3,300,000","-13,200,000","-3,200,000","-70,900,000","-1,600,000","-9,700,000","-89,400,000","-51,600,000","-40,900,000","21,000,000","57,700,000","35,400,000","69,300,000","84,900,000","27,200,000","15,900,000","-192,700,000","203,900,000","-25,100,000","-21,300,000","-112,400,000","-10,100,000","42,000,000","-14,700,000","-203,400,000","21,000,000","-3,600,000","26,800,000","-159,100,000","26,300,000","54,300,000","84,700,000","95,100,000","81,900,000","85,200,000","59,500,000","41,500,000","65,700,000","77,300,000","41,100,000","55,700,000","44,100,000","36,000,000","8,800,000","26,500,000","29,200,000","-8,600,000","-3,900,000","21,200,000","38,000,000","35,800,000","52,800,000","51,500,000","48,400,000","39,900,000",,,,,,,,,,,,,,
	NetIncome,"1,541,000,000","484,000,000","194,000,000","365,000,000","498,000,000","320,000,000","256,000,000","177,000,000","33,000,000","33,000,000","-51,000,000","2,000,000","17,000,000","27,000,000","17,000,000","124,000,000","162,700,000","90,900,000","130,600,000","109,800,000","94,500,000","55,000,000","42,200,000","65,600,000","31,700,000","10,300,000","-7,600,000","-26,500,000","-19,500,000","-34,500,000","-42,900,000","-20,400,000","2,100,000","-14,200,000","-20,400,000","38,100,000","94,100,000","65,300,000","46,100,000","31,300,000","-37,300,000","-11,300,000","-57,200,000","-65,600,000","-35,500,000","-23,000,000","-6,800,000","-32,000,000","22,300,000","-22,500,000","-49,100,000","-12,500,000","-29,600,000","-30,400,000","-340,500,000","-111,100,000","-80,800,000","-46,400,000","-51,500,000","-67,800,000","-23,300,000","-37,300,000","-24,600,000","9,500,000","55,100,000","83,700,000","85,200,000","168,200,000","100,300,000","101,700,000","13,700,000","108,100,000","192,400,000","106,500,000","163,700,000","124,500,000","-17,200,000","1,500,000","-42,600,000","3,300,000","-13,200,000","-3,200,000","-70,900,000","-1,600,000","-9,700,000","-89,400,000","-51,600,000","-40,900,000","21,000,000","57,700,000","35,400,000","69,300,000","84,900,000","27,200,000","15,900,000","-192,700,000","203,900,000","-25,100,000","-21,300,000","-112,400,000","-10,100,000","42,000,000","-14,700,000","-203,400,000","21,000,000","-3,600,000","26,800,000","-159,100,000","26,300,000","54,300,000","84,700,000","95,100,000","81,900,000","85,200,000","59,500,000","41,500,000","65,700,000","77,300,000","41,100,000","55,700,000","44,100,000","36,000,000","8,800,000","26,500,000","29,200,000","-8,600,000","-3,900,000","21,200,000","38,000,000","35,800,000","52,800,000","51,500,000","48,400,000","39,900,000",,,,,,,,,,,,,,
		NetIncomeIncludingNoncontrollingInterests,"1,536,000,000","483,000,000","191,000,000","365,000,000","497,000,000","320,000,000","256,000,000","177,000,000","31,000,000","33,000,000","-52,000,000","1,000,000","16,000,000","26,000,000","17,000,000","124,000,000","162,700,000","90,900,000","130,600,000","109,800,000","94,500,000","55,000,000","42,200,000","65,600,000","31,700,000","10,300,000","-7,600,000","-26,500,000","-19,500,000","-34,500,000","-42,900,000","-20,400,000","2,100,000","-14,200,000","-20,400,000","38,100,000","94,100,000","65,300,000","46,100,000","31,300,000","-37,300,000","-11,300,000","-57,200,000","-65,600,000","-35,400,000","-22,900,000","-6,600,000","-31,700,000","22,400,000","-22,700,000","-49,200,000","-12,900,000","-29,900,000","-30,600,000","-340,700,000","-111,100,000","-80,800,000","-46,400,000","-51,500,000","-67,800,000","-23,300,000","-37,300,000","-24,600,000","9,500,000","55,100,000","83,700,000","85,200,000","168,200,000","100,300,000","101,700,000","13,700,000","108,100,000","192,400,000","106,500,000","163,700,000","124,500,000","-17,200,000","1,500,000","-42,600,000","3,100,000","-13,400,000","-3,700,000","-72,100,000","-2,900,000","-11,000,000","-90,700,000","-52,300,000","-41,200,000","21,500,000","58,200,000","36,200,000","69,700,000","84,900,000","26,700,000","15,100,000","-193,500,000","202,900,000","-26,300,000","-22,400,000","-113,400,000","-11,300,000","40,700,000","-15,800,000","-203,800,000","21,500,000","-3,100,000","27,500,000","-158,700,000","27,000,000","55,200,000","84,800,000","96,400,000","81,900,000","85,200,000","59,500,000","41,500,000","65,700,000","77,300,000","41,100,000","55,700,000","44,100,000","36,000,000","8,800,000","26,500,000","29,200,000","-8,600,000","-3,900,000","21,200,000","38,000,000","35,800,000","52,800,000","51,500,000","48,400,000","39,900,000","31,200,000","36,700,000","39,300,000","46,500,000","31,300,000","42,600,000","34,800,000","16,300,000","16,800,000","22,200,000","24,500,000","1,400,000","6,800,000","11,400,000"
			NetIncomeContinuousOperations,"1,536,000,000","483,000,000","190,000,000","364,000,000","498,000,000","320,000,000","256,000,000","177,000,000","31,000,000","33,000,000","-53,000,000","1,000,000","15,000,000","26,000,000","16,900,000","124,100,000","162,900,000","94,900,000","130,800,000","110,900,000","94,500,000","55,000,000","42,700,000","65,600,000","31,700,000","10,300,000","-7,400,000","-24,600,000","-19,500,000","-34,500,000","-43,000,000","-18,300,000","2,100,000","-14,200,000","-19,100,000","37,500,000","94,200,000","65,400,000","49,100,000","31,400,000","-37,200,000","-11,200,000","-56,800,000","-59,300,000","-32,900,000","-22,900,000","-2,400,000","-30,900,000","23,600,000","-22,500,000","-46,800,000","-12,700,000","-27,300,000","-30,200,000","-339,400,000","-100,400,000","-79,400,000","-45,900,000","-49,100,000","-54,600,000","-15,600,000","-37,400,000","-24,400,000","9,900,000","55,100,000","84,900,000","90,400,000","175,500,000","104,400,000","103,600,000","15,600,000","106,300,000","189,300,000","112,300,000","163,200,000","109,900,000","8,900,000","-500,000","-48,400,000","18,400,000","7,700,000","-3,200,000","-70,900,000","-1,600,000","-9,700,000","-89,400,000","-51,600,000","-40,900,000","21,000,000","57,700,000","35,400,000","69,300,000","84,900,000","27,200,000","15,900,000","-192,700,000","203,900,000","-25,100,000","-21,300,000","-112,400,000","-10,100,000","42,000,000","-14,700,000","-203,400,000","21,000,000","-3,600,000","26,800,000","-159,100,000","26,300,000","54,300,000","84,700,000","95,100,000","81,900,000","85,200,000","59,500,000","41,500,000","65,700,000","87,700,000","41,100,000","55,700,000","44,100,000","36,000,000","8,800,000","26,500,000","29,200,000","-8,600,000","-3,900,000","21,200,000","38,000,000","35,800,000","52,800,000","51,500,000","48,400,000","39,900,000","31,200,000","36,700,000","39,000,000","30,800,000","31,300,000","42,600,000","34,800,000","16,300,000","16,800,000","22,200,000","24,500,000","1,400,000","6,800,000","11,400,000"
			NetIncomeDiscontinuousOperations,,,,,,,,,,,"0","0","0","0","100,000","-100,000","-200,000","-4,000,000","-200,000","-1,100,000",,,"-500,000",,,,"-200,000","-1,900,000",,,"100,000","-2,100,000","0","0","-1,300,000","600,000","-100,000","-100,000","-3,000,000","-100,000","-100,000","-100,000","-400,000","-6,300,000","-2,500,000","0","-4,200,000","-800,000","-1,200,000","-200,000","-2,400,000","-200,000","-2,300,000","-400,000","-1,100,000","-10,700,000","-1,400,000","-500,000","-2,400,000","-13,200,000","-7,700,000","100,000","-200,000","-400,000",,"-1,200,000","-4,100,000","-7,300,000","-4,100,000","-1,900,000","-1,900,000","1,800,000","3,100,000","-5,800,000","500,000","14,600,000","-26,100,000","1,900,000","3,300,000","-15,100,000","-20,900,000",,,,,,,,,,,,,,,,,,,,,,,,,,,,,,,,,,,,,,,,,,,,,,,,,,,,,,"0",,"300,000","15,700,000",,,,,,,,,,
			NetIncomeExtraordinary,,,,,,,,,,,,,,,,,,,,,,,,,,,,,,,,,,,,,,,,,,,,,,,,,,,,,,,,,,,,,,,,,,,,,,,,,,,"0",,,"100,000","2,500,000",,,,,,,,,,,,,,,,,,,,,,,,,,,,,,,,,,,,"0",,,"-10,400,000",,,,,,,,,,,,,,,,,,,,,,,,,,,,,,
		MinorityInterests,"4,000,000","1,000,000","3,000,000","0","0","1,000,000","0","0","2,000,000","0","2,000,000","1,000,000","2,000,000","0",,,,,,,,,,,,,,,,,,,,,,,,,"0","0","0","0","0","0","-100,000","-100,000","-200,000","-300,000","-100,000","200,000","100,000","400,000","300,000","200,000",,,,,,,,,,,,,,,,,,,,,,,,,"0","200,000","200,000","500,000","1,200,000","1,300,000","1,300,000","1,300,000",,"300,000","-500,000","-500,000","-800,000","-400,000",,"500,000","800,000","800,000","1,000,000","1,200,000","1,100,000","1,000,000","1,200,000","1,300,000","1,100,000","400,000","-500,000","-500,000","-700,000","-400,000","-700,000","-900,000","-100,000","-1,300,000",,,,,,,,,,,,,,,,,,,,,,,,,,,,,,,,,,,,
	OtherunderPreferredStockDividend,,,,,,,,,,,,,,,,,,,,,,,,,,,,,,,,,,,,,,,,,,,,,,,,,,,,,"-300,000",,,,,,,,,,,,,,,,,,,,,,,,,,,,,,,,,,,,,,,,,,,,,,,,,,,,,,,,,,,,,,,,,,,,,,,,,,,,,,,,,,,,,,,,,,,,,,,
DilutedNIAvailtoComStockholders,"1,541,000,000","484,000,000","194,000,000","365,000,000","498,000,000","320,000,000","256,000,000","177,000,000","33,000,000","33,000,000","-51,000,000","2,000,000","17,000,000","27,000,000","17,000,000","124,000,000","162,700,000","90,900,000","130,600,000","109,800,000","94,500,000","55,000,000","42,200,000","65,600,000","31,700,000","10,300,000","-7,600,000","-26,500,000","-19,500,000","-34,500,000","-42,900,000","-20,400,000","2,100,000","-14,200,000","-20,400,000","38,100,000","94,100,000","65,300,000","46,100,000","31,300,000","-37,300,000","-11,300,000","-57,200,000","-65,600,000","-35,500,000","-23,000,000","-6,800,000","-32,000,000","22,300,000","-22,500,000","-49,100,000","-12,500,000","-29,300,000","-30,400,000","-340,500,000","-111,100,000","-80,800,000","-46,400,000","-51,500,000","-67,800,000","-23,300,000","-37,300,000","-24,600,000","9,500,000","55,100,000","83,700,000","85,200,000","168,200,000","100,300,000","101,700,000","13,700,000","108,100,000","192,400,000","106,500,000","163,700,000","124,500,000","-17,200,000","1,500,000","-42,600,000","3,300,000","-13,200,000","-3,200,000","-70,900,000","-1,600,000","-9,700,000","-89,400,000","-51,600,000","-40,900,000","21,000,000","57,700,000","35,400,000","69,300,000","84,900,000","27,200,000","15,900,000","-192,700,000","203,900,000","-25,100,000","-21,300,000","-112,400,000","-10,100,000","42,000,000","-14,700,000","-203,400,000","21,000,000","-3,600,000","26,800,000","-159,100,000","26,300,000","54,300,000","84,700,000","95,100,000","81,900,000","85,200,000","59,500,000","41,500,000","65,700,000","77,300,000","41,100,000","55,700,000","44,100,000","36,000,000","8,800,000","26,500,000","29,200,000","-8,600,000","-3,900,000","21,200,000","38,000,000","35,800,000","52,800,000","51,500,000","48,400,000","39,900,000",,,,,,,,,,,,,,
BasicEPS,,"5.64","2.22","3.9","4.93","3.02","2.36","1.58","0.29","0.29","-0.44","0.02","0.14","0.2","0.12","0.87","1.13","0.63",,"0.76","0.65","0.38","0.29","0.46","0.22","0.07","-0.05","-0.19","-0.14","-0.24","-0.3","-0.14","0.01","-0.1","-0.15","0.27","0.68","0.47","0.33","0.23","-0.27","-0.08",,"-0.49","-0.27","-0.18",,"-0.24","0.17","-0.18",,"-0.12","-0.28","-0.3",,"-1.08","-0.79","-0.45",,"-0.65","-0.22","-0.36",,"0.09","0.52","0.79",,"1.54","0.9","0.92",,"0.99","1.77","0.99",,"1.18","-0.16","0.01",,"0.03","-0.13","-0.03",,"-0.02","-0.09","-0.86",,"-0.39","0.2","0.55",,"0.65","0.79","0.26",,"-1.77","1.87","-0.23",,"-1.03","-0.1","0.39",,"-1.89","0.19","-0.03",,"-1.48","0.25","0.5",,"0.86","0.75","0.77",,"0.38","0.6","0.7",,"0.52","0.41","0.34",,"0.25","0.27","-0.08",,"0.19","0.34","0.32",,"0.41","0.42","0.35",,"0.32","0.35","0.41",,"0.37","0.31","0.15",,"0.2","0.22","0.02",,"0.1"
DilutedEPS,,"5.6","2.2","3.87","4.9","3","2.34","1.57","0.29","0.29","-0.44","0.02","0.14","0.2","0.12","0.86","1.11","0.62",,"0.75","0.65","0.38","0.29","0.45","0.22","0.07","-0.05","-0.19","-0.14","-0.24","-0.3","-0.14","0.01","-0.1","-0.15","0.26","0.65","0.45","0.32","0.22","-0.27","-0.08",,"-0.49","-0.27","-0.18",,"-0.244","0.16","-0.18",,"-0.12","-0.284","-0.3",,"-1.08","-0.79","-0.45",,"-0.65","-0.22","-0.36",,"0.09","0.52","0.79",,"1.53","0.9","0.91",,"0.98","1.75","0.98",,"1.17","-0.164","0.01",,"0.03","-0.13","-0.03",,"-0.02","-0.093","-0.86",,"-0.393","0.2","0.55",,"0.65","0.79","0.26",,"-1.77","1.87","-0.23",,"-1.03","-0.1","0.39",,"-1.89","0.19","-0.03",,"-1.48","0.25","0.5",,"0.86","0.75","0.77",,"0.38","0.6","0.7",,"0.52","0.41","0.34",,"0.25","0.27","-0.08",,"0.19","0.34","0.32",,"0.41","0.42","0.35",,"0.32","0.35","0.41",,"0.37","0.31","0.15",,"0.2","0.22","0.02",,"0.1"
BasicAverageShares,,"86,000,000","88,000,000","94,000,000","101,000,000","106,000,000","109,000,000","112,000,000","112,000,000","112,000,000","115,000,000","121,400,000","123,400,000","131,000,000","140,000,000","142,500,000","144,600,000","144,700,000",,"144,500,000","144,500,000","144,200,000","143,700,000","143,700,000","143,400,000","142,900,000","142,700,000","142,600,000","142,300,000","142,000,000","141,700,000","140,800,000","140,800,000","140,800,000","140,600,000","140,000,000","139,100,000","138,400,000","138,600,000","137,100,000","137,000,000","136,600,000",,"134,500,000","131,400,000","131,300,000",,"131,100,000","128,500,000","125,900,000",,"103,400,000","103,000,000","102,800,000",,"102,900,000","102,900,000","102,900,000",,"103,600,000","104,200,000","104,100,000",,"104,900,000","105,300,000","105,800,000",,"109,000,000","110,900,000","110,500,000",,"109,600,000","109,000,000","107,600,000",,"105,100,000","104,600,000","104,600,000",,"104,600,000","104,600,000","104,600,000",,"104,400,000","104,400,000","104,400,000",,"104,100,000","104,000,000","104,100,000",,"106,615,385","107,468,354","104,615,385",,"108,870,056","109,037,433","109,130,435",,"109,126,214","101,000,000","107,692,308",,"107,619,048","110,526,316","120,000,000",,"107,500,000","105,200,000","108,600,000",,"110,581,395","109,200,000","110,649,351",,"109,210,526","109,500,000","110,428,571",,"107,115,385","107,560,976","105,882,353",,"106,000,000","108,148,148","107,500,000",,"111,578,947","111,764,706","111,875,000",,"125,609,756","115,238,095","114,000,000",,"115,916,000","114,954,000","114,944,000",,"114,870,000","114,792,000","113,868,000",,"114,176,000","114,176,000","112,876,000",,"112,834,000"
DilutedAverageShares,,"86,000,000","88,000,000","94,000,000","102,000,000","107,000,000","109,000,000","113,000,000","113,000,000","113,000,000","115,000,000","122,200,000","124,300,000","132,000,000","141,100,000","143,900,000","146,200,000","146,700,000",,"146,500,000","146,200,000","145,900,000","145,500,000","145,400,000","145,200,000","145,200,000","142,700,000","142,600,000","142,300,000","142,000,000","141,700,000","140,800,000","144,000,000","140,800,000","140,600,000","144,000,000","144,100,000","144,400,000","143,300,000","142,600,000","137,000,000","136,600,000",,"134,500,000","131,400,000","131,300,000",,"131,100,000","139,800,000","125,900,000",,"103,400,000","103,000,000","102,800,000",,"102,900,000","102,900,000","102,900,000",,"103,600,000","104,200,000","104,500,000",,"105,200,000","105,800,000","106,400,000",,"109,600,000","111,500,000","111,300,000",,"110,700,000","110,200,000","109,200,000",,"106,300,000","105,100,000","104,700,000",,"104,600,000","104,600,000","104,600,000",,"104,400,000","104,400,000","104,400,000",,"104,100,000","104,200,000","104,100,000",,"106,615,385","107,468,354","104,615,385",,"108,870,056","109,037,433","109,130,435",,"109,126,214","101,000,000","107,692,308",,"107,619,048","110,526,316","120,000,000",,"107,500,000","105,200,000","108,600,000",,"110,581,395","109,200,000","110,649,351",,"109,210,526","109,500,000","110,428,571",,"107,115,385","107,560,976","105,882,353",,"106,000,000","108,148,148","107,500,000",,"111,578,947","111,764,706","111,875,000",,"125,609,756","115,238,095","114,000,000",,"115,916,000","114,954,000","114,944,000",,"114,870,000","114,792,000","113,868,000",,"114,176,000","114,176,000","112,876,000",,"112,834,000"
TotalOperatingIncomeAsReported,"2,026,000,000","633,000,000","253,000,000","488,000,000","653,000,000","431,000,000","297,000,000","242,000,000","53,000,000","44,000,000","-73,000,000","8,000,000","23,000,000","22,000,000","16,300,000","167,600,000","215,000,000","127,200,000","159,000,000","158,900,000","132,900,000","72,700,000","56,000,000","76,900,000","52,200,000","18,900,000","1,400,000","-17,400,000","-14,100,000","-33,200,000","-48,900,000","-14,600,000","-3,900,000","-10,200,000","-21,900,000","47,600,000","88,900,000","89,200,000","47,000,000","43,500,000","19,000,000","-2,100,000","-25,600,000","-72,700,000","-23,600,000","-18,200,000","-17,900,000","-15,900,000","48,900,000","-22,700,000","-50,500,000","-8,100,000","-32,200,000","-42,500,000","-366,200,000","-67,600,000","-124,100,000","-85,700,000","-86,800,000","-85,700,000","-22,600,000","-73,600,000","-75,000,000","-4,800,000","73,700,000","116,300,000","92,200,000","104,200,000","159,300,000","162,900,000","43,200,000","180,500,000","301,000,000","226,200,000","305,300,000","211,500,000","33,400,000","16,100,000","-43,300,000","43,800,000","28,800,000","9,600,000","-127,800,000","-7,600,000","3,800,000","-100,100,000","-77,500,000","-12,700,000","84,500,000","103,500,000","59,700,000","136,900,000","137,200,000","43,300,000","3,200,000","80,600,000","22,000,000","-31,200,000","-31,400,000","-13,800,000","-8,200,000","-35,100,000","-20,900,000","21,900,000","35,000,000","-5,000,000","41,800,000","99,000,000","41,600,000","86,500,000","130,200,000","155,100,000","131,600,000","139,200,000","99,200,000","85,400,000","105,800,000","142,200,000","66,400,000","96,500,000","74,400,000","60,100,000","17,800,000","46,400,000","49,400,000","-7,300,000","-3,200,000","33,200,000","57,800,000","56,900,000","81,300,000","80,000,000","76,100,000","66,700,000",,,,,,,,,,,,,,
TotalExpenses,"2,842,000,000","703,000,000","733,000,000","732,000,000","675,000,000","586,000,000","563,000,000","552,000,000","487,000,000","534,000,000","520,000,000","590,000,000","565,000,000","560,000,000","546,900,000","568,900,000","595,800,000","564,700,000","543,000,000","558,700,000","564,300,000","537,600,000","503,400,000","519,200,000","529,500,000","485,700,000","461,100,000","481,400,000","506,600,000","504,800,000","506,200,000","536,300,000","522,900,000","454,900,000","523,400,000","459,500,000","484,400,000","448,300,000","410,800,000","420,000,000","408,500,000","363,700,000","336,900,000","368,100,000","386,600,000","350,700,000","337,700,000","335,200,000","397,700,000","318,100,000","324,400,000","318,100,000","299,400,000","247,000,000","616,400,000","457,200,000","511,100,000","435,100,000","463,400,000","558,200,000","483,800,000","479,600,000","444,600,000","539,300,000","579,000,000","562,000,000","532,000,000","517,100,000","532,700,000","517,100,000","545,100,000","560,000,000","524,300,000","469,100,000","428,500,000","463,300,000","445,100,000","482,400,000","483,900,000","458,000,000","420,100,000","587,100,000","643,700,000","643,100,000","646,000,000","658,600,000","802,900,000","665,100,000","693,600,000","673,400,000","652,900,000","660,500,000","631,300,000","559,800,000","516,100,000","525,700,000","601,200,000","579,500,000","626,500,000","633,300,000","641,500,000","589,700,000","588,200,000","654,400,000","623,300,000","589,100,000","628,500,000","677,800,000","667,700,000","600,300,000","618,200,000","663,300,000","643,100,000","558,800,000","536,900,000","544,000,000","490,800,000","507,000,000","462,300,000","544,900,000","464,700,000","415,400,000","387,400,000","403,100,000","435,600,000","369,700,000","369,300,000","417,700,000","443,700,000","417,900,000","425,000,000","430,100,000","450,000,000","400,300,000",,,,,,,,,,,,,,
NetIncomeFromContinuingAndDiscontinuedOperation,"1,541,000,000","484,000,000","194,000,000","365,000,000","498,000,000","320,000,000","256,000,000","177,000,000","33,000,000","33,000,000","-51,000,000","2,000,000","17,000,000","27,000,000","17,000,000","124,000,000","162,700,000","90,900,000","130,600,000","109,800,000","94,500,000","55,000,000","42,200,000","65,600,000","31,700,000","10,300,000","-7,600,000","-26,500,000","-19,500,000","-34,500,000","-42,900,000","-20,400,000","2,100,000","-14,200,000","-20,400,000","38,100,000","94,100,000","65,300,000","46,100,000","31,300,000","-37,300,000","-11,300,000","-57,200,000","-65,600,000","-35,500,000","-23,000,000","-6,800,000","-32,000,000","22,300,000","-22,500,000","-49,100,000","-12,500,000","-29,600,000","-30,400,000","-340,500,000","-111,100,000","-80,800,000","-46,400,000","-51,500,000","-67,800,000","-23,300,000","-37,300,000","-24,600,000","9,500,000","55,100,000","83,700,000","86,300,000","168,200,000","100,300,000","101,700,000","13,700,000","108,100,000","192,400,000","106,500,000","163,700,000","124,500,000","-17,200,000","1,400,000","-45,100,000","3,300,000","-13,200,000","-3,200,000","-70,900,000","-1,600,000","-9,700,000","-89,400,000","-51,600,000","-40,900,000","21,000,000","57,700,000","35,400,000","69,300,000","84,900,000","27,200,000","15,900,000","-192,700,000","203,900,000","-25,100,000","-21,300,000","-112,400,000","-10,100,000","42,000,000","-14,700,000","-203,400,000","21,000,000","-3,600,000","26,800,000","-159,100,000","26,300,000","54,300,000","84,700,000","95,100,000","81,900,000","85,200,000","59,500,000","41,500,000","65,700,000","87,700,000","41,100,000","55,700,000","44,100,000","36,000,000","8,800,000","26,500,000","29,200,000","-8,600,000","-3,900,000","21,200,000","38,000,000","35,800,000","52,800,000","51,500,000","48,400,000","39,900,000",,,,,,,,,,,,,,
NormalizedIncome,"1,554,013,500","483,220,000","198,554,216.867","363,500,000","501,080,000","320,000,000","258,619,863.014","177,750,000","36,780,000","33,780,000","10,050,632.911","5,650,000","17,000,000","19,058,823.529","34,785,000","124,924,670.659","162,519,236.143","94,595,345.104","131,750,320.924","111,814,075.496","93,347,204.969","54,376,000","35,889,094.65","72,680,000","29,942,672.414","8,766,666.667","-8,120,000","-21,389,655.172","-20,100,000","-33,565,000","-45,946,666.667","-21,156,000","-1,670,000","-12,328,000","-32,863,907.285","36,247,016.706","65,681,000","62,897,542.998","31,826,760.563","31,880,000","5,227,000","-12,100,000","-46,841,129.032","-28,771,024.259","-36,535,398.23","-27,900,000","-20,020,000","-21,467,889.908","21,127,401.13","-26,510,591.9","-64,883,627.608","-13,535,000","-31,440,000","-31,430,000","-93,953,428.202","-46,248,831.333","-36,240,000","-62,670,000","-49,100,000","-27,105,000","-35,230,000","-45,265,000","-84,100,000","10,560,000","63,121,340.629","83,526,796.875","143,216,945.813","164,700,000","104,792,351.097","103,663,479.334","32,220,000","106,960,000","190,899,083.814","143,961,861.521","111,060,000","100,180,000","6,500,000","-6,740,000","-45,588,253.968","-6,069,444.444","6,172,727.273","-2,523,076.923","-12,580,000","2,480,000","1,069,291.339","-77,725,223.614","-29,160,000","-37,180,000","43,800,000","56,740,000","32,043,649.374","80,558,992.181","76,090,191.898","21,223,318.386","-7,311,160.714","48,532,773.652","6,020,000","-26,501,861.702","-21,780,000","-13,593,154.592","-10,474,074.074","-31,320,000","-15,713,793.103","10,672,979.493","19,208,823.529","-3,665,454.545","25,793,427.23","59,960,000","25,023,300.971","52,351,736.111","82,391,748.675","93,557,170.668","80,649,618.321","84,031,191.336","58,228,891.15","40,420,000","64,444,985.673","86,512,330.72","39,751,406.25","54,678,532.902","42,896,120.69","34,984,126.984","7,014,492.754","24,562,500","27,218,099.548","-10,716,923.077","-7,138,983.051","17,278,996.865","33,375,661.376","31,712,338.858","48,293,503.185","46,848,387.097","44,200,000","36,433,175.355",,,,,,,,,,,,,,
InterestIncome,,,"0",,,,"1,000,000","0","1,000,000","0","1,000,000","2,000,000",,"4,000,000","4,800,000","5,100,000","4,700,000","3,500,000",,"2,600,000","2,100,000",,,,,"1,800,000",,,,"1,400,000",,,,,,,,,,,"3,400,000","3,200,000",,,,,,,,,,"7,400,000","7,500,000","5,200,000",,,,,,,,,,,,,,,,,,,,,,,,,,,,,,,,,,,,,,,,,,,,,,,,,,,,,,,,,,,,,,,,,,,,,,,,,,,,,,,,,,,,,,,,,,,,,,
InterestExpense,"10,000,000","3,000,000","0","4,000,000","4,000,000","5,000,000","1,000,000","5,000,000","6,000,000","6,000,000","4,000,000","6,000,000","2,000,000","4,000,000","2,900,000","3,600,000","4,200,000","4,200,000","4,300,000","4,700,000","4,700,000","4,800,000","5,500,000","8,700,000","9,000,000","7,700,000","7,900,000","8,100,000","7,000,000","7,200,000","6,000,000","8,000,000","7,200,000","7,400,000","7,700,000","7,300,000","9,400,000","10,600,000","12,600,000","10,400,000","13,100,000","12,000,000",,,"14,400,000","14,000,000","11,000,000","15,300,000","17,700,000","16,800,000","18,300,000","20,400,000","21,100,000","11,800,000",,,,,,,,,,,,,,,,,,,,,,,,,,,,,,,,,,,,,,,,,,,,,,,,,,,,,,,,,,,,,,,,,,,,,,,,,,,,,,,,,,,,,,,,,,,,,,
NetInterestIncome,"-11,000,000","-3,000,000","-1,000,000","-4,000,000","-4,000,000","-5,000,000","-1,000,000","-5,000,000","-5,000,000","-7,000,000","-4,000,000","-4,000,000","-2,000,000","0","1,700,000","1,300,000","300,000","-900,000","-10,900,000","-2,300,000","-2,800,000","-5,000,000","-5,800,000","-9,000,000","-9,300,000","-6,200,000","-8,100,000","-8,400,000","-7,200,000","-6,100,000","-6,400,000","-8,300,000","-7,400,000","-7,700,000","-8,000,000","-7,600,000","-9,800,000","-10,600,000","-12,900,000","-10,700,000","-9,700,000","-9,400,000","-14,300,000","-14,200,000","-14,400,000","-14,000,000","-14,100,000","-15,300,000","-17,700,000","-16,800,000","-38,400,000","-13,000,000","-13,600,000","-6,600,000",,,,,,,,,,,,,,,,,,,,,,,,,,,,,,,,,,,,,,,,,,,,,,,,,,,,,,,,,,,,,,,,,,,,,,,,,,,,,,,,,,,,,,,,,,,,,,
EBIT,"2,010,000,000","624,000,000","249,000,000","490,000,000","648,000,000","421,000,000","293,000,000","242,000,000","56,000,000","48,000,000","-75,000,000","9,000,000","21,000,000","38,000,000","20,600,000","170,600,000","218,900,000","128,800,000","160,100,000","161,000,000","133,500,000","74,200,000","54,100,000","65,400,000","55,400,000","20,900,000","2,900,000","-20,900,000","-12,900,000","-34,300,000","-49,500,000","-15,300,000","1,400,000","-13,000,000","-22,500,000","49,200,000","123,900,000","92,000,000","69,400,000","47,700,000","-32,400,000","1,400,000","-77,100,000","-17,500,000","-19,500,000","-12,400,000","3,400,000","-28,300,000","53,100,000","-15,300,000","-44,000,000","0","-18,800,000","-35,000,000","-366,200,000","-67,600,000","-124,100,000","-85,700,000","-86,800,000","-85,700,000","-22,600,000","-73,600,000","-75,000,000","-4,800,000","73,700,000","116,300,000","92,200,000","104,200,000","159,300,000","162,900,000","43,200,000","180,500,000","301,000,000","226,200,000","305,300,000","211,500,000","33,400,000","16,100,000","-43,300,000","43,800,000","28,800,000","9,600,000","-127,800,000","-7,600,000","3,800,000","-100,100,000","-77,500,000","-12,700,000","84,500,000","103,500,000","59,700,000","136,900,000","137,200,000","43,300,000","3,200,000","80,600,000","22,000,000","-31,200,000","-31,400,000","-13,800,000","-8,200,000","-35,100,000","-20,900,000","21,900,000","35,000,000","-5,000,000","41,800,000","99,000,000","41,600,000","86,500,000","130,200,000","155,100,000","131,600,000","139,200,000","99,200,000","85,400,000","105,800,000","142,200,000","66,400,000","96,500,000","74,400,000","60,100,000","17,800,000","46,400,000","49,400,000","-7,300,000","-3,200,000","33,200,000","57,800,000","56,900,000","81,300,000","80,000,000","76,100,000","66,700,000","-1,130,200,000","462,900,000","474,200,000","483,000,000","-1,198,000,000","531,800,000","488,800,000","422,900,000","-1,004,700,000","407,400,000","394,100,000","322,600,000","-911,500,000","332,400,000"
EBITDA,"2,132,000,000"
ReconciledCostOfRevenue,"2,620,000,000","676,000,000","655,000,000","670,000,000","619,000,000","538,000,000","509,000,000","503,000,000","431,000,000","477,000,000","467,000,000","529,000,000","510,000,000","501,000,000","495,300,000","524,000,000","550,200,000","514,500,000","461,900,000","479,300,000","485,700,000","455,000,000","422,800,000","442,600,000","443,100,000","415,500,000","395,300,000","416,200,000","443,400,000","427,800,000","430,900,000","477,000,000","461,500,000","388,400,000","415,200,000","416,300,000","422,700,000","392,600,000","360,600,000","369,400,000","359,900,000","313,300,000","290,900,000","322,000,000","336,300,000","295,000,000","282,500,000","291,100,000","346,300,000","268,000,000","265,400,000","271,400,000","253,300,000","204,400,000","274,800,000","382,200,000","375,000,000","372,800,000","391,600,000","446,600,000","436,600,000","403,700,000","366,700,000","468,900,000","505,700,000","485,500,000","448,300,000","444,700,000","462,800,000","445,000,000","455,700,000","462,200,000","446,700,000","382,300,000","413,400,000","403,000,000","374,700,000","421,500,000","375,700,000","424,100,000","344,400,000","505,600,000","466,100,000","541,100,000","540,700,000","549,200,000","694,000,000","544,500,000","566,700,000","547,700,000","529,600,000","551,500,000","530,900,000","471,100,000","423,200,000","428,400,000","506,200,000","500,300,000","535,900,000","537,600,000","555,100,000","510,100,000","506,500,000","565,300,000","540,900,000","510,800,000","540,700,000","590,800,000","593,200,000","525,600,000","536,200,000","576,600,000","558,900,000","486,700,000","408,400,000","462,600,000","421,400,000","437,200,000","391,700,000","470,000,000","398,700,000","360,200,000","328,400,000","341,200,000","377,000,000","319,700,000","315,500,000","361,300,000","382,500,000","362,400,000","367,900,000","370,400,000","393,400,000","348,500,000",,,,,,,,,,,,,,
ReconciledDepreciation,"122,000,000","32,000,000","31,000,000","30,000,000","29,000,000","29,000,000","27,000,000","28,000,000","28,000,000","28,000,000","33,000,000","30,000,000","29,000,000","31,000,000","28,200,000","30,700,000","30,100,000","31,000,000","32,000,000","31,100,000","29,600,000","30,600,000","26,800,000","29,600,000","28,500,000","27,900,000","24,000,000","25,900,000","25,300,000","26,700,000","23,300,000","26,900,000","24,900,000","25,600,000","26,300,000","25,800,000","20,800,000","18,700,000","18,000,000","18,800,000","17,900,000","19,100,000","17,700,000","19,600,000","20,200,000","21,400,000","20,500,000","18,700,000","22,400,000","20,400,000","19,800,000","22,200,000","18,900,000","19,100,000","20,000,000","27,000,000","26,800,000","26,600,000","24,900,000","27,200,000","28,400,000","29,300,000","28,300,000","32,800,000","32,400,000","34,500,000","34,300,000","34,400,000","33,100,000","33,300,000","38,100,000","40,000,000","32,700,000","34,300,000","36,800,000","34,600,000","34,300,000","35,600,000","36,600,000","37,100,000","40,500,000","43,400,000","43,400,000","56,000,000","46,700,000","49,100,000","51,400,000","63,500,000","59,300,000","61,300,000","61,100,000","52,400,000","45,700,000","42,800,000","46,400,000","50,000,000","49,500,000","39,500,000","47,400,000","49,500,000","46,100,000","40,900,000","44,400,000","52,400,000","51,900,000","43,100,000","51,800,000","57,900,000","47,900,000","45,000,000","48,800,000","52,900,000","51,000,000","44,600,000","48,400,000","51,500,000","43,600,000","39,700,000","41,500,000","46,400,000","40,500,000","34,600,000","40,300,000","42,200,000","36,700,000","30,600,000","36,700,000","43,000,000","39,200,000","33,400,000","35,700,000","37,800,000","36,600,000","31,700,000",,,,,,,,,,,,,,
NetIncomeFromContinuingOperationNetMinorityInterest,"1,541,000,000","484,000,000","194,000,000","365,000,000","498,000,000","320,000,000","256,000,000","177,000,000","33,000,000","33,000,000","-51,000,000","2,000,000","17,000,000","27,000,000","16,900,000","124,100,000","162,900,000","94,900,000","130,800,000","110,900,000","94,500,000","55,000,000","42,700,000","65,600,000","31,700,000","10,300,000","-7,400,000","-24,600,000","-19,500,000","-34,500,000","-43,000,000","-18,300,000","2,100,000","-14,200,000","-19,100,000","37,500,000","94,200,000","65,400,000","49,100,000","31,400,000","-37,200,000","-11,200,000","-56,800,000","-59,300,000","-33,000,000","-23,000,000","-2,600,000","-31,200,000","23,500,000","-22,300,000","-46,700,000","-12,300,000","-27,300,000","-30,000,000","-339,400,000","-100,400,000","-79,400,000","-45,900,000","-49,100,000","-54,600,000","-15,600,000","-37,400,000","-24,400,000","9,900,000","55,100,000","84,900,000","90,400,000","175,500,000","104,400,000","103,600,000","15,600,000","106,300,000","189,300,000","112,300,000","163,200,000","109,900,000","8,900,000","-500,000","-48,400,000","18,400,000","7,700,000","-3,200,000","-70,900,000","-1,600,000","-9,700,000","-89,400,000","-51,600,000","-40,900,000","21,000,000","57,700,000","35,400,000","69,300,000","84,900,000","27,200,000","15,900,000","-192,700,000","203,900,000","-25,100,000","-21,300,000","-112,400,000","-10,100,000","42,000,000","-14,700,000","-203,400,000","21,000,000","-3,600,000","26,800,000","-159,100,000","26,300,000","54,300,000","84,700,000","95,100,000","81,900,000","85,200,000","59,500,000","41,500,000","65,700,000","87,700,000","41,100,000","55,700,000","44,100,000","36,000,000","8,800,000","26,500,000","29,200,000","-8,600,000","-3,900,000","21,200,000","38,000,000","35,800,000","52,800,000","51,500,000","48,400,000","39,900,000",,,,,,,,,,,,,,
TotalUnusualItemsExcludingGoodwill,"-17,000,000","1,000,000","-6,000,000","2,000,000","-4,000,000","0","-3,000,000","-1,000,000","-6,000,000","-1,000,000","-91,000,000","-5,000,000","0","10,000,000","-24,500,000","-1,100,000","500,000","400,000","-1,100,000","-1,300,000","1,600,000","800,000","7,900,000","-11,800,000","2,700,000","2,300,000","1,200,000","-3,500,000","1,000,000","-1,100,000","3,700,000","3,400,000","5,800,000","-2,600,000","21,100,000","1,400,000","36,100,000","3,500,000","21,900,000","-600,000","-55,100,000","1,000,000","-10,600,000","-42,500,000","4,700,000","6,600,000","26,800,000","-15,600,000","3,700,000","6,200,000","25,400,000","1,900,000","6,900,000","2,200,000","-280,500,000","-88,100,000","-66,400,000","25,800,000",,"-42,300,000","30,200,000","12,100,000","99,500,000","-1,100,000","-10,700,000","2,100,000","-60,100,000","18,000,000","-600,000","-100,000","-27,700,000","-1,100,000","-2,500,000","-49,900,000","86,900,000","16,200,000","4,000,000","10,400,000","-3,400,000","38,300,000","2,400,000","-1,100,000","-97,200,000","-6,800,000","-14,100,000","-14,600,000","-37,400,000","-6,200,000","-38,000,000","1,600,000","5,300,000","-18,700,000","14,600,000","9,800,000","32,700,000","-387,700,000","329,800,000","2,100,000","800,000","-154,100,000","500,000","122,200,000","1,600,000","-349,000,000","2,900,000","100,000","1,600,000","-365,100,000","2,000,000","3,100,000","3,600,000","2,500,000","2,000,000","1,900,000","2,100,000","1,800,000","2,000,000","1,900,000","2,100,000","1,700,000","1,900,000","1,600,000","2,800,000","3,100,000","3,000,000","3,200,000","4,900,000","5,900,000","6,900,000","6,200,000","6,700,000","7,000,000","6,300,000","5,500,000",,,,,,,,,,,,,,
TotalUnusualItems,"-17,000,000","1,000,000","-6,000,000","2,000,000","-4,000,000","0","-3,000,000","-1,000,000","-6,000,000","-1,000,000","-91,000,000","-5,000,000","0","10,000,000","-24,500,000","-1,100,000","500,000","400,000","-1,100,000","-1,300,000","1,600,000","800,000","7,900,000","-11,800,000","2,700,000","2,300,000","1,200,000","-3,500,000","1,000,000","-1,100,000","3,700,000","3,400,000","5,800,000","-2,600,000","21,100,000","1,400,000","36,100,000","3,500,000","21,900,000","-600,000","-55,100,000","1,000,000","-10,600,000","-42,500,000","4,700,000","6,600,000","26,800,000","-15,600,000","3,700,000","6,200,000","25,400,000","1,900,000","6,900,000","2,200,000","-280,500,000","-88,100,000","-66,400,000","25,800,000",,"-42,300,000","30,200,000","12,100,000","99,500,000","-1,100,000","-10,700,000","2,100,000","-60,100,000","18,000,000","-600,000","-100,000","-27,700,000","-1,100,000","-2,500,000","-49,900,000","86,900,000","16,200,000","4,000,000","10,400,000","-3,400,000","38,300,000","2,400,000","-1,100,000","-97,200,000","-6,800,000","-14,100,000","-14,600,000","-37,400,000","-6,200,000","-38,000,000","1,600,000","5,300,000","-18,700,000","14,600,000","9,800,000","32,700,000","-387,700,000","329,800,000","2,100,000","800,000","-154,100,000","500,000","122,200,000","1,600,000","-349,000,000","2,900,000","100,000","1,600,000","-365,100,000","2,000,000","3,100,000","3,600,000","2,500,000","2,000,000","1,900,000","2,100,000","1,800,000","2,000,000","1,900,000","2,100,000","1,700,000","1,900,000","1,600,000","2,800,000","3,100,000","3,000,000","3,200,000","4,900,000","5,900,000","6,900,000","6,200,000","6,700,000","7,000,000","6,300,000","5,500,000",,,,,,,,,,,,,,
NormalizedEBITDA,"2,149,000,000","655,000,000","286,000,000","518,000,000","681,000,000","450,000,000","323,000,000","271,000,000","90,000,000","77,000,000","49,000,000","44,000,000","50,000,000","59,000,000","73,300,000","202,400,000","248,500,000","159,400,000","193,200,000","193,400,000","161,500,000","104,000,000","73,000,000","106,800,000","81,200,000","46,500,000","25,700,000","8,500,000","11,400,000","-6,500,000","-29,900,000","8,200,000","20,500,000","15,200,000","-17,300,000","73,600,000","108,600,000","107,200,000","65,500,000","67,200,000","40,600,000","19,500,000","-48,800,000","44,600,000","-4,000,000","2,400,000","-2,900,000","6,000,000","71,800,000","-1,100,000","-49,600,000","20,300,000","-6,800,000","-18,100,000","-65,700,000","47,500,000","-30,900,000","-84,900,000","-61,900,000","-16,200,000","-24,400,000","-56,400,000","-146,200,000","29,100,000","116,800,000","148,700,000","186,600,000","120,600,000","193,000,000","196,500,000","109,100,000","221,600,000","336,200,000","310,400,000","255,200,000","229,900,000","63,700,000","41,300,000","-3,300,000","42,600,000","66,900,000","54,100,000","12,800,000","55,200,000","64,600,000","-36,400,000","11,300,000","57,000,000","181,800,000","163,200,000","115,500,000","208,000,000","168,300,000","76,300,000","16,900,000","518,300,000","-258,300,000","6,200,000","15,200,000","189,800,000","37,400,000","-116,400,000","21,900,000","423,300,000","84,000,000","38,000,000","92,000,000","522,000,000","87,500,000","128,400,000","175,400,000","205,500,000","180,600,000","181,900,000","145,500,000","135,100,000","147,400,000","180,000,000","105,800,000","141,200,000","113,000,000","93,100,000","55,300,000","85,500,000","83,100,000","20,100,000","28,600,000","70,300,000","90,100,000","84,100,000","110,300,000","110,800,000","106,400,000","92,900,000","-1,130,200,000","462,900,000","474,200,000","483,000,000","-1,198,000,000","531,800,000","488,800,000","422,900,000","-1,004,700,000","407,400,000","394,100,000","322,600,000","-911,500,000","332,400,000"
TaxRateForCalcs,"0.235","0.22","0.241","0.25","0.23","0.23","0.127","0.25","0.37","0.22","0.329","0.27","0.158","0.206","0.27","0.25","0.238","0.238","0.136","0.297","0.28","0.22","0.138","0.4","0.349","0.333","0.4","0.083","0.4","0.15","0.204","0.16","0.35","0.28","0.348","0.105","0.21","0.285","0.211","0.2","0.23","0.1","0.06","0.282","0.248","0.258","0.35","0.376","0.359","0.321","0.284","0.35","0.4","0.35","0.125","0.385","0.35","0.35","0.35","0.35","0.35","0.35","0.4","0.4","0.25","0.346","0.121","0.4","0.346","0.365","0.4","0.4","0.36","0.365","0.4","0.4","0.4","0.4","0.173","0.361","0.364","0.385","0.4","0.4","0.236","0.2","0.4","0.4","0.4","0.4","0.367","0.398","0.397","0.39","0.29","0.378","0.4","0.332","0.4","0.359","0.252","0.4","0.366","0.387","0.382","0.345","0.371","0.4","0.362","0.372","0.359","0.383","0.375","0.385","0.395","0.4","0.372","0.375","0.358","0.399","0.366","0.365","0.362","0.375","0.339","0.338","0.339","0.335","0.33","0.341","0.327","0.335","0.333","0.37",,,,,,,,,,,,,,
TaxEffectOfUnusualItems,"-3,986,500","220,000","-1,445,783.133","500,000","-920,000","0","-380,136.986","-250,000","-2,220,000","-220,000","-29,949,367.089","-1,350,000","0","2,058,823.529","-6,615,000","-275,329.341","119,236.143","95,345.104","-149,679.076","-385,924.504","447,204.969","176,000","1,089,094.65","-4,720,000","942,672.414","766,666.667","480,000","-289,655.172","400,000","-165,000","753,333.333","544,000","2,030,000","-728,000","7,336,092.715","147,016.706","7,581,000","997,542.998","4,626,760.563","-120,000","-12,673,000","100,000","-641,129.032","-11,971,024.259","1,164,601.77","1,700,000","9,380,000","-5,867,889.908","1,327,401.13","1,989,408.1","7,216,372.392","665,000","2,760,000","770,000","-35,053,428.202","-33,948,831.333","-23,240,000","9,030,000","0","-14,805,000","10,570,000","4,235,000","39,800,000","-440,000","-2,678,659.371","726,796.875","-7,283,054.187","7,200,000","-207,648.903","-36,520.666","-11,080,000","-440,000","-900,916.186","-18,238,138.479","34,760,000","6,480,000","1,600,000","4,160,000","-588,253.968","13,830,555.556","872,727.273","-423,076.923","-38,880,000","-2,720,000","-3,330,708.661","-2,925,223.614","-14,960,000","-2,480,000","-15,200,000","640,000","1,943,649.374","-7,441,007.819","5,790,191.898","3,823,318.386","9,488,839.286","-146,467,226.348","131,920,000","698,138.298","320,000","-55,293,154.592","125,925.926","48,880,000","586,206.897","-134,927,020.507","1,108,823.529","34,545.455","593,427.23","-146,040,000","723,300.971","1,151,736.111","1,291,748.675","957,170.668","749,618.321","731,191.336","828,891.15","720,000","744,985.673","712,330.72","751,406.25","678,532.902","696,120.69","584,126.984","1,014,492.754","1,162,500","1,018,099.548","1,083,076.923","1,661,016.949","1,978,996.865","2,275,661.376","2,112,338.858","2,193,503.185","2,348,387.097","2,100,000","2,033,175.355",,,,,,,,,,,,,,