name,ttm,03/31/2022,12/31/2021,09/30/2021,06/30/2021,03/31/2021,12/31/2020,09/30/2020,06/30/2020,03/31/2020,12/31/2019,09/30/2019,06/30/2019,03/31/2019,12/31/2018,09/30/2018,06/30/2018,03/31/2018,12/31/2017,09/30/2017,06/30/2017,03/31/2017,12/31/2016,09/30/2016,06/30/2016,03/31/2016,12/31/2015,09/30/2015,06/30/2015,03/31/2015,12/31/2014,09/30/2014,06/30/2014,03/31/2014,12/31/2013,09/30/2013,06/30/2013,03/31/2013,12/31/2012,09/30/2012,06/30/2012,03/31/2012,12/31/2011,09/30/2011,06/30/2011,03/31/2011,12/31/2010,09/30/2010,06/30/2010,03/31/2010,12/31/2009,09/30/2009,06/30/2009,03/31/2009,12/31/2008,09/30/2008,06/30/2008,03/31/2008,12/31/2007,09/30/2007,06/30/2007,03/31/2007,12/31/2006,09/30/2006,06/30/2006,03/31/2006,12/31/2005,09/30/2005,06/30/2005,03/31/2005,12/31/2004,09/30/2004,06/30/2004,03/31/2004,12/31/2003,09/30/2003,06/30/2003,03/31/2003,12/31/2002,09/30/2002,06/30/2002,03/31/2002,12/31/2001,09/30/2001,06/30/2001,03/31/2001,12/31/2000,09/30/2000,06/30/2000,03/31/2000,12/31/1999,09/30/1999,06/30/1999,03/31/1999,12/31/1998,09/30/1998,06/30/1998,03/31/1998,12/31/1997,09/30/1997,06/30/1997,03/31/1997,12/31/1996,09/30/1996,06/30/1996,03/31/1996,12/31/1995,09/30/1995,06/30/1995,03/31/1995,12/31/1994,09/30/1994,06/30/1994,03/31/1994,12/31/1993,09/30/1993,06/30/1993,03/31/1993
TotalRevenue,"7,220,813,000","1,970,779,000","1,945,017,000","1,734,299,000","1,570,718,000","1,287,534,000","1,296,355,000","1,085,546,000","823,514,000","927,566,000","994,879,000","1,011,658,000","1,045,040,000","1,033,000,000","1,182,351,000","1,202,081,000","1,182,786,000","1,047,926,000","1,051,592,000","943,430,000","870,434,000","780,908,000","892,829,000","787,938,000","775,223,000","711,644,000","848,602,000","841,726,000","868,383,000","762,380,000","862,830,000","819,320,000","814,443,000","688,197,000","676,598,000","680,521,000","679,340,000","628,321,000","691,256,000","717,168,000","735,973,000","649,023,000","717,522,000","684,013,000","675,561,000","572,514,000","588,024,000","623,321,000","642,010,000","548,373,000","548,029,000","500,949,000","491,414,000","469,672,000","604,490,000","733,570,000","698,424,000","608,828,000","642,865,000","634,811,000","632,952,000","576,649,000","611,279,000","649,197,000","643,238,000","610,042,000","800,442,000","676,070,000","539,104,000","502,212,000","589,724,000","526,883,000","482,303,000","421,026,000","433,997,000","406,772,000","390,084,000","365,718,000","393,986,000","385,660,000","391,216,000","335,693,000","347,788,000","355,684,000","358,018,000","331,281,000","380,575,000","352,356,000","358,555,000","327,006,000","380,083,000","351,500,000","345,100,000","311,400,000","333,907,000","324,000,000","327,500,000","320,200,000","347,104,000","326,300,000","333,700,000","305,600,000","329,001,000","330,200,000","329,100,000","295,500,000","302,200,000","298,700,000","308,100,000","295,700,000","279,500,000","247,600,000","250,200,000","207,200,000","211,700,000","200,600,000","197,000,000","171,100,000"
	OperatingRevenue,"7,123,584,000","1,946,029,000","1,919,455,000","1,709,313,000","1,548,787,000","1,272,797,000","1,277,438,000","1,068,362,000","807,182,000","909,292,000","974,795,000","991,531,000","1,024,998,000","1,033,000,000","1,162,465,000","1,183,938,000","1,165,705,000","1,031,857,000","1,000,075,000","943,430,000","870,434,000","780,908,000","892,829,000","787,938,000","775,223,000","711,644,000","848,602,000","841,726,000","868,383,000","762,380,000","862,830,000","819,320,000","814,443,000","688,197,000","676,598,000","680,521,000","679,340,000","628,321,000","691,256,000","717,168,000","735,973,000","649,023,000","717,522,000","684,013,000","675,561,000","571,986,000","589,093,000","622,826,000","641,721,000","548,088,000","548,983,000","500,670,000","491,164,000","469,247,000","607,176,000","732,753,000","697,651,000","608,828,000","642,865,000","634,811,000","632,952,000","576,649,000","611,279,000","649,197,000","643,238,000","610,042,000","800,442,000","676,070,000","539,104,000","502,212,000","589,724,000","526,883,000","482,303,000","421,026,000","433,997,000","406,772,000","390,084,000","365,718,000","393,986,000","385,660,000","391,216,000","335,693,000","347,788,000","355,684,000","358,018,000","331,281,000","380,575,000","352,356,000","358,555,000","327,006,000","380,100,000","351,500,000","345,100,000","311,400,000","333,900,000","324,000,000","327,500,000","320,200,000","347,100,000","326,300,000","333,700,000","305,600,000","329,000,000","330,200,000","329,100,000","295,500,000","302,200,000","298,700,000","308,100,000","295,700,000","279,500,000","247,600,000","250,200,000","207,200,000","211,700,000","200,600,000","197,000,000","171,100,000"
CostOfRevenue,"6,274,955,000","1,713,865,000","1,694,759,000","1,504,254,000","1,362,077,000","1,110,395,000","1,125,640,000","935,841,000","721,866,000","796,138,000","857,615,000","869,783,000","898,028,000","888,742,000","1,024,475,000","1,041,531,000","1,022,108,000","903,419,000","912,502,000","813,555,000","747,767,000","669,255,000","769,735,000","675,162,000","662,909,000","607,858,000","730,026,000","722,065,000","744,658,000","653,956,000","745,323,000","705,313,000","699,359,000","589,503,000","595,652,000","579,446,000","577,975,000","532,876,000","742,888,000","556,172,000","572,087,000","504,017,000","556,112,000","527,681,000","523,431,000","442,644,000","430,628,000","463,185,000","476,258,000","404,903,000","396,439,000","362,071,000","356,770,000","342,322,000","450,960,000","561,739,000","528,803,000","537,469,000","571,179,000","559,740,000","561,303,000","521,276,000","537,584,000","572,424,000","564,833,000","540,433,000","702,397,000","591,251,000","475,902,000","451,652,000","528,814,000","470,554,000","432,877,000","397,537,000","394,561,000","363,291,000","352,216,000","330,033,000","352,213,000","341,452,000","356,713,000","303,196,000","310,679,000","313,909,000","321,008,000","293,981,000","333,157,000","307,722,000","319,914,000","292,549,000","439,033,000","274,200,000","272,700,000","246,200,000","402,356,000","254,900,000","261,300,000","250,800,000","446,938,000","252,800,000","258,900,000","237,600,000","424,147,000","253,400,000","252,500,000","227,800,000","233,000,000","225,400,000","232,800,000","227,500,000","210,500,000","185,000,000","189,300,000","156,900,000","132,900,000","159,100,000","140,200,000","148,900,000"
GrossProfit,"945,858,000","256,914,000","250,258,000","230,045,000","208,641,000","177,139,000","170,715,000","149,705,000","101,648,000","131,428,000","137,264,000","141,875,000","147,012,000","144,258,000","157,876,000","160,550,000","160,678,000","144,507,000","139,090,000","129,875,000","122,667,000","111,653,000","123,094,000","112,776,000","112,314,000","103,786,000","118,576,000","119,661,000","123,725,000","108,424,000","117,507,000","114,007,000","115,084,000","98,694,000","80,946,000","101,075,000","101,365,000","95,445,000","-51,632,000","160,996,000","163,886,000","145,006,000","161,410,000","156,332,000","152,130,000","129,870,000","157,396,000","160,136,000","165,752,000","143,470,000","151,590,000","138,878,000","134,644,000","127,350,000","153,530,000","171,831,000","169,621,000","71,359,000","71,686,000","75,071,000","71,649,000","55,373,000","73,695,000","76,773,000","78,405,000","69,609,000","98,045,000","84,819,000","63,202,000","50,560,000","60,910,000","56,329,000","49,426,000","23,489,000","39,436,000","43,481,000","37,868,000","35,685,000","41,773,000","44,208,000","34,503,000","32,497,000","37,109,000","41,775,000","37,010,000","37,300,000","47,418,000","44,634,000","38,641,000","34,457,000","-58,950,000","77,300,000","72,400,000","65,200,000","-68,449,000","69,100,000","66,200,000","69,400,000","-99,834,000","73,500,000","74,800,000","68,000,000","-95,146,000","76,800,000","76,600,000","67,700,000","69,200,000","73,300,000","75,300,000","68,200,000","69,000,000","62,600,000","60,900,000","50,300,000","78,800,000","41,500,000","56,800,000","22,200,000"
OperatingExpense,"383,339,000","94,622,000","102,237,000","99,339,000","87,141,000","74,555,000","71,492,000","68,067,000","67,720,000","78,590,000","72,050,000","72,552,000","67,444,000","64,500,000","72,850,000","74,484,000","78,143,000","70,215,000","69,806,000","70,019,000","62,257,000","59,733,000","59,731,000","54,672,000","59,584,000","56,234,000","56,281,000","56,031,000","58,031,000","59,733,000","56,652,000","54,762,000","56,844,000","54,043,000","45,899,000","53,661,000","51,799,000","52,357,000","-100,789,000","107,010,000","105,502,000","102,243,000","110,871,000","107,172,000","103,853,000","95,778,000","98,138,000","101,290,000","98,108,000","90,579,000","90,296,000","85,686,000","85,274,000","85,628,000","94,123,000","100,891,000","100,410,000","50,508,000","46,172,000","45,167,000","47,436,000","55,322,000","45,288,000","45,721,000","48,067,000","51,481,000","57,990,000","50,526,000","44,265,000","47,390,000","47,957,000","47,594,000","45,893,000","51,315,000","41,526,000","43,907,000","38,667,000","40,175,000","37,012,000","37,807,000","40,973,000","39,834,000","35,978,000","35,231,000","36,871,000","38,155,000","39,134,000","34,610,000","38,874,000","38,106,000","12,338,000","43,000,000","44,900,000","44,900,000","11,986,000","42,400,000","44,000,000","44,700,000","41,796,000","39,300,000","42,800,000","38,600,000","37,057,000","37,400,000","37,400,000","39,900,000","36,500,000","37,100,000","39,400,000","39,000,000","36,600,000","32,600,000","32,900,000","30,800,000","67,800,000","32,000,000","48,200,000","19,900,000"
	SellingGeneralAndAdministration,"343,309,000","83,481,000","92,823,000","88,767,000","78,238,000","66,913,000","64,064,000","60,706,000","60,352,000","70,284,000","63,307,000","62,121,000","57,583,000","56,261,000","65,223,000","65,518,000","70,537,000","62,611,000","63,616,000","61,922,000","54,754,000","52,836,000","51,513,000","47,180,000","52,999,000","48,827,000","49,051,000","47,313,000","50,050,000","52,044,000","50,231,000","48,241,000","50,601,000","47,457,000","39,888,000","47,630,000","47,598,000","47,032,000","-85,627,000","93,491,000","94,122,000","89,031,000","97,578,000","94,196,000","89,786,000","81,435,000","84,904,000","88,386,000","83,944,000","77,251,000","76,758,000","72,562,000","72,170,000","72,693,000","81,502,000","88,766,000","87,877,000","45,378,000","41,129,000","40,401,000","42,774,000","50,705,000","40,722,000","41,541,000","44,110,000","47,388,000","53,996,000","46,528,000","40,299,000","43,428,000","44,218,000","43,940,000","42,526,000","48,116,000","38,348,000","40,694,000","35,488,000","37,009,000","34,013,000","34,986,000","38,152,000","36,955,000","32,763,000","31,929,000","33,335,000","34,665,000","30,395,000","31,266,000","35,738,000","35,052,000","31,040,000","31,700,000","35,000,000","35,600,000","30,128,000","33,100,000","34,800,000","39,800,000","36,714,000","33,800,000","37,300,000","33,500,000","31,067,000","31,600,000","31,200,000","33,900,000","31,100,000","31,500,000","34,100,000","34,300,000","32,700,000","29,000,000","29,700,000","27,200,000","60,900,000","28,800,000","45,100,000","16,800,000"
		GeneralAndAdministrativeExpense,"343,309,000","83,481,000","92,823,000","88,767,000","78,238,000","66,913,000","64,064,000","60,706,000","60,352,000","70,284,000","63,307,000","62,121,000","57,583,000","56,261,000","65,223,000","65,518,000","70,537,000","62,611,000","63,616,000","61,922,000","54,754,000","52,836,000","51,513,000","47,180,000","52,999,000","48,827,000","49,051,000","47,313,000","50,050,000","52,044,000","50,231,000","48,241,000","50,601,000","47,457,000","39,888,000","47,630,000","47,598,000","47,032,000","77,101,000","37,455,000","37,662,000","38,799,000","40,655,000","39,206,000","35,782,000","37,264,000","38,194,000","41,070,000","36,973,000","36,843,000","33,922,000","33,078,000","32,243,000","34,369,000","32,301,000","34,499,000","35,101,000","92,192,000","93,185,000","91,571,000","93,546,000","97,337,000","90,803,000","93,714,000","94,620,000","94,399,000","122,037,000","100,178,000","83,212,000","82,554,000","91,815,000","86,717,000","80,729,000","80,550,000","73,121,000","73,295,000","66,027,000","65,093,000","65,327,000","65,631,000","68,969,000","63,043,000","60,985,000","60,213,000","61,225,000","60,782,000","61,676,000","59,768,000","63,772,000","60,956,000","62,140,000","60,100,000","62,900,000","59,900,000","56,728,000","58,800,000","60,600,000","63,400,000","63,614,000","59,000,000","62,300,000","56,200,000","55,467,000","54,400,000","53,100,000","52,700,000","50,800,000","50,300,000","52,400,000","51,500,000","50,300,000","44,400,000","45,700,000","39,700,000",,,,
			SalariesAndWages,,,,,,,,,,,,,,,,,,,,,,,,,,,,,,,,,,,,,,,,,,,,,,,,,,,,,,,,,,,,,,,,,,,,,,,,,,,,,,,,,,,,,,,,,,,,,,,,,,"-6,200,000","-6,200,000","-6,600,000","-7,100,000","-8,100,000","-8,900,000","-9,500,000","-11,200,000","-11,500,000","-11,900,000","-11,900,000","-12,200,000","-11,900,000","-9,900,000","-9,300,000","-10,000,000","-9,100,000",,,,
			InsuranceAndClaims,"114,726,000","30,768,000","30,265,000","29,569,000","24,124,000","21,505,000","21,210,000","21,855,000","19,751,000","24,957,000","25,071,000","23,969,000","16,286,000","14,993,000","17,959,000","18,819,000","21,539,000","17,360,000","16,212,000","17,927,000","13,893,000","14,513,000","14,485,000","12,488,000","16,094,000","14,213,000","11,144,000","10,502,000","12,312,000","14,796,000","8,548,000","12,026,000","13,849,000","11,857,000","13,398,000","13,386,000","11,848,000","11,806,000","9,040,000","8,010,000","9,306,000","11,095,000","8,670,000","9,381,000","13,449,000","11,266,000","11,725,000","11,480,000","13,831,000","12,298,000","16,862,000","10,257,000","9,797,000","9,002,000","9,215,000","8,125,000","9,513,000","-9,521,000","-10,954,000","-9,319,000","-12,019,000","-17,540,000","-9,292,000","-9,656,000","-9,022,000","-11,552,000","-15,316,000","-11,946,000","-9,779,000","-13,125,000","-13,588,000","-13,297,000","-12,748,000","-20,706,000","-13,503,000","-10,026,000","-11,533,000","-10,628,000","-9,516,000","-8,288,000","-13,477,000","-10,907,000","-9,128,000","-6,777,000","-9,222,000","-7,803,000","-6,618,000","-6,231,000","-9,982,000","-9,104,000","-5,100,000","-7,100,000","-11,800,000","-10,100,000","-6,500,000","-8,300,000","-12,400,000","-13,400,000","-12,900,000","-11,300,000","-14,500,000","-9,300,000","-10,400,000","-8,300,000","-8,000,000","-9,800,000","-9,800,000","-8,600,000","-9,800,000","-9,600,000","-8,900,000","-7,900,000","-10,000,000","-8,600,000",,,,
			OtherGandA,"228,583,000","52,713,000","62,558,000","59,198,000","54,114,000","45,408,000","42,854,000","38,851,000","40,601,000","45,327,000","38,236,000","38,152,000","41,297,000","41,268,000","47,264,000","46,699,000","48,998,000","45,251,000","47,404,000","43,995,000","40,861,000","38,323,000","37,028,000","34,692,000","36,905,000","34,614,000","37,907,000","36,811,000","37,738,000","37,248,000","41,683,000","36,215,000","36,752,000","35,600,000","26,490,000","34,244,000","35,750,000","35,226,000","68,061,000","29,445,000","28,356,000","27,704,000","31,985,000","29,825,000","22,333,000","25,998,000","26,469,000","29,590,000","23,142,000","24,545,000","17,060,000","22,821,000","22,446,000","25,367,000","23,086,000","26,374,000","25,588,000","101,713,000","104,139,000","100,890,000","105,565,000","114,877,000","100,095,000","103,370,000","103,642,000","105,951,000","137,353,000","112,124,000","92,991,000","95,679,000","105,403,000","100,014,000","93,477,000","101,256,000","86,624,000","83,321,000","77,560,000","75,721,000","74,843,000","73,919,000","82,446,000","73,950,000","70,113,000","66,990,000","70,447,000","68,585,000","68,294,000","65,999,000","73,754,000","70,060,000","67,240,000","67,200,000","74,700,000","70,000,000","63,228,000","67,100,000","73,000,000","83,000,000","82,714,000","76,900,000","83,900,000","73,600,000","74,767,000","72,200,000","72,300,000","74,000,000","72,500,000","70,800,000","74,400,000","73,000,000","69,100,000","61,600,000","65,700,000","57,400,000",,,,
		SellingAndMarketingExpense,,,,,,,,,,,,,,,,,,,,,,,,,,,,,,,,,,,,,,,,"56,036,000","56,460,000","50,232,000","56,923,000","54,990,000","54,004,000","44,171,000","46,710,000","47,316,000","46,971,000","40,408,000","42,836,000","39,484,000","39,927,000","38,324,000","49,201,000","54,267,000","52,776,000","-46,814,000","-52,056,000","-51,170,000","-50,772,000","-46,632,000","-50,081,000","-52,173,000","-50,510,000","-47,011,000","-68,041,000","-53,650,000","-42,913,000","-39,126,000","-47,597,000","-42,777,000","-38,203,000","-32,434,000","-34,773,000","-32,601,000","-30,539,000","-28,084,000","-31,314,000","-30,645,000","-30,817,000","-26,088,000","-28,222,000","-28,284,000","-27,890,000","-26,117,000","-31,281,000","-28,502,000","-28,034,000","-25,904,000","-31,100,000","-28,400,000","-27,900,000","-24,300,000","-26,600,000","-25,700,000","-25,800,000","-23,600,000","-26,900,000","-25,200,000","-25,000,000","-22,700,000","-24,400,000","-22,800,000","-21,900,000","-18,800,000","-19,700,000","-18,800,000","-18,300,000","-17,200,000","-17,600,000","-15,400,000","-16,000,000","-12,500,000",,,,
	DepreciationAmortizationDepletionIncomeStatement,,,,,,,,,,"11,505,000","11,423,000","10,695,000","11,034,000","11,316,000","11,050,000","10,754,000","10,769,000","10,997,000","10,599,000","10,130,000","9,897,000","9,934,000","9,687,000","9,016,000","8,655,000","8,438,000","7,849,000","7,185,000","7,049,000","7,019,000","7,156,000","7,086,000","6,565,000","6,768,000","4,834,000","7,840,000","7,810,000","7,183,000","6,980,000","7,072,000","6,664,000","6,740,000","6,478,000","6,549,000","6,388,000","6,399,000","6,360,000","6,456,000","6,196,000","5,792,000","6,114,000","6,213,000","5,716,000","5,485,000","5,402,000","5,251,000","5,177,000","5,130,000","5,043,000","4,766,000","4,662,000","4,617,000","4,566,000","4,180,000","3,957,000","4,093,000","3,994,000","3,998,000","3,966,000","3,962,000","3,739,000","3,654,000","3,367,000","3,199,000","3,178,000","3,213,000","3,179,000","3,166,000","2,999,000","2,821,000","2,821,000","2,879,000","3,215,000","3,302,000","3,536,000","3,490,000","3,469,000","3,344,000","3,136,000","3,054,000","2,898,000","3,400,000","2,800,000","2,600,000","2,658,000","2,700,000","2,400,000","4,900,000","5,118,000","5,400,000","5,400,000","5,100,000","6,027,000","5,800,000","6,200,000","6,000,000","5,600,000","5,500,000","5,200,000","4,700,000","3,700,000","3,500,000","3,200,000","3,500,000","6,900,000","3,200,000","3,100,000","3,100,000"
		DepreciationAndAmortizationInIncomeStatement,,,,,,,,,,"11,505,000","11,423,000","10,695,000","11,034,000","11,316,000","11,050,000","10,754,000","10,769,000","10,997,000","10,599,000","10,130,000","9,897,000","9,934,000","9,687,000","9,016,000","8,655,000","8,438,000","7,849,000","7,185,000","7,049,000","7,019,000","7,156,000","7,086,000","6,565,000","6,768,000","4,834,000","7,840,000","7,810,000","7,183,000","6,980,000","7,072,000","6,664,000","6,740,000","6,478,000","6,549,000","6,388,000","6,399,000","6,360,000","6,456,000","6,196,000","5,792,000","6,114,000","6,213,000","5,716,000","5,485,000","5,402,000","5,251,000","5,177,000","5,130,000","5,043,000","4,766,000","4,662,000","4,617,000","4,566,000","4,180,000","3,957,000","4,093,000","3,994,000","3,998,000","3,966,000","3,962,000","3,739,000","3,654,000","3,367,000","3,199,000","3,178,000","3,213,000","3,179,000","3,166,000","2,999,000","2,821,000","2,821,000","2,879,000","3,215,000","3,302,000","3,536,000","3,490,000","3,469,000","3,344,000","3,136,000","3,054,000","2,898,000","3,400,000","2,800,000","2,600,000","2,658,000","2,700,000","2,400,000","4,900,000","5,118,000","5,400,000","5,400,000","5,100,000","6,027,000","5,800,000","6,200,000","6,000,000","5,600,000","5,500,000","5,200,000","4,700,000","3,700,000","3,500,000","3,200,000","3,500,000","6,900,000","3,200,000","3,100,000","3,100,000"
			DepreciationIncomeStatement,,,,,,,,,,,,,,,,,,,,,,,,,,,,,,,,,,,,,,,,,,,,,,,,,,,,,,,,,,"5,130,000","5,043,000","4,766,000","4,662,000","4,617,000","4,566,000","4,180,000","3,957,000","4,093,000","3,994,000","3,998,000","3,966,000","3,962,000","3,739,000","3,654,000","3,367,000","3,199,000","3,178,000","3,213,000","3,179,000","3,166,000","2,999,000","2,821,000","2,821,000","2,879,000","3,215,000","3,302,000","3,536,000","3,490,000","3,469,000","3,344,000","3,136,000","3,054,000","2,898,000","3,400,000","2,800,000","2,600,000","2,658,000","2,700,000","2,400,000","4,900,000","5,118,000","5,400,000","5,400,000","5,100,000","6,027,000","5,800,000","6,200,000","6,000,000","5,600,000","5,500,000","5,200,000","4,700,000","3,700,000","3,500,000","3,200,000","3,500,000","6,900,000","3,200,000","3,100,000","3,100,000"
	OtherOperatingExpenses,"40,030,000","11,141,000","9,414,000","10,572,000","8,903,000","7,642,000","7,428,000","7,361,000","7,368,000","8,306,000","8,743,000","10,431,000","9,861,000","8,239,000","7,627,000","8,966,000","7,606,000","7,604,000","6,190,000","8,097,000","7,503,000","6,897,000","8,218,000","7,492,000","6,585,000","7,407,000","7,230,000","8,718,000","7,981,000","7,689,000","6,421,000","6,521,000","6,243,000","6,586,000","6,011,000","6,031,000","4,201,000","5,325,000","5,314,000","6,447,000","4,716,000","6,472,000","6,815,000","6,427,000","7,679,000","7,944,000","6,874,000","6,448,000","7,968,000","7,536,000","7,424,000","6,911,000","7,388,000","7,450,000","7,219,000","6,874,000","7,356,000",,,,,,,,,,,,,,,,,,,,,,,,,,,,,,,,,,,"7,900,000","7,100,000","6,700,000",,"6,600,000","6,800,000",,,"100,000","100,000",,,,,,,"100,000","100,000",,"200,000","100,000",,"100,000",,,,
OperatingIncome,"562,519,000","162,292,000","148,021,000","130,706,000","121,500,000","102,584,000","99,223,000","81,638,000","33,928,000","52,838,000","65,214,000","69,323,000","79,568,000","79,758,000","85,026,000","86,066,000","82,535,000","74,292,000","69,284,000","59,856,000","60,410,000","51,920,000","63,363,000","58,104,000","52,730,000","47,552,000","62,295,000","63,630,000","65,694,000","48,691,000","60,855,000","59,245,000","58,240,000","44,651,000","35,047,000","47,414,000","49,566,000","43,088,000","49,157,000","53,986,000","58,384,000","42,763,000","50,539,000","49,160,000","48,277,000","34,092,000","59,258,000","58,846,000","67,644,000","52,891,000","61,294,000","53,192,000","49,370,000","41,722,000","59,407,000","70,940,000","69,211,000","20,851,000","25,514,000","29,904,000","24,213,000","51,000","28,407,000","31,052,000","30,338,000","18,128,000","40,055,000","34,293,000","18,937,000","3,170,000","12,953,000","8,735,000","3,533,000","-27,826,000","-2,090,000","-426,000","-799,000","-4,490,000","4,761,000","6,401,000","-6,470,000","-7,337,000","1,131,000","6,544,000","139,000","-855,000","8,284,000","10,024,000","-233,000","-3,649,000","-71,288,000","34,300,000","27,500,000","20,300,000","-80,435,000","26,700,000","22,200,000","24,700,000","-141,630,000","34,200,000","32,000,000","29,400,000","-132,203,000","39,400,000","39,200,000","27,800,000","32,700,000","36,200,000","35,900,000","29,200,000","32,400,000","30,000,000","28,000,000","19,500,000","11,000,000","9,500,000","8,600,000","2,300,000"
NetNonOperatingInterestIncomeExpense,"-4,057,000","-1,123,000","-1,002,000","-965,000","-967,000","-1,042,000","-1,017,000","-1,008,000","-976,000","-952,000","-863,000","-764,000","-709,000","-805,000","-899,000","-816,000","-839,000","-800,000","-607,000","-657,000","-819,000","-1,083,000","-1,069,000","-948,000","-888,000","-889,000","-741,000","-714,000","-713,000","-781,000","-917,000","-774,000","-718,000","-768,000","-844,000","-856,000","-771,000","-740,000","-1,977,000","-425,000","-365,000","-337,000","-361,000","-362,000","-384,000","-828,000","-924,000","-1,035,000","-810,000","-854,000","-937,000","-957,000","-973,000","-1,163,000","-1,716,000","-1,757,000","-1,736,000",,,,,,,,,,,,,,,,,,,,,,,,,,,,,,,,,,,,,,,,,,,,,,,,,,,,,,,,,,,,,
	InterestIncomeNonOperating,,,,,,,,,,,,,,,,,,,,,,,,,,,,,,,,,,,,,,,,"393,000","405,000","387,000","411,000","373,000","393,000",,,,,,,,,,,,,,,,,,,,,,,,,,,,,,,,,,,,,,,,,,,,,,,,,,,,,,,,,,,,,,,,,,,,,,,,,
	InterestExpenseNonOperating,"4,057,000","1,123,000","1,002,000","965,000","967,000","1,042,000","1,017,000","1,008,000","976,000","952,000","863,000","764,000","709,000","805,000","899,000","816,000","839,000","800,000","607,000","657,000","819,000","1,083,000","1,069,000","948,000","888,000","889,000","741,000","714,000","713,000","781,000","917,000","774,000","718,000","768,000","844,000","856,000","771,000","740,000","792,000","818,000","770,000","724,000","772,000","735,000","777,000","828,000","924,000","1,035,000","810,000","854,000","937,000","957,000","973,000","1,163,000","1,716,000","1,757,000","1,736,000",,,,,,,,,,,,,,,,,,,,,,,,,,,,,,,,,,,,,,,,,,,,,,,,,,,,,,,,,,,,,
OtherIncomeExpense,"2,894,000","721,000","719,000","706,000","748,000","684,000","-14,811,000","714,000","-1,747,000","1,167,000","1,305,000","1,315,000","1,283,000","1,138,000","1,062,000","1,002,000","891,000","861,000","765,000","711,000","608,000","414,000","402,000","357,000","363,000","380,000","353,000","350,000","339,000","354,000","354,000","332,000","332,000","363,000","364,000","366,000","371,000","374,000","378,000",,,,,,,,,,,,,,,,,,,,,,,,,,,,,,,,,,,,,,,,,,,,,,,,,"-2,230,000","-3,040,000",,,"600,000","600,000","500,000",,"400,000","400,000","300,000","0",,"-2,000,000","-1,200,000",,,,,,,,,,,,,,,,
	GainOnSaleOfSecurity,"2,894,000","721,000","719,000","706,000","748,000","684,000","683,000","714,000","835,000","1,167,000","1,305,000","1,315,000","1,283,000","1,138,000","1,062,000","1,002,000","891,000","861,000","765,000","711,000","608,000","414,000","402,000","357,000","363,000","380,000","353,000","350,000","339,000","354,000","354,000","332,000","332,000","363,000","364,000","366,000","371,000","374,000","378,000",,,,,,,,,,,,,,,,,,,,,,,,,,,,,,,,,,,,,,,,,,,,,,,,,,,,,,,,,,,,,,,,,,,,,,,,,,,,,,,
	SpecialIncomeCharges,,,"0","0","0",,"-15,494,000","0","-2,582,000",,,,,,,,,,,,,,,,,,,,,,,,,,,,,,,,,,,,,,,,,,,,,,,,,"0","0","0","0","0","0","0","0","0","0","0","0","0","0","0","0","0","0","0","0","0","0","0","0","0","0","0","0","0","5,270,000","-2,230,000","-3,040,000","0","-1,800,000","600,000","600,000","500,000","-1,200,000","400,000","400,000","300,000","0",,"-2,000,000","-1,200,000",,,,,,,,,,,,,,,,
		RestructuringAndMergernAcquisition,,,,,,,,,,,,,,,,,,,,,,,,,,,,,,,,,,,,,,,,,,,,,,,,,,,,,,,,,,,,,,,,,,,,,,,,,,,,,,,,,,,,,,,,,"3,040,000",,,,,,,,,,,,,,,,,,,,,,,,,,,,,
		ImpairmentOfCapitalAssets,,,"0","0","0",,"0","0","2,582,000",,,,,,,,,,,,,,,,,,,,,,,,,,,,,,,,,,,,,,,,,,,,,,,,,,,,,,,,,,,,,,,,,,,,,,,,,,,,,,,,,,,,,,,,,,,,,,,,,,,,,,,,,,,,,
		OtherSpecialCharges,,,,,,,"15,494,000",,,,,,,,,,,,,,,,,,,,,,,,,,,,,,,,,,,,,,,,,,,,,,,,,,,,,,,,,,,,,,,,,,,,,,,,,,,,,,,,,,,,,,,,,,,,,,,,,,,,,,,,,,,,,,,
PretaxIncome,"561,176,000","161,710,000","147,738,000","130,447,000","121,281,000","102,226,000","83,395,000","81,344,000","31,205,000","53,053,000","65,656,000","69,874,000","80,142,000","80,091,000","85,189,000","86,252,000","82,587,000","74,353,000","69,442,000","59,910,000","60,199,000","51,251,000","62,696,000","57,513,000","52,205,000","47,043,000","61,907,000","63,266,000","65,320,000","48,264,000","60,292,000","58,803,000","57,854,000","44,246,000","34,567,000","46,924,000","49,166,000","42,722,000","48,743,000","53,561,000","58,019,000","42,426,000","50,178,000","48,798,000","47,893,000","33,264,000","34,884,000","34,851,000","39,172,000","27,441,000","26,633,000","31,721,000","28,803,000","22,555,000","39,261,000","52,933,000","48,449,000","38,847,000","46,445,000","47,884,000","48,400,000","35,279,000","46,781,000","49,893,000","47,963,000","39,761,000","69,745,000","57,832,000","38,139,000","29,022,000","39,784,000","35,004,000","28,485,000","13,121,000","24,336,000","19,107,000","21,792,000","16,320,000","23,417,000","22,485,000","19,755,000","13,732,000","18,820,000","19,403,000","17,776,000","13,585,000","25,069,000","19,036,000","15,597,000","13,784,000","26,305,000","20,300,000","18,100,000","12,600,000","18,951,000","15,500,000","15,100,000","7,700,000","13,268,000","13,100,000","11,100,000","5,200,000","1,550,000","13,300,000","12,100,000","5,500,000","8,900,000","12,200,000","13,200,000","8,200,000","12,600,000","12,100,000","11,000,000","5,700,000","8,800,000","8,400,000","7,400,000",
TaxProvision,"132,053,000","36,871,000","34,423,000","31,772,000","28,987,000","24,986,000","18,324,000","19,458,000","6,951,000","12,158,000","15,608,000","16,619,000","19,042,000","16,791,000","16,889,000","19,304,000","20,095,000","16,880,000","4,759,000","17,490,000","22,689,000","18,868,000","23,122,000","21,235,000","19,891,000","17,859,000","24,052,000","23,918,000","24,849,000","18,249,000","21,801,000","22,048,000","21,929,000","16,608,000","12,097,000","17,678,000","18,740,000","15,942,000","14,765,000","20,460,000","22,164,000","15,579,000","17,546,000","18,640,000","18,295,000","12,707,000","11,005,000","13,315,000","14,962,000","10,484,000","8,296,000","11,859,000","10,946,000","8,661,000","14,656,000","20,116,000","18,684,000","15,104,000","17,414,000","18,536,000","18,730,000","13,675,000","18,091,000","19,313,000","18,498,000","15,411,000","26,785,000","22,207,000","14,646,000","11,144,000","15,218,000","13,390,000","10,895,000","5,019,000","9,188,000","7,280,000","8,226,000","6,161,000","8,899,000","8,544,000","7,507,000","5,218,000","7,243,000","7,473,000","6,843,000","5,231,000","9,167,000","7,520,000","6,160,000","5,445,000","10,668,000","8,200,000","7,300,000","5,100,000","7,670,000","6,300,000","6,100,000","3,200,000","5,578,000","5,500,000","4,700,000","2,200,000","525,000","5,600,000","5,100,000","2,300,000","3,700,000","5,000,000","5,400,000","3,400,000","5,300,000","5,000,000","4,400,000","2,400,000","3,800,000","3,900,000","3,300,000",
NetIncomeCommonStockholders,"429,123,000","124,839,000","113,315,000","98,675,000","92,294,000","77,240,000","65,071,000","61,886,000","24,254,000","40,895,000","50,048,000","53,255,000","61,100,000","63,317,000","68,256,000","66,985,000","62,523,000","57,517,000","64,752,000","42,443,000","37,510,000","32,383,000","39,574,000","36,278,000","32,314,000","29,184,000","37,855,000","39,348,000","40,471,000","30,015,000","38,491,000","36,755,000","35,925,000","27,638,000","59,557,000","29,246,000","30,426,000","26,780,000","33,978,000","33,101,000","35,855,000","26,847,000","32,632,000","30,158,000","29,598,000","20,619,000","24,099,000","21,802,000","24,437,000","17,176,000","18,568,000","20,076,000","17,857,000","13,894,000","24,605,000","32,817,000","29,765,000","23,743,000","29,031,000","29,348,000","29,670,000","21,604,000","28,690,000","30,580,000","29,465,000","24,350,000","42,960,000","35,625,000","23,493,000","17,878,000","24,566,000","21,614,000","17,590,000","8,102,000","15,148,000","11,827,000","13,566,000","10,159,000","14,518,000","13,941,000","12,248,000","8,514,000","11,577,000","11,930,000","10,933,000","8,354,000","15,902,000","11,516,000","9,437,000","8,339,000","15,637,000","12,100,000","10,800,000","7,500,000","11,292,000","9,200,000","-13,200,000","4,500,000","7,690,000","7,600,000","6,400,000","3,000,000","1,025,000","7,700,000","7,000,000","3,200,000","5,200,000","7,200,000","7,800,000","4,800,000","7,300,000","7,100,000","6,600,000","3,300,000","5,000,000","4,500,000","4,100,000","-1,700,000"
	NetIncome,"429,123,000","124,839,000","113,315,000","98,675,000","92,294,000","77,240,000","65,071,000","61,886,000","24,254,000","40,895,000","50,048,000","53,255,000","61,100,000","63,317,000","68,256,000","66,985,000","62,523,000","57,517,000","64,752,000","42,443,000","37,510,000","32,383,000","39,574,000","36,278,000","32,314,000","29,184,000","37,855,000","39,348,000","40,471,000","30,015,000","38,491,000","36,755,000","35,925,000","27,638,000","59,557,000","29,246,000","30,426,000","26,780,000","33,978,000","33,101,000","35,855,000","26,847,000","32,632,000","30,158,000","29,598,000","20,619,000","24,099,000","21,802,000","24,437,000","17,176,000","18,568,000","20,076,000","17,857,000","13,894,000","24,605,000","32,817,000","29,765,000","23,743,000","29,031,000","29,348,000","29,670,000","21,604,000","28,690,000","30,580,000","29,465,000","24,350,000","42,960,000","35,625,000","23,493,000","17,878,000","24,566,000","21,614,000","17,590,000","8,102,000","15,148,000","11,827,000","13,566,000","10,159,000","14,518,000","13,941,000","12,248,000","8,514,000","11,577,000","11,930,000","10,933,000","8,354,000","15,902,000","11,516,000","9,437,000","8,339,000","15,637,000","12,100,000","10,800,000","7,500,000","11,292,000","9,200,000","-13,200,000","4,500,000","7,690,000","7,600,000","6,400,000","3,000,000","1,025,000","7,700,000","7,000,000","3,200,000","5,200,000","7,200,000","7,800,000","4,800,000","7,300,000","7,100,000","6,600,000","3,300,000","5,000,000","4,500,000","4,100,000","-1,700,000"
		NetIncomeIncludingNoncontrollingInterests,"429,123,000","124,839,000","113,315,000","98,675,000","92,294,000","77,240,000","65,071,000","61,886,000","24,254,000","40,895,000","50,048,000","53,255,000","61,100,000","63,300,000","68,300,000","66,948,000","62,492,000","57,473,000","64,683,000","42,420,000","37,510,000","32,383,000","39,574,000","36,278,000","32,314,000","29,184,000","37,855,000","39,348,000","40,471,000","30,015,000","38,491,000","36,755,000","35,925,000","27,638,000","59,557,000","29,246,000","30,426,000","26,780,000","33,978,000","33,101,000","35,855,000","26,847,000","32,632,000","30,158,000","29,598,000","20,557,000","23,879,000","21,536,000","24,210,000","16,957,000","18,337,000","19,862,000","17,857,000","13,894,000","24,605,000","32,817,000","29,765,000","23,743,000","29,031,000","29,348,000","29,670,000","21,604,000","28,690,000","30,580,000","29,465,000","24,350,000","42,960,000","35,625,000","23,493,000","17,878,000","24,566,000","21,614,000","17,590,000","8,102,000","15,148,000","11,827,000","13,566,000","10,159,000","14,518,000","13,941,000","12,248,000","8,514,000","11,577,000","11,930,000","10,933,000","8,354,000","15,902,000","11,516,000","9,437,000","8,339,000","15,637,000","12,100,000","10,800,000","7,500,000","11,292,000","9,200,000","-13,200,000","4,500,000","7,690,000","7,600,000","6,400,000","3,000,000","1,025,000","7,700,000","7,000,000","3,200,000","5,200,000","7,200,000","7,800,000","4,800,000","7,300,000","7,100,000","6,600,000","3,300,000","5,000,000","4,500,000","4,100,000","-1,700,000"
			NetIncomeContinuousOperations,"429,123,000","124,839,000","113,315,000","98,675,000","92,294,000","77,240,000","65,071,000","61,886,000","24,254,000","40,895,000","50,048,000","53,255,000","61,100,000","63,300,000","68,300,000","66,948,000","62,492,000","57,473,000","64,683,000","42,420,000","37,510,000","32,383,000","39,574,000","36,278,000","32,314,000","29,184,000","37,855,000","39,348,000","40,471,000","30,015,000","38,491,000","36,755,000","35,925,000","27,638,000","22,470,000","29,246,000","30,426,000","26,780,000","33,978,000","33,101,000","35,855,000","26,847,000","32,632,000","30,158,000","29,598,000","20,557,000","23,879,000","21,536,000","24,210,000","16,957,000","18,337,000","19,862,000","17,857,000","13,894,000","24,605,000","32,817,000","29,765,000","23,743,000","29,031,000","29,348,000","29,670,000","21,604,000","28,690,000","30,580,000","29,465,000","24,350,000","42,960,000","35,625,000","23,493,000","17,878,000","24,566,000","21,614,000","17,590,000","8,102,000","15,148,000","11,827,000","13,566,000","10,159,000","14,518,000","13,941,000","12,248,000","8,514,000","11,577,000","11,930,000","10,933,000","8,354,000","15,902,000","11,516,000","9,437,000","8,339,000","15,637,000","12,100,000","10,800,000","7,500,000","11,281,000","9,200,000","9,000,000","4,500,000","7,690,000","7,600,000","6,400,000","3,000,000","1,025,000","7,700,000","7,000,000","3,200,000","5,200,000","7,200,000","7,800,000","4,800,000","7,300,000","7,100,000","6,600,000","3,300,000","5,000,000","4,500,000","4,100,000","100,000"
			NetIncomeDiscontinuousOperations,,,,,,,,,,,,,,,,,,,,,,,,,,,,,,,"0","0","0","0","34,381,000",,,,,,,,,,,,,,,,,,,,,,,,,,,,,,,,,,,,,,,,,,,,,,,,,,,,,,,,,,,,"11,000",,"-22,200,000",,,,,,,,,,,,,,,,,,,,,
			NetIncomeFromTaxLossCarryforward,,,,,,,,,,,,,,,,,,,,,,,,,,,,,,,,,,,,,,,,,,,,,,,,,,,,,,,,,,,,,,,,,,,,,,,,,,,,,,,,,,,,,,,,,,,,,,,,,,,,,,,,,,,,,,,,,,,"0",,,"-1,800,000"
		MinorityInterests,,,,,,,"0","0","0","0","0","0","0","17,000","-44,000","37,000","31,000","44,000","69,000","23,000",,,,,,,,,,,,,,,,,,,"0","0","0","0","0","0","0","62,000","220,000","266,000","227,000","219,000","231,000","214,000",,,,,,,,,,,,,,,,,,,,,,,,,,,,,,,,,,,,,,,,,,,,,,,,,,,,,,,,,,,,,,,,,,
DilutedNIAvailtoComStockholders,"429,123,000","124,839,000","113,315,000","98,675,000","92,294,000","77,240,000","65,071,000","61,886,000","24,254,000","40,895,000","50,048,000","53,255,000","61,100,000","63,317,000","68,256,000","66,985,000","62,523,000","57,517,000","64,752,000","42,443,000","37,510,000","32,383,000","39,574,000","36,278,000","32,314,000","29,184,000","37,855,000","39,348,000","40,471,000","30,015,000","38,491,000","36,755,000","35,925,000","27,638,000","59,557,000","29,246,000","30,426,000","26,780,000","33,978,000","33,101,000","35,855,000","26,847,000","32,632,000","30,158,000","29,598,000","20,619,000","24,099,000","21,802,000","24,437,000","17,176,000","18,568,000","20,076,000","17,857,000","13,894,000","24,605,000","32,817,000","29,765,000","23,743,000","29,031,000","29,348,000","29,670,000","21,604,000","28,690,000","30,580,000","29,465,000","24,350,000","42,960,000","35,625,000","23,493,000","17,878,000","24,566,000","21,614,000","17,590,000","8,102,000","15,148,000","11,827,000","13,566,000","10,159,000","14,518,000","13,941,000","12,248,000","8,514,000","11,577,000","11,930,000","10,933,000","8,354,000","15,902,000","11,516,000","9,437,000","8,339,000","15,637,000","12,100,000","10,800,000","7,500,000","11,292,000","9,200,000","-13,200,000","4,500,000","7,690,000","7,600,000","6,400,000","3,000,000","1,025,000","7,700,000","7,000,000","3,200,000","5,200,000","7,200,000","7,800,000","4,800,000","7,300,000","7,100,000","6,600,000","3,300,000","5,000,000","4,500,000","4,100,000","-1,700,000"
BasicEPS,,"3.362","3.006","2.589","2.411","2.011","1.7","1.61","0.63","1.04","1.27","1.35","1.53","1.58","1.69","1.63","1.51","1.37","1.54","1.01","0.89","0.77","0.95","0.86","0.77","0.69","0.89","0.91","0.92","0.67","0.86","0.82","0.8","0.61","1.3","0.64","0.66","0.58","0.73","0.71","0.76","0.57",,"0.64","0.62","0.43",,"0.44","0.49","0.34",,"0.39","0.35","0.27",,"0.62","0.56","0.45",,"0.54","0.53","0.39",,"0.53","0.5","0.41",,"0.61","0.4","0.3",,"0.36","0.295","0.135",,"0.465","0.195","0.16",,"0.215","0.188","0.131",,"0.181","0.161","0.123",,"0.166","0.133","0.114",,"0.151","0.133","0.09",,"0.108","-0.146","0.048",,"0.075","0.064","0.03",,"0.075","0.069","0.031",,"0.07","0.076","0.046",,"0.07","0.064","0.033",,"0.046","0.041","-0.021"
DilutedEPS,,"3.34","2.99","2.582","2.4","2.01","1.7","1.61","0.63","1.04","1.27","1.35","1.53","1.58","1.68","1.63","1.51","1.37","1.54","1.01","0.89","0.77","0.94","0.86","0.76","0.69","0.88","0.9","0.92","0.67","0.86","0.82","0.8","0.61","1.3","0.64","0.66","0.57","0.73","0.71","0.76","0.57",,"0.64","0.62","0.43",,"0.44","0.49","0.34",,"0.39","0.35","0.27",,"0.62","0.56","0.45",,"0.54","0.53","0.38",,"0.53","0.5","0.41",,"0.6","0.39","0.29",,"0.35","0.285","0.13",,"0.415","0.12","0.155",,"0.208","0.18","0.128",,"0.176","0.158","0.12",,"0.163","0.13","0.111",,"0.15","0.131","0.089",,"0.106","-0.146","0.048",,"0.075","0.064","0.03",,"0.075","0.068","0.031",,"0.07","0.076","0.046",,"0.07","0.064","0.033",,"0.046","0.041","-0.021"
BasicAverageShares,,"37,127,333","37,693,740","38,108,586","38,275,799","38,408,570","38,389,000","38,386,000","38,379,000","39,254,000","39,472,000","39,566,000","39,945,000","40,161,000","40,501,000","41,101,000","41,450,000","42,038,000","41,981,000","41,957,000","41,935,000","41,879,000","41,805,000","42,039,000","42,235,000","42,395,000","42,729,000","43,446,000","43,892,000","44,588,000","44,770,000","44,713,000","44,935,000","45,407,000","45,689,000","45,708,000","46,253,000","46,507,000","46,468,000","46,614,000","46,915,000","46,800,000",,"47,358,000","47,782,000","47,870,000",,"49,434,000","50,123,000","50,207,000",,"51,069,000","51,330,000","51,575,000",,"52,586,000","52,851,000","52,601,000",,"54,189,000","55,597,000","55,926,000",,"57,287,000","58,499,000","58,901,000",,"58,494,000","59,402,000","60,396,000",,"60,436,000","59,864,000","59,710,000",,"60,310,000","62,608,000","63,096,000",,"64,896,000","65,008,000","64,776,000",,"66,008,000","67,952,000","68,096,000",,"69,416,000","71,040,000","73,352,000",,"80,000,000","81,509,434","83,333,333",,"85,581,395","90,256,410","94,736,842",,"101,333,333","100,392,157","100,000,000",,"102,666,667","101,818,182","102,400,000",,"102,857,143","102,295,082","103,783,784",,"101,428,571","103,529,412","101,538,462",,"97,297,297","99,393,939","80,000,000"
DilutedAverageShares,,"37,418,000","37,917,000","38,218,000","38,402,000","38,408,570","38,389,000","38,386,000","38,379,000","39,254,000","39,472,000","39,566,000","39,945,000","40,166,000","40,514,000","41,137,000","41,491,000","42,098,000","42,054,000","42,028,000","42,010,000","41,998,000","41,938,000","42,170,000","42,357,000","42,489,000","42,849,000","43,607,000","44,033,000","44,760,000","45,002,000","44,937,000","45,128,000","45,596,000","45,869,000","45,856,000","46,386,000","46,722,000","46,614,000","46,732,000","47,104,000","47,061,000",,"47,387,000","47,912,000","47,900,000",,"49,447,000","50,215,000","50,318,000",,"51,245,000","51,487,000","51,782,000",,"53,028,000","53,373,000","53,003,000",,"54,608,000","56,191,000","56,470,000",,"57,948,000","59,287,000","59,919,000",,"59,709,000","60,639,000","61,881,000",,"61,908,000","61,588,000","61,936,000",,"62,574,000","64,908,000","65,704,000",,"67,500,000","67,656,000","66,912,000",,"67,776,000","69,656,000","69,840,000",,"71,064,000","72,832,000","74,968,000",,"80,666,667","82,285,714","84,507,042",,"86,588,235","91,034,483","94,736,842",,"101,333,333","100,392,157","100,000,000",,"102,666,667","103,703,704","102,400,000",,"102,857,143","102,295,082","103,783,784",,"101,428,571","103,529,412","101,538,462",,"97,297,297","99,393,939","80,000,000"
TotalOperatingIncomeAsReported,"565,233,000","162,833,000","148,740,000","131,412,000","122,248,000","103,268,000","84,412,000","82,352,000","32,181,000","54,005,000","66,519,000","70,638,000","80,851,000","80,896,000","86,088,000","87,068,000","83,426,000","75,153,000","70,049,000","60,567,000","61,018,000","52,334,000","63,765,000","58,461,000","53,093,000","47,932,000","62,648,000","63,980,000","66,033,000","49,045,000","61,209,000","59,577,000","58,572,000","45,014,000","35,411,000","47,780,000","49,937,000","43,462,000","49,535,000","54,379,000","58,789,000","43,150,000","50,950,000","49,533,000","48,670,000","34,092,000","35,808,000","35,886,000","39,982,000","28,295,000","27,570,000","32,678,000","29,776,000","23,718,000","40,977,000","54,690,000","50,185,000","40,989,000","48,666,000","49,648,000","49,508,000","36,871,000","48,652,000","51,701,000","49,255,000","41,611,000","71,295,000","59,037,000","39,191,000","29,959,000","40,596,000","35,666,000","29,268,000","13,889,000","25,176,000","19,963,000","22,566,000","17,090,000","24,191,000","23,451,000","20,999,000","15,040,000","20,093,000","21,000,000","19,486,000","15,807,000","27,953,000","21,456,000","17,715,000","15,489,000",,,,,,,,,,,,,,,,,,,,,,,,,,,,
TotalExpenses,"6,658,294,000","1,808,487,000","1,796,996,000","1,603,593,000","1,449,218,000","1,184,950,000","1,197,132,000","1,003,908,000","789,586,000","874,728,000","929,665,000","942,335,000","965,472,000","953,242,000","1,097,325,000","1,116,015,000","1,100,251,000","973,634,000","982,308,000","883,574,000","810,024,000","728,988,000","829,466,000","729,834,000","722,493,000","664,092,000","786,307,000","778,096,000","802,689,000","713,689,000","801,975,000","760,075,000","756,203,000","643,546,000","641,551,000","633,107,000","629,774,000","585,233,000","642,099,000","663,182,000","677,589,000","606,260,000","666,983,000","634,853,000","627,284,000","538,422,000","528,766,000","564,475,000","574,366,000","495,482,000","486,735,000","447,757,000","442,044,000","427,950,000","545,083,000","662,630,000","629,213,000","587,977,000","617,351,000","604,907,000","608,739,000","576,598,000","582,872,000","618,145,000","612,900,000","591,914,000","760,387,000","641,777,000","520,167,000","499,042,000","576,771,000","518,148,000","478,770,000","448,852,000","436,087,000","407,198,000","390,883,000","370,208,000","389,225,000","379,259,000","397,686,000","343,030,000","346,657,000","349,140,000","357,879,000","332,136,000","372,291,000","342,332,000","358,788,000","330,655,000","451,371,000","317,200,000","317,600,000","291,100,000","414,342,000","297,300,000","305,300,000","295,500,000","488,734,000","292,100,000","301,700,000","276,200,000","461,204,000","290,800,000","289,900,000","267,700,000","269,500,000","262,500,000","272,200,000","266,500,000","247,100,000","217,600,000","222,200,000","187,700,000","200,700,000","191,100,000","188,400,000","168,800,000"
NetIncomeFromContinuingAndDiscontinuedOperation,"429,123,000","124,839,000","113,315,000","98,675,000","92,294,000","77,240,000","65,071,000","61,886,000","24,254,000","40,895,000","50,048,000","53,255,000","61,100,000","63,317,000","68,256,000","66,985,000","62,523,000","57,517,000","64,752,000","42,443,000","37,510,000","32,383,000","39,574,000","36,278,000","32,314,000","29,184,000","37,855,000","39,348,000","40,471,000","30,015,000","38,491,000","36,755,000","35,925,000","27,638,000","59,557,000","29,246,000","30,426,000","26,780,000","33,978,000","33,101,000","35,855,000","26,847,000","32,632,000","30,158,000","29,598,000","20,619,000","24,099,000","21,802,000","24,437,000","17,176,000","18,568,000","20,076,000","17,857,000","13,894,000","24,605,000","32,817,000","29,765,000","23,743,000","29,031,000","29,348,000","29,670,000","21,604,000","28,690,000","30,580,000","29,465,000","24,350,000","42,960,000","35,625,000","23,493,000","17,878,000","24,566,000","21,614,000","17,590,000","8,102,000","15,148,000","11,827,000","13,566,000","10,159,000","14,518,000","13,941,000","12,248,000","8,514,000","11,577,000","11,930,000","10,933,000","8,354,000","15,902,000","11,516,000","9,437,000","8,339,000","15,637,000","12,100,000","10,800,000","7,500,000","11,292,000","9,200,000","-13,200,000","4,500,000","7,690,000","7,600,000","6,400,000","3,000,000","1,025,000","7,700,000","7,000,000","3,200,000","5,200,000","7,200,000","7,800,000","4,800,000","7,300,000","7,100,000","6,600,000","3,300,000","5,000,000","4,500,000","4,100,000","100,000"
NormalizedIncome,"426,910,000.937","124,294,645","112,763,527.224","98,141,264","91,724,772","76,722,896","76,627,647.053","61,342,646","25,611,419","39,995,243","49,053,229.682","52,252,970","60,122,354","62,417,980","67,404,545","66,207,448","61,848,797.377","56,851,447","64,039,426.989","41,939,612","37,131,216","32,121,352","39,320,255.774","36,052,733","32,089,303","28,948,400","37,639,146.946","39,130,300","40,260,820","29,794,812","38,265,002.952","36,547,500","35,718,828","27,411,125","22,233,384.731","29,017,982","30,196,351","26,545,560.601","33,978,000","33,101,000","35,855,000","26,847,000","32,632,000","30,158,000","29,598,000","20,619,000","24,099,000","21,802,000","24,437,000","17,176,000","18,568,000","20,076,000","17,857,000","13,894,000","24,605,000","32,817,000","29,765,000","23,743,000","29,031,000","29,348,000","29,670,000","21,604,000","28,690,000","30,580,000","29,465,000","24,350,000","42,960,000","35,625,000","23,493,000","17,878,000","24,566,000","21,614,000","17,590,000","8,102,000","15,148,000","11,827,000","13,566,000","10,159,000","14,518,000","13,941,000","12,248,000","8,514,000","11,577,000","11,930,000","10,933,000","8,354,000","12,559,084.846","12,865,058.626","11,276,358.851","8,339,000","16,717,000","11,740,000","10,440,000","7,200,000","12,001,000","8,960,000","8,760,000","4,320,000","7,690,000","7,600,000","7,600,000","3,720,000","1,025,000","7,700,000","7,000,000","3,200,000","5,200,000","7,200,000","7,800,000","4,800,000","7,300,000","7,100,000","6,600,000","3,300,000","5,000,000","4,500,000","4,100,000","100,000"
InterestIncome,,,,,,,,,,,,,,,,,,,,,,,,,,,,,,,,,,,,,,,,"393,000","405,000","387,000","411,000","373,000","393,000",,,,,,,,,,,,,,,,,,,,,,,,,,,,,,,,,,,,,,,,,,,,,,,,,,,,,,,,,,,,,,,,,,,,,,,,,
InterestExpense,"4,057,000","1,123,000","1,002,000","965,000","967,000","1,042,000","1,017,000","1,008,000","976,000","952,000","863,000","764,000","709,000","805,000","899,000","816,000","839,000","800,000","607,000","657,000","819,000","1,083,000","1,069,000","948,000","888,000","889,000","741,000","714,000","713,000","781,000","917,000","774,000","718,000","768,000","844,000","856,000","771,000","740,000","792,000","818,000","770,000","724,000","772,000","735,000","777,000","828,000","924,000","1,035,000","810,000","854,000","937,000","957,000","973,000","1,163,000","1,716,000","1,757,000","1,736,000",,,,,,,,,,,,,,,,,,,,,,,,,,,,,,,,,,,,,,,,,,,,,,,,,,,,,,,,,,,,,
NetInterestIncome,"-4,057,000","-1,123,000","-1,002,000","-965,000","-967,000","-1,042,000","-1,017,000","-1,008,000","-976,000","-952,000","-863,000","-764,000","-709,000","-805,000","-899,000","-816,000","-839,000","-800,000","-607,000","-657,000","-819,000","-1,083,000","-1,069,000","-948,000","-888,000","-889,000","-741,000","-714,000","-713,000","-781,000","-917,000","-774,000","-718,000","-768,000","-844,000","-856,000","-771,000","-740,000","-1,977,000","-425,000","-365,000","-337,000","-361,000","-362,000","-384,000","-828,000","-924,000","-1,035,000","-810,000","-854,000","-937,000","-957,000","-973,000","-1,163,000","-1,716,000","-1,757,000","-1,736,000",,,,,,,,,,,,,,,,,,,,,,,,,,,,,,,,,,,,,,,,,,,,,,,,,,,,,,,,,,,,,
EBIT,"565,233,000","162,833,000","148,740,000","131,412,000","122,248,000","103,268,000","84,412,000","82,352,000","32,181,000","54,005,000","66,519,000","70,638,000","80,851,000","80,896,000","86,088,000","87,068,000","83,426,000","75,153,000","70,049,000","60,567,000","61,018,000","52,334,000","63,765,000","58,461,000","53,093,000","47,932,000","62,648,000","63,980,000","66,033,000","49,045,000","61,209,000","59,577,000","58,572,000","45,014,000","35,411,000","47,780,000","49,937,000","43,462,000","49,535,000","54,379,000","58,789,000","43,150,000","50,950,000","49,533,000","48,670,000","34,092,000","35,808,000","35,886,000","39,982,000","28,295,000","27,570,000","32,678,000","29,776,000","23,718,000","40,977,000","54,690,000","50,185,000","20,851,000","25,514,000","29,904,000","24,213,000","51,000","28,407,000","31,052,000","30,338,000","18,128,000","40,055,000","34,293,000","18,937,000","3,170,000","12,953,000","8,735,000","3,533,000","-27,826,000","-2,090,000","-426,000","-799,000","-4,490,000","4,761,000","6,401,000","-6,470,000","-7,337,000","1,131,000","6,544,000","139,000","-855,000","8,284,000","10,024,000","-233,000","-3,649,000","-71,288,000","34,300,000","27,500,000","20,300,000","-80,435,000","26,700,000","22,200,000","24,700,000","-141,630,000","34,200,000","32,000,000","29,400,000","-132,203,000","39,400,000","39,200,000","27,800,000","32,700,000","36,200,000","35,900,000","29,200,000","32,400,000","30,000,000","28,000,000","19,500,000","11,000,000","9,500,000","8,600,000","2,300,000"
EBITDA,"616,498,000"
ReconciledCostOfRevenue,"6,274,955,000","1,713,865,000","1,694,759,000","1,504,254,000","1,362,077,000","1,110,395,000","1,125,640,000","935,841,000","721,866,000","796,138,000","857,615,000","869,783,000","898,028,000","888,742,000","1,024,475,000","1,041,531,000","1,022,108,000","903,419,000","912,502,000","813,555,000","747,767,000","669,255,000","769,735,000","675,162,000","662,909,000","607,858,000","730,026,000","722,065,000","744,658,000","653,956,000","745,323,000","705,313,000","699,359,000","589,503,000","595,652,000","579,446,000","577,975,000","532,876,000","742,888,000","556,172,000","572,087,000","504,017,000","556,112,000","527,681,000","523,431,000","442,644,000","430,628,000","463,185,000","476,258,000","404,903,000","396,439,000","362,071,000","356,770,000","342,322,000","450,960,000","561,739,000","528,803,000","537,469,000","571,179,000","559,740,000","561,303,000","521,276,000","537,584,000","572,424,000","564,833,000","540,433,000","702,397,000","591,251,000","475,902,000","451,652,000","528,814,000","470,554,000","432,877,000","397,537,000","394,561,000","363,291,000","352,216,000","330,033,000","352,213,000","341,452,000","356,713,000","303,196,000","310,984,000","314,211,000","321,313,000","294,285,000","333,462,000","308,024,000","320,219,000","292,853,000","422,649,000","281,000,000","278,300,000","251,400,000","388,622,000","260,200,000","263,700,000","260,600,000","417,473,000","263,500,000","269,700,000","247,800,000","390,296,000","265,000,000","264,900,000","239,800,000","244,200,000","236,200,000","243,200,000","236,900,000","217,900,000","192,000,000","195,700,000","163,900,000","146,700,000","165,300,000","146,700,000","155,100,000"
ReconciledDepreciation,"51,265,000","13,757,000","13,077,000","12,288,000","12,143,000","12,101,000","11,643,000","11,240,000","11,467,000","11,505,000","11,423,000","10,695,000","11,034,000","11,316,000","11,050,000","10,754,000","10,769,000","10,997,000","10,599,000","10,130,000","9,897,000","9,934,000","9,687,000","9,016,000","8,655,000","8,438,000","7,849,000","7,185,000","7,049,000","7,019,000","7,156,000","7,086,000","6,565,000","6,768,000","4,834,000","7,840,000","7,810,000","7,183,000","6,980,000","7,072,000","6,664,000","6,740,000","6,478,000","6,549,000","6,388,000","6,399,000","6,360,000","6,456,000","6,196,000","5,792,000","6,114,000","6,213,000","5,716,000","5,485,000","5,402,000","5,251,000","5,177,000","5,130,000","5,043,000","4,766,000","4,662,000","4,617,000","4,566,000","4,180,000","3,957,000","4,093,000","3,994,000","3,998,000","3,966,000","3,962,000","3,739,000","3,654,000","3,367,000","3,199,000","3,178,000","3,213,000","3,179,000","3,166,000","2,999,000","2,821,000","2,821,000","2,879,000","2,910,000","3,000,000","3,231,000","3,186,000","3,164,000","3,042,000","2,831,000","2,750,000","19,282,000","-3,400,000","-2,800,000","-2,600,000","16,392,000","-2,600,000","0","-4,900,000","34,583,000","-5,300,000","-5,400,000","-5,100,000","39,878,000","-5,800,000","-6,200,000","-6,000,000","-5,600,000","-5,300,000","-5,200,000","-4,700,000","-3,700,000","-3,500,000","-3,200,000","-3,500,000","-6,900,000","-3,000,000","-3,400,000","-3,100,000"
NetIncomeFromContinuingOperationNetMinorityInterest,"429,123,000","124,839,000","113,315,000","98,675,000","92,294,000","77,240,000","65,071,000","61,886,000","24,254,000","40,895,000","50,048,000","53,255,000","61,100,000","63,317,000","68,256,000","66,985,000","62,523,000","57,517,000","64,752,000","42,443,000","37,510,000","32,383,000","39,574,000","36,278,000","32,314,000","29,184,000","37,855,000","39,348,000","40,471,000","30,015,000","38,491,000","36,755,000","35,925,000","27,638,000","22,470,000","29,246,000","30,426,000","26,780,000","33,978,000","33,101,000","35,855,000","26,847,000","32,632,000","30,158,000","29,598,000","20,619,000","24,099,000","21,802,000","24,437,000","17,176,000","18,568,000","20,076,000","17,857,000","13,894,000","24,605,000","32,817,000","29,765,000","23,743,000","29,031,000","29,348,000","29,670,000","21,604,000","28,690,000","30,580,000","29,465,000","24,350,000","42,960,000","35,625,000","23,493,000","17,878,000","24,566,000","21,614,000","17,590,000","8,102,000","15,148,000","11,827,000","13,566,000","10,159,000","14,518,000","13,941,000","12,248,000","8,514,000","11,577,000","11,930,000","10,933,000","8,354,000","15,902,000","11,516,000","9,437,000","8,339,000","15,637,000","12,100,000","10,800,000","7,500,000","11,281,000","9,200,000","9,000,000","4,500,000","7,690,000","7,600,000","6,400,000","3,000,000","1,025,000","7,700,000","7,000,000","3,200,000","5,200,000","7,200,000","7,800,000","4,800,000","7,300,000","7,100,000","6,600,000","3,300,000","5,000,000","4,500,000","4,100,000","100,000"
TotalUnusualItemsExcludingGoodwill,"2,894,000","721,000","719,000","706,000","748,000","684,000","-14,811,000","714,000","-1,747,000","1,167,000","1,305,000","1,315,000","1,283,000","1,138,000","1,062,000","1,002,000","891,000","861,000","765,000","711,000","608,000","414,000","402,000","357,000","363,000","380,000","353,000","350,000","339,000","354,000","354,000","332,000","332,000","363,000","364,000","366,000","371,000","374,000","378,000",,,,,,,,,,,,,,,,,,,"0","0","0","0","0","0","0","0","0","0","0","0","0","0","0","0","0","0","0","0","0","0","0","0","0","0","0","0","0","5,270,000","-2,230,000","-3,040,000","0","-1,800,000","600,000","600,000","500,000","-1,200,000","400,000","400,000","300,000","0",,"-2,000,000","-1,200,000",,,,,,,,,,,,,,,,
TotalUnusualItems,"2,894,000","721,000","719,000","706,000","748,000","684,000","-14,811,000","714,000","-1,747,000","1,167,000","1,305,000","1,315,000","1,283,000","1,138,000","1,062,000","1,002,000","891,000","861,000","765,000","711,000","608,000","414,000","402,000","357,000","363,000","380,000","353,000","350,000","339,000","354,000","354,000","332,000","332,000","363,000","364,000","366,000","371,000","374,000","378,000",,,,,,,,,,,,,,,,,,,"0","0","0","0","0","0","0","0","0","0","0","0","0","0","0","0","0","0","0","0","0","0","0","0","0","0","0","0","0","5,270,000","-2,230,000","-3,040,000","0","-1,800,000","600,000","600,000","500,000","-1,200,000","400,000","400,000","300,000","0",,"-2,000,000","-1,200,000",,,,,,,,,,,,,,,,
NormalizedEBITDA,"613,604,000","175,869,000","161,098,000","142,994,000","133,643,000","114,685,000","110,866,000","92,878,000","45,395,000","64,343,000","76,637,000","80,018,000","90,602,000","91,074,000","96,076,000","96,820,000","93,304,000","85,289,000","79,883,000","69,986,000","70,307,000","61,854,000","73,050,000","67,120,000","61,385,000","55,990,000","70,144,000","70,815,000","72,743,000","55,710,000","68,011,000","66,331,000","64,805,000","51,419,000","39,881,000","55,254,000","57,376,000","50,271,000","56,515,000","61,451,000","65,453,000","49,890,000","57,428,000","56,082,000","55,058,000","40,491,000","42,168,000","42,342,000","46,178,000","34,087,000","33,684,000","38,891,000","35,492,000","29,203,000","46,379,000","59,941,000","55,362,000","25,981,000","30,557,000","34,670,000","28,875,000","4,668,000","32,973,000","35,232,000","34,295,000","22,221,000","44,049,000","38,291,000","22,903,000","7,132,000","16,692,000","12,389,000","6,900,000","-24,627,000","1,088,000","2,787,000","2,380,000","-1,324,000","7,760,000","9,222,000","-3,649,000","-4,458,000","4,346,000","9,846,000","3,675,000","2,635,000","6,483,000","15,598,000","5,943,000","-595,000","-50,206,000","37,100,000","29,700,000","22,400,000","-62,843,000","29,000,000","24,200,000","29,300,000","-107,047,000","39,600,000","39,400,000","35,700,000","-92,325,000","45,200,000","45,400,000","33,800,000","38,300,000","41,700,000","41,100,000","33,900,000","36,100,000","33,500,000","31,200,000","23,000,000","17,900,000","12,700,000","11,700,000","5,400,000"
TaxRateForCalcs,"0.235","0.245","0.233","0.244","0.239","0.244","0.22","0.239","0.223","0.229","0.238","0.238","0.238","0.21","0.198","0.224","0.243","0.227","0.069","0.292","0.377","0.368","0.369","0.369","0.381","0.38","0.389","0.378","0.38","0.378","0.362","0.375","0.379","0.375","0.35","0.377","0.381","0.373","0.303","0.382","0.382","0.367","0.35","0.382","0.382","0.382","0.315","0.382","0.382","0.382","0.311","0.374","0.38","0.384","0.373","0.38","0.386","0.389","0.375","0.387","0.387","0.388","0.387","0.387","0.386","0.388","0.384","0.384","0.384","0.384","0.383","0.383","0.382","0.383","0.378","0.381","0.377","0.378","0.38","0.38","0.38","0.38","0.385","0.385","0.385","0.385","0.366","0.395","0.395","0.395","0.4","0.4","0.4","0.4","0.4","0.4","0.4","0.4","0.4","0.4","0.4","0.4","0.339","0.4","0.4","0.4","0.4","0.4","0.4","0.4","0.4","0.4","0.4","0.4","0.4","0.4","0.4","0.4"
TaxEffectOfUnusualItems,"681,000.937","176,645","167,527.224","172,264","178,772","166,896","-3,254,352.947","170,646","-389,581","267,243","310,229.682","312,970","305,354","238,980","210,545","224,448","216,797.377","195,447","52,426.989","207,612","229,216","152,352","148,255.774","131,733","138,303","144,400","137,146.946","132,300","128,820","133,812","128,002.952","124,500","125,828","136,125","127,384.731","137,982","141,351","139,560.601","0","0","0","0","0","0","0","0","0","0","0","0","0","0","0","0","0","0","0","0","0","0","0","0","0","0","0","0","0","0","0","0","0","0","0","0","0","0","0","0","0","0","0","0","0","0","0","0","1,927,084.846","-880,941.374","-1,200,641.149","0","-720,000","240,000","240,000","200,000","-480,000","160,000","160,000","120,000","0","0","-800,000","-480,000","0","0","0","0","0","0","0","0","0","0","0","0","0","0","0","0"