name,ttm,03/31/2022,12/31/2021,09/30/2021,06/30/2021,03/31/2021,12/31/2020,09/30/2020,06/30/2020,03/31/2020,12/31/2019,09/30/2019,06/30/2019,03/31/2019,12/31/2018,09/30/2018,06/30/2018,03/31/2018,12/31/2017,09/30/2017,06/30/2017,03/31/2017,12/31/2016,09/30/2016,06/30/2016,03/31/2016,12/31/2015,09/30/2015,06/30/2015,03/31/2015,12/31/2014,09/30/2014,06/30/2014,03/31/2014,12/31/2013,09/30/2013,06/30/2013,03/31/2013,12/31/2012,09/30/2012,06/30/2012,03/31/2012,12/31/2011,09/30/2011,06/30/2011,03/31/2011,12/31/2010,09/30/2010,06/30/2010,03/31/2010,12/31/2009,09/30/2009,06/30/2009,03/31/2009,12/31/2008,09/30/2008,06/30/2008,03/31/2008,12/31/2007,09/30/2007,06/30/2007,03/31/2007,12/31/2006,09/30/2006,06/30/2006,03/31/2006,12/31/2005,09/30/2005,06/30/2005,03/31/2005,12/31/2004,09/30/2004,06/30/2004,03/31/2004,12/31/2003,09/30/2003,06/30/2003,03/31/2003,12/31/2002,09/30/2002,06/30/2002,03/31/2002,12/31/2001,09/30/2001,06/30/2001,03/31/2001,12/31/2000,09/30/2000,06/30/2000,03/31/2000,12/31/1999,09/30/1999,06/30/1999,03/31/1999,12/31/1998,09/30/1998,06/30/1998,03/31/1998,12/31/1997,09/30/1997,06/30/1997,03/31/1997,12/31/1996,09/30/1996,06/30/1996,03/31/1996,12/31/1995,09/30/1995,06/30/1995,03/31/1995,12/31/1994,09/30/1994,06/30/1994,03/31/1994,12/31/1993,09/30/1993,06/30/1993,03/31/1993
TotalRevenue,"331,718,000","80,278,000","86,482,000","83,417,000","81,541,000","92,557,000","83,315,000","84,514,000","81,792,000","80,827,000","83,036,000","81,550,000","80,135,000","81,248,000","87,251,000","99,958,000","105,493,000","102,637,000","102,169,000","97,689,000","95,684,000","96,099,000","101,972,000","106,331,000","109,577,000","111,616,000","106,626,000","105,438,000","110,333,000","108,588,000","97,140,000","109,513,000","109,756,000","112,199,000","106,374,000","97,946,000","99,413,000","97,067,000","94,822,000","87,655,000","83,930,000","82,735,000","78,355,000","84,048,000","82,675,000","83,269,000","82,324,000","87,815,000","86,094,000","88,918,000","82,676,000","97,294,000","98,764,000","100,781,000","100,599,000","105,469,000","128,674,000","107,588,000","103,888,000","124,355,000","120,453,000","95,162,000","54,162,000","51,634,000","51,648,000","54,009,000","52,430,000","56,231,000","50,870,000","38,642,000","42,176,000","38,506,000","37,379,000","32,118,000","31,482,000","31,111,000","29,140,000","29,081,000","26,240,000","25,080,000","24,486,000","24,813,000","21,959,000","20,222,000","20,448,000","20,233,000","20,275,000","20,087,000","20,033,000","19,610,000","20,000,000","19,200,000","19,000,000","19,200,000","19,417,000","17,200,000","15,000,000","14,000,000","8,269,000","14,900,000","10,700,000","9,800,000","8,575,355","8,700,000","7,700,000","6,800,000","9,000,000","6,400,000","6,300,000","9,700,000","6,400,000","6,500,000","6,500,000","6,500,000","6,500,000","6,500,000","6,500,000","6,500,000"
	OperatingRevenue,"326,835,000","78,536,000","85,374,000","82,353,000","80,572,000","91,645,000","82,390,000","83,592,000","81,094,000","78,735,000","81,564,000","80,325,000","78,758,000","79,975,000","87,251,000","99,958,000","105,493,000","102,637,000","102,169,000","97,689,000","95,684,000","96,099,000","101,972,000","106,331,000","109,577,000","111,616,000","106,626,000","105,438,000","110,333,000","108,588,000","97,140,000","109,513,000","109,756,000","112,199,000","106,374,000","97,946,000","99,413,000","97,067,000","94,822,000","87,655,000","83,930,000","82,735,000","78,355,000","84,048,000","82,675,000","83,269,000","82,324,000","87,815,000","86,094,000","88,918,000","82,676,000","97,294,000","98,764,000","100,781,000","100,599,000","105,469,000","128,674,000","311,000","103,888,000","124,355,000","120,453,000","719,000","1,028,000","53,602,000","1,338,000","56,049,000","52,374,000","58,896,000","52,410,000","634,000","1,711,000","1,448,000","777,000","950,000","31,482,000","31,111,000","29,140,000","29,966,000","26,240,000","25,118,000","24,766,000","25,667,000","21,959,000","20,222,000","20,448,000","20,233,000","20,275,000","20,384,000","20,033,000","19,610,000","20,000,000","19,200,000","19,000,000","19,200,000","19,100,000","17,200,000","15,000,000","14,000,000","8,269,000","14,900,000","10,700,000","9,800,000","8,500,000","8,700,000","7,700,000","6,800,000","9,000,000","6,400,000","6,300,000","9,700,000","6,400,000","6,500,000","6,500,000","6,500,000","6,500,000","6,500,000","6,500,000","6,500,000"
CostOfRevenue,"230,472,000","59,122,000","59,915,000","56,765,000","54,670,000","53,110,000","50,742,000","51,898,000","50,081,000","50,785,000","47,029,000","47,822,000","46,599,000","48,162,000","48,112,000","48,394,000","56,346,000","58,014,000","57,672,000","55,189,000","55,294,000","55,007,000","53,873,000","51,760,000","52,565,000","55,205,000","55,458,000","53,196,000","57,342,000","56,856,000","49,321,000","56,770,000","56,297,000","58,477,000","55,638,000","60,411,000","61,022,000","61,167,000","177,674,000","15,446,000","14,718,000","15,048,000","12,341,000","17,196,000","16,348,000","17,120,000","180,931,000","17,418,000","18,256,000","20,477,000","192,330,000","22,470,000","21,607,000","22,120,000","-60,804,000","21,733,000",,,,,,,,,,,,,,,,,,,,,,,,,,,,,,,,,,,,,,,,,,,,,,,,,,,,,,,,,,,,,,
GrossProfit,"101,246,000","21,156,000","26,567,000","26,652,000","26,871,000","39,447,000","32,573,000","32,616,000","31,711,000","30,042,000","36,007,000","33,728,000","33,536,000","33,086,000","39,139,000","51,564,000","49,147,000","44,623,000","44,497,000","42,500,000","40,390,000","41,092,000","48,099,000","54,571,000","57,012,000","56,411,000","51,168,000","52,242,000","52,991,000","51,732,000","47,819,000","52,743,000","53,459,000","53,722,000","50,736,000","37,535,000","38,391,000","35,900,000","-82,852,000","72,209,000","69,212,000","67,687,000","66,014,000","66,852,000","66,327,000","66,149,000","-98,607,000","70,397,000","67,838,000","68,441,000","-109,654,000","74,824,000","77,157,000","78,661,000","161,403,000","83,736,000",,,,,,,,,,,,,,,,,,,,,,,,,,,,,,,,,,,,,,,,,,,,,,,,,,,,,,,,,,,,,,
OperatingExpense,"37,775,000","10,737,000","10,763,000","8,363,000","7,912,000","8,420,000","7,759,000","7,232,000","7,555,000","7,825,000","7,133,000","7,791,000","7,334,000","8,527,000","7,763,000","7,482,000","7,421,000","8,996,000","8,597,000","7,963,000","8,141,000","9,457,000","8,072,000","7,510,000","7,747,000","7,775,000","6,750,000","6,734,000","7,971,000","7,822,000","7,212,000","6,394,000","6,667,000","8,041,000","8,857,000","6,358,000","6,596,000","7,162,000","-109,758,000","46,030,000","48,151,000","44,498,000","45,588,000","47,327,000","47,420,000","44,933,000","-117,820,000","46,051,000","45,913,000","49,858,000","-131,303,000","50,458,000","51,619,000","54,094,000","135,537,000","58,314,000","112,528,000","67,368,000","57,096,000","74,758,000","69,975,000","65,777,000","30,153,000","27,657,000","32,661,000","28,136,000","23,468,000","28,529,000","27,662,000","14,226,000","13,041,000","14,197,000","11,862,000","13,267,000","-42,503,000","27,738,000","36,842,000","28,856,000","-40,902,000","24,363,000","23,457,000","24,555,000","-35,061,000","18,538,000","21,751,000","21,582,000","-37,883,000","21,157,000","20,900,000","21,242,000","40,943,000","-5,100,000","-4,500,000","-5,200,000","33,904,000","-4,500,000","-4,200,000","-3,500,000","25,418,000","-3,300,000","-3,100,000","-2,900,000","19,201,941","-2,500,000","-2,200,000","-1,800,000",,,"-6,700,000","-2,900,000","-4,300,000","-1,800,000","-1,800,000","-1,700,000",,,,
	SellingGeneralAndAdministration,"37,775,000","10,737,000","10,763,000","8,363,000","7,912,000","8,420,000","7,759,000","7,232,000","7,555,000","7,825,000","7,133,000","7,791,000","7,334,000","8,527,000","7,763,000","7,482,000","7,421,000","8,996,000","8,597,000","7,963,000","8,141,000","9,457,000","8,072,000","7,510,000","7,747,000","7,775,000","6,750,000","6,734,000","7,971,000","7,822,000","7,212,000","6,394,000","6,667,000","8,041,000","8,857,000","6,358,000","6,596,000","7,162,000","6,575,000","5,810,000","6,201,000","5,387,000","6,145,000","5,080,000","5,540,000","5,450,000","6,677,000","4,886,000","4,937,000","5,991,000","5,682,000","5,057,000","6,214,000","6,665,000","87,234,000","7,117,000","7,310,000","11,067,000","10,682,000","7,547,000","12,355,000","8,816,000","19,662,000","5,394,000","4,865,000","5,616,000","4,437,000","4,164,000","4,663,000","4,347,000","3,949,000","3,969,000","2,549,000","3,503,000","2,644,000","2,648,000","2,448,000","2,311,000","1,610,000","1,360,000","1,192,000","1,579,000","1,270,000","1,225,000","1,215,000","1,242,000","1,064,000","1,240,000","1,312,000","1,286,000","1,287,000","1,200,000","1,200,000","1,000,000","1,318,000","1,200,000","1,000,000","1,000,000","1,020,000","900,000","1,100,000","900,000","1,025,100","800,000","700,000","700,000",,,,,,"600,000","600,000","500,000",,,,
		GeneralAndAdministrativeExpense,"37,775,000","10,737,000","10,763,000","8,363,000","7,912,000","8,420,000","7,759,000","7,232,000","7,555,000","7,825,000","7,133,000","7,791,000","7,334,000","8,527,000","7,763,000","7,482,000","7,421,000","8,996,000","8,597,000","7,963,000","8,141,000","9,457,000","8,072,000","7,510,000","7,747,000","7,775,000","6,750,000","6,734,000","7,971,000","7,822,000","7,212,000","6,394,000","6,667,000","8,041,000","8,857,000","6,358,000","6,596,000","7,162,000","6,576,000",,,,,,,,,,,,,,,,,,"7,310,000","11,067,000","10,682,000","7,547,000","12,355,000","8,816,000","19,662,000","5,394,000","4,865,000","5,616,000","4,437,000","4,164,000","4,663,000","4,347,000","3,949,000","3,969,000","2,549,000","3,503,000","2,644,000","2,648,000","2,448,000","2,311,000","1,610,000","1,360,000","1,192,000","1,579,000","1,270,000","1,225,000","1,215,000","1,242,000","1,064,000","1,240,000","1,312,000","1,286,000","1,287,000","1,200,000","1,200,000","1,000,000","1,318,000","1,200,000","1,000,000","1,000,000","1,020,000","900,000","1,100,000","900,000","1,025,100","800,000","700,000","700,000",,,,,,"600,000","600,000","500,000",,,,
			SalariesAndWages,,,,,,,,,,,,,,,,,,,,,,,,,,,,,,,,,,,,,,,,,,,,,,,,,,,,,,,,,"7,310,000","11,067,000","10,682,000","7,547,000","12,355,000","8,816,000","19,662,000","5,394,000","4,865,000","5,616,000","4,437,000","4,164,000","4,663,000","4,347,000","3,949,000","3,969,000","2,549,000","3,503,000","2,644,000","2,648,000","2,448,000","2,311,000","1,610,000","1,360,000","1,192,000","1,579,000","1,270,000","1,225,000","1,215,000","1,242,000","1,064,000","1,240,000","1,312,000","1,286,000","1,300,000","1,200,000","1,200,000","1,000,000","1,300,000","1,200,000","1,000,000","1,000,000","1,000,000","900,000","1,100,000","900,000","1,000,000","800,000","700,000","700,000",,,,,,"600,000","600,000","500,000",,,,
			OtherGandA,"37,775,000","10,737,000","10,763,000","8,363,000","7,912,000","8,420,000","7,759,000","7,232,000","7,555,000","7,825,000","7,133,000","7,791,000","7,334,000","8,527,000","7,763,000","7,482,000","7,421,000","8,996,000","8,597,000","7,963,000","8,141,000","9,457,000","8,072,000","7,510,000","7,747,000","7,775,000","6,750,000","6,734,000","7,971,000","7,822,000","7,212,000","6,394,000","6,667,000","8,041,000","8,857,000","6,358,000","6,596,000","7,162,000","6,576,000",,,,,,,,,,,,,,,,,,,,,,,,,,,,,,,,,,,,,,,,,,,,,,,,,,,,,,,,,,,,,,,,,,,,,,,,,,,,,,,
	DepreciationAmortizationDepletionIncomeStatement,,,,,,,,,,,,,,,,,,,,,,,,,,,,,,,,,,,,,,,,"40,220,000","41,950,000","39,111,000","39,443,000","42,247,000","41,880,000","39,483,000",,"41,165,000","40,976,000","43,867,000",,"45,401,000","45,405,000","47,429,000","48,303,000","51,197,000","85,173,000","56,301,000","61,914,000","67,211,000","57,620,000","54,302,000","19,991,000","20,054,000","21,472,000","20,241,000","32,663,000","20,807,000","18,703,000","11,913,000","16,113,000","11,198,000","9,292,000","7,535,000","7,622,000","7,517,000","7,353,000","6,893,000","6,312,000","5,742,000","5,651,000","5,670,000","5,311,000","5,167,000","4,769,000","4,705,000","4,767,000","4,777,000","4,747,000","4,719,000",,,,,,,,,,,,,,,,,,,,,,,,,,,,
		DepreciationAndAmortizationInIncomeStatement,,,,,,,,,,,,,,,,,,,,,,,,,,,,,,,,,,,,,,,,,,"39,111,000","39,443,000","42,247,000",,,,"41,165,000","40,976,000","43,867,000",,"45,401,000","45,405,000","47,429,000","48,303,000","51,197,000","85,173,000","56,301,000","61,914,000","67,211,000","57,620,000","54,302,000","21,112,000","20,054,000","20,351,000","20,241,000","20,584,000","20,600,000","18,111,000","11,913,000","10,666,000","11,198,000","9,292,000","7,535,000","7,622,000","7,517,000","7,353,000","6,893,000","6,312,000","5,742,000","5,651,000","5,670,000","5,311,000","5,167,000","4,769,000","4,705,000","4,767,000","4,777,000","4,747,000","4,719,000",,,,,,,,,,,,,,,,,,,,,,,,,,,,
			DepreciationIncomeStatement,,,,,,,,,,,,,,,,,,,,,,,,,,,,,,,,,,,,,,,,,,,,,,,,,,,,,,,,,,,,,,,,,,,,,,,,,,,"6,997,000","6,960,000","6,840,000","6,361,000","5,844,000","5,261,000","5,192,000","5,183,000","4,863,000","4,731,000","4,361,000","4,357,000","4,358,000","4,362,000","4,367,000","4,426,000",,,,,,,,,,,,,,,,,,,,,,,,,,,,
			Amortization,,,,,,,,,,,,,,,,,,,,,,,,,,,,,,,,,,,,,,,,,,,,,,,,,,,,,,,,,,,,,,,,,,,,,,,,,,,"625,000","557,000","513,000","532,000","468,000","481,000","459,000","487,000","448,000","436,000","408,000","348,000","409,000","415,000","380,000","293,000",,,,,,,,,,,,,,,,,,,,,,,,,,,,
				AmortizationOfIntangiblesIncomeStatement,,,,,,,,,,,,,,,,,,,,,,,,,,,,,,,,,,,,,,,,,,,,,,,,,,,,,,,,,,,,,,,,,,,,,,,,,,,"625,000","557,000","513,000","532,000","468,000","481,000","459,000","487,000","448,000","436,000","408,000","348,000","409,000","415,000","380,000","293,000",,,,,,,,,,,,,,,,,,,,,,,,,,,,
		DepletionIncomeStatement,,,,,,,,,,,,,,,,,,,,,,,,,,,,,,,,,,,,,,,,,,,,,,,,,,,,,,,,,,,,,,,,"0","1,121,000",,"12,079,000","207,000","592,000",,,,,,,,,,,,,,,,,,,,,,,,,,,,,,,,,,,,,,,,,,,,,,,,,
	OtherTaxes,,,,,,,,,,,,,,,,,,,,,,,,,,,,,,,,,,,,,,,,,,,,,,,,,,,,,,,,,,,,,,,,"-33,561,000",,"-34,699,000","-38,659,000","-32,693,000","-27,693,000",,,,,,"-11,211,000","-11,328,000","-18,230,000","-10,120,000","-8,534,000","-7,599,000","-7,285,000","-8,055,000","-7,067,000","-6,828,000","-6,327,000","-6,318,000","-6,229,000","-6,355,000",,"-6,374,000",,"-6,300,000","-5,700,000","-6,200,000","-6,900,000","-5,700,000","-5,200,000","-4,500,000",,"-4,200,000","-4,200,000","-3,800,000","-4,000,000","-3,300,000","-2,900,000","-2,500,000",,,"-6,700,000","-2,900,000","-2,600,000","-2,400,000","-2,400,000","-2,200,000",,,,
	OtherOperatingExpenses,,,,,,,,,,,,,,,,,,,,,,,,,,,,,,,,,,,,,,,,,,,,,,,,,,,,,,,,,"20,045,000",,,,,"2,659,000","-9,500,000","35,770,000","6,324,000","36,978,000","25,027,000","36,251,000","31,989,000","-2,034,000","-7,021,000","-970,000","21,000","2,229,000","-41,558,000","28,901,000","45,271,000","29,772,000","-40,290,000","24,860,000","23,899,000","25,361,000","-34,575,000","18,974,000","22,094,000","21,953,000","-37,485,000","21,495,000","14,841,000","21,611,000",,,,,,,,,,,,,,,,,,,,,,,,,,,,
OperatingIncome,"63,471,000","10,419,000","15,804,000","18,289,000","18,959,000","31,027,000","24,814,000","25,384,000","24,156,000","22,217,000","28,874,000","25,937,000","26,202,000","24,559,000","31,376,000","44,082,000","41,726,000","35,627,000","35,900,000","34,537,000","32,249,000","31,635,000","40,027,000","47,061,000","49,265,000","48,636,000","44,418,000","45,508,000","45,020,000","43,910,000","40,607,000","46,349,000","46,792,000","45,681,000","41,879,000","31,177,000","31,795,000","28,738,000","26,906,000","26,179,000","21,061,000","23,189,000","20,426,000","19,525,000","18,907,000","21,216,000","19,213,000","24,346,000","21,925,000","18,583,000","21,649,000","24,366,000","25,538,000","24,567,000","25,866,000","25,422,000","16,146,000","40,220,000","46,792,000","49,597,000","50,478,000","29,385,000","24,009,000","23,977,000","18,987,000","25,873,000","28,962,000","27,702,000","23,208,000","24,416,000","29,135,000","24,309,000","25,517,000","18,851,000","73,985,000","3,373,000","-7,702,000","225,000","67,142,000","717,000","1,029,000","258,000","57,020,000","1,684,000","-1,303,000","-1,349,000","58,158,000","-1,070,000","-867,000","-1,632,000","-20,943,000","24,300,000","23,500,000","24,400,000","-14,487,000","21,700,000","19,200,000","17,500,000","-17,149,000","18,200,000","13,800,000","12,700,000","-10,626,586","11,200,000","9,900,000","8,600,000","15,900,000","6,400,000","13,000,000","12,600,000","10,700,000","8,300,000","8,300,000","8,200,000","15,900,000","6,500,000","6,500,000","6,500,000"
NetNonOperatingInterestIncomeExpense,"-45,904,000","-10,682,000","-11,538,000","-12,210,000","-11,474,000","-11,486,000","-12,591,000","-13,649,000","-14,166,000","-14,795,000","-14,380,000","-16,481,000","-17,026,000","-17,208,000","-16,656,000","-21,159,000","-21,734,000","-20,331,000","-20,055,000","-18,887,000","-19,216,000","-19,725,000","-19,459,000","-23,001,000","-22,679,000","-22,893,000","-21,466,000","-21,931,000","-23,339,000","-23,003,000","-21,921,000","-24,967,000","-25,955,000","-24,722,000","-21,686,000","-22,879,000","-22,662,000","-24,045,000","-25,145,000","-24,932,000","-24,316,000","-24,727,000","-26,318,000","-27,230,000","-26,953,000","-27,107,000","-28,662,000","-30,958,000","-31,892,000","-31,895,000","-30,974,000","-33,017,000","-33,711,000","-34,942,000","-11,134,000","-37,279,000","-21,227,000",,,,,,,,,,,,,,,,,,,,,,,,,,,,,,,,,,,,,,,,,,,,,,,,,,,,,,,,,,,,,
	InterestIncomeNonOperating,,,,,,,,,,,,,,,,,,,,,,,,,,,,,,,,,,,,,,,,,,,,,,,,,,,,,,,,,"18,694,000",,,,,,,,,,,,,,,,,,,,,,,,,,,,,,,,,,,,,,,,,,,,,,,,,,,,,,,,,,,,,
	InterestExpenseNonOperating,"45,904,000","10,682,000","11,538,000","12,210,000","11,474,000","11,486,000","12,591,000","13,649,000","14,166,000","14,795,000","14,380,000","16,481,000","17,026,000","17,208,000","16,656,000","21,159,000","21,734,000","20,331,000","20,055,000","18,887,000","19,216,000","19,725,000","19,459,000","23,001,000","22,679,000","22,893,000","21,466,000","21,931,000","23,339,000","23,003,000","21,921,000","24,967,000","25,955,000","24,722,000","21,686,000","22,879,000","22,662,000","24,045,000","25,145,000","24,932,000","24,316,000","24,727,000","26,318,000","27,230,000","26,953,000","27,107,000","28,662,000","30,958,000","31,892,000","31,895,000","30,974,000","33,017,000","33,711,000","34,942,000","35,544,000","37,279,000","39,921,000",,,,,,,,,,,,,,,,,,,,,,,,,,,,,,,,,,,,,,,,,,,,,,,,,,,,,,,,,,,,,
OtherIncomeExpense,"327,094,000","287,000","258,753,000","1,324,000","66,730,000","22,396,000","93,426,000","32,300,000","9,660,000","11,388,000","71,598,000","135,896,000","15,064,000","20,747,000","9,840,000","198,367,000","-20,483,000","-29,729,000","16,130,000","-9,962,000","-2,034,000","28,822,000","2,151,000","-51,200,000","22,671,000","19,720,000","11,851,000","-28,968,000","28,173,000","11,852,000","-16,861,000","2,519,000","-885,000","-16,753,000","-30,138,000","-816,000","-10,256,000","-11,447,000","-6,641,000","165,022,000","-2,457,000","972,000","22,245,000","-30,419,000","-51,260,000","9,010,000","17,835,000","7,863,000","-9,591,000","-23,326,000","3,306,000","-12,146,000","13,003,000","-8,701,000","1,904,000","4,111,000","35,642,000","2,106,000","41,187,000","2,673,000","2,577,000","2,560,000","1,244,000","453,000","5,911,000","795,000","-4,302,000","337,000","4,838,000","684,000","690,000","1,815,000","649,000","1,804,000",,,,"1,770,000","0","76,000","560,000","854,000",,"-2,874,000",,,"-2,959,000","594,000","2,662,000",,,"2,400,000",,,"0",,,,"17,000","3,500,000",,,,,,,,,,,,,,,,,,
	GainOnSaleOfSecurity,"345,610,000","255,000","262,507,000","16,122,000","66,726,000","21,919,000","97,163,000","20,878,000","11,193,000","9,805,000","74,227,000","140,461,000","15,244,000","20,957,000","13,336,000","202,371,000","14,432,000","22,774,000","8,350,000","10,645,000","10,240,000","34,193,000","23,097,000","16,072,000","25,326,000","17,015,000","0","1,733,000","21,426,000","148,000","855,000",,,,,,,,,,,,,,"-445,000",,,,,,,,,,,,,,,,,,,,,,,,,,,,,,,,,"885,000","0","38,000","280,000","854,000",,,,,"0","297,000",,,,,,,"0",,,,,"3,500,000",,,,,,,,,,,,,,,,,,
	SpecialIncomeCharges,,,"-4,165,000","-15,270,000","0","0","-4,166,000","11,382,000","-1,617,000","1,393,000","-2,964,000","-5,097,000","-1,094,000","-691,000","-5,321,000","-4,770,000","-35,269,000","-53,049,000","2,399,000","-21,612,000","-13,645,000","-7,992,000","-24,489,000","-70,352,000","-6,208,000","-162,000","8,635,000","-33,216,000","3,663,000","9,236,000","-19,975,000","-2,919,000","-4,187,000","-19,704,000","-33,166,000","-2,968,000","-11,726,000","-13,409,000","-13,529,000","165,022,000","-2,457,000","972,000","22,245,000","-30,419,000","-50,815,000","9,010,000","17,835,000","7,863,000","-9,591,000","-23,326,000","3,306,000","-12,146,000","13,003,000","-8,701,000","1,904,000","4,111,000","35,642,000","2,106,000","-5,280,000","2,673,000","2,577,000","2,560,000","1,244,000","453,000","5,911,000","795,000","-4,302,000","337,000","4,838,000","684,000","690,000","1,815,000","649,000","1,804,000",,,,"885,000","0","38,000","280,000",,"3,144,000","-2,874,000","0",,,"297,000","2,662,000",,,"2,400,000",,,,,,,,,,,,,,,,,,,,,,,,,,
		RestructuringAndMergernAcquisition,,,,,,,,,,,,,,,,,,,,,,,,,,,,,,,,,,,"0","0",,,"0",,,,,,,,,,,,,,,,,,,,,,,,,,,,,,,,,,,,,,,,,,,,,,,,,,,,,,,,,,,,,,,,,,,,,,,,,,,,,,,
		ImpairmentOfCapitalAssets,,,"3,493,000","2,048,000","0",,"6,668,000","6,175,000","1,617,000","0","2,974,000","673,000","1,094,000","588,000","4,953,000","2,542,000","35,269,000","53,049,000","1,419,000","21,986,000","13,599,000","7,992,000","24,332,000","72,890,000","3,014,000","0","2,762,000","32,818,000","113,000","1,139,000","18,469,000","2,464,000","0","16,400,000","33,166,000","0","0","2,413,000","0","4,262,000","1,348,000",,"-11,847,000","23,916,000","53,638,000",,"-12,981,000","-4,940,000","9,591,000",,"-1,989,000","16,637,000","-4,198,000",,,,,,,,,,,,,,,,,,,,,,,,,,,,,,,,,,,,,,,,,,,,,,,,,,,,,,,,,,,,,,,,,
		OtherSpecialCharges,,,"672,000","13,222,000",,,"-2,502,000","-17,557,000",,"-1,393,000","-10,000","4,424,000",,"103,000","368,000","2,228,000",,,"-3,818,000","-374,000","46,000",,"157,000","-2,538,000","3,194,000","162,000","-11,397,000","398,000","-3,776,000","-10,375,000","1,506,000","455,000","4,187,000","3,304,000","0","2,968,000","11,726,000","10,996,000","181,393,000","-169,284,000","1,109,000",,"-10,398,000","6,503,000","-2,823,000",,"-4,854,000","-2,923,000",,,"-1,317,000","-4,491,000","-8,805,000",,"-1,904,000","-4,111,000",,,,,,,,,,,,,,,,,,,,,,,,,,,,"2,874,000",,,,,,,,,,,,,,,,,,,,,,,,,,,,,,,,,,
		GainOnSaleOfBusiness,,,,,,,,,,,,,,,,,,,,,,,,,,,,,,,,,,,,,,,,,,,,,,,,,,,,"0","0",,,"0",,,,,,,,,,,,,,,,,,,,,,,,,,,,,,,,,,,,,,,,,,,,,,,,,,,,,,,,,,,,,,
		GainOnSaleOfPPE,,,,,,,,,,,,,,,,,,,,,,,,,,,,,,,,,,,,,,,,,,,,,,,,,,,,,,,,,,,,,,,,,,,,,,,,,,,,,,"885,000","0","38,000","280,000",,"0","0","0",,,"297,000","2,662,000",,,,,,,,,,,,,,,,,,,,,,,,,,,,,
	OtherNonOperatingIncomeExpenses,"919,000","32,000","411,000","472,000","4,000","477,000","429,000","40,000","84,000","190,000","335,000","532,000","914,000","481,000","1,825,000","766,000","354,000","546,000","5,381,000","1,005,000","1,371,000","2,621,000","3,543,000","3,080,000","3,553,000","2,867,000","3,216,000","2,515,000","3,084,000","2,468,000","2,259,000","5,438,000","3,302,000","2,951,000","3,028,000","2,152,000","1,470,000","1,962,000","1,225,000",,,,,,,,,,,,,,,,,,,,,,,,,,,,,,,,,,,,,,,,,,,,,,,,,,,,,,,,,,,,,,,,,,,,,,,,,,,,,,,
PretaxIncome,"344,661,000","24,000","263,019,000","7,403,000","74,215,000","41,937,000","105,649,000","44,035,000","19,650,000","18,810,000","86,092,000","145,352,000","24,240,000","28,098,000","24,560,000","221,290,000","-491,000","-14,433,000","31,975,000","5,688,000","10,999,000","40,732,000","22,719,000","-27,140,000","49,257,000","45,463,000","34,803,000","-5,391,000","49,854,000","32,759,000","1,825,000","23,901,000","19,952,000","4,206,000","-9,945,000","7,482,000","-1,123,000","-6,754,000","-4,880,000","166,269,000","-5,712,000","-566,000","16,353,000","-38,124,000","-59,306,000","3,119,000","8,386,000","1,251,000","-16,686,000","-36,638,000","-6,019,000","-20,797,000","4,830,000","-19,076,000","16,636,000","-7,746,000","30,561,000","-10,785,000","-43,800,000","-16,108,000","-255,000","-9,849,000","-11,642,000","954,000","7,217,000","2,213,000","-9,851,000","5,278,000","11,589,000","8,082,000","10,809,000","9,577,000","11,287,000","10,266,000",,,,,,,,,,,,,,,,,,,,,,,,,,,,,,,,,,,,,,,,,,,,
TaxProvision,"1,338,000","417,000","307,000","270,000","344,000","372,000","223,000","286,000","422,000","653,000","271,000","241,000","430,000","437,000","402,000","444,000","379,000","503,000","743,000","375,000","377,000","422,000","340,000","462,000","224,000","413,000","104,000","75,000","-52,000","441,000","145,000","80,000","297,000","608,000","254,000","2,447,000","160,000","407,000","138,000","296,000","329,000","186,000","191,000","277,000","231,000","-1,523,000","-141,000","451,000","611,000","641,000","713,000","663,000","332,000","675,000","372,000","662,000","721,000","1,344,000","728,000","410,000","1,804,000","-543,000","-215,000","-178,000","82,000","-73,000","-106,000","-111,000","29,000","-96,000","316,000","-243,000","-488,000","766,000",,,,,,,,,,,,,,,,,,,,,,,,,,,,,,,,,,,,,,,,,,,,
EarningsFromEquityInterestNetOfTax,"11,201,000","11,301,000","59,000","-75,000","-84,000","-90,000","-204,000","-131,000","-97,000","263,000","-398,000","2,710,000","-41,000","619,000","1,516,000","4,000","75,000","113,000","216,000","283,000","-3,257,000","1,910,000","1,196,000","340,000","312,000","5,742,000","814,000","266,000","306,000","366,000","380,000","173,000","-209,000","281,000","240,000","-737,000","204,000","135,000","62,000","3,799,000","10,277,000","7,393,000","9,688,000","9,047,000","7,600,000","3,999,000","5,675,000","5,459,000","5,368,000","5,239,000","7,637,000","-525,000","-83,164,000","-47,124,000",,"1,298,000",,,,,,,,,,,,,,,,,,,,,,,,,,,,,,,,,,,,,,,,,,,,,,,,,,,,,,,,,,,,,,
NetIncomeCommonStockholders,"345,436,000","8,989,000","260,378,000","5,028,000","71,000,000","39,401,000","102,700,000","40,285,000","17,254,000","16,536,000","83,568,000","141,560,000","21,721,000","26,405,000","23,828,000","216,190,000","-3,327,000","-15,957,000","29,235,000","3,916,000","5,519,000","40,397,000","20,799,000","-26,653,000","46,830,000","48,107,000","33,229,000","-7,629,000","47,654,000","31,829,000","35,700,000","38,720,000","12,742,000","-839,000","-8,923,000","2,978,000","-849,000","-7,295,000","-6,730,000","168,950,000","-3,392,000","-2,187,000","7,504,000","-37,048,000","-50,539,000","-23,638,000","5,273,000","58,000","-30,379,000","-33,047,000","-52,185,000","-28,347,000","-90,320,000","-71,575,000","-17,983,000","-10,343,000","14,777,000","777,000","24,199,000","7,429,000","21,905,000","-3,416,000","-10,358,000","-21,704,000","21,411,000","1,969,000","-5,859,000","4,861,000","11,840,000","5,417,000","4,874,000","9,573,000","13,027,000","10,388,000","10,851,000","8,372,000","2,271,000","8,763,000","7,109,000","7,646,000","7,879,000","7,268,000","5,654,000","2,047,000","4,418,000","3,906,000","4,364,000","4,469,000","7,346,000","4,471,000","5,747,000","6,400,000","4,900,000","4,400,000","4,137,000","4,100,000","3,400,000","4,100,000","2,993,000","3,900,000","3,900,000","1,500,000","565,824","1,600,000","1,600,000","1,700,000","1,100,000","1,400,000","-3,000,000","3,900,000","1,200,000","1,400,000","1,400,000","1,500,000","1,100,000","1,100,000","1,100,000","1,100,000"
	NetIncome,"352,228,000","10,622,000","262,290,000","6,638,000","72,678,000","41,042,000","104,378,000","41,904,000","18,866,000","18,154,000","85,231,000","143,319,000","23,333,000","28,027,000","25,408,000","218,016,000","-1,694,000","-14,315,000","30,850,000","5,541,000","7,152,000","42,040,000","22,409,000","-25,030,000","48,476,000","49,769,000","34,850,000","-5,984,000","49,332,000","33,505,000","37,363,000","40,405,000","14,450,000","886,000","-7,177,000","4,695,000","6,732,000","-2,620,000","-2,347,000","174,541,000","4,510,000","3,611,000","13,027,000","-30,914,000","-44,258,000","-17,439,000","11,574,000","6,334,000","-24,101,000","-26,767,000","-45,967,000","-22,129,000","-77,108,000","-64,948,000","-11,355,000","-3,717,000","15,725,000","7,812,000","31,234,000","14,463,000","28,939,000","2,215,000","-6,249,000","-17,595,000","25,520,000","6,078,000","-1,750,000","8,970,000","15,949,000","9,526,000","7,049,000","11,163,000","14,617,000","11,978,000","12,441,000","9,962,000","2,483,000","8,763,000","7,109,000","7,646,000","7,879,000","7,961,000","6,347,000","2,047,000","5,090,000","4,578,000","5,015,000","5,120,000","7,346,000","4,471,000","5,747,000","6,400,000","4,900,000","4,400,000","4,137,000","4,100,000","3,400,000","4,100,000","2,993,000","3,900,000","3,900,000","1,500,000","565,824","1,600,000","1,600,000","1,700,000","1,100,000","1,400,000","-3,000,000","3,900,000","1,200,000","1,400,000","1,400,000","1,500,000","1,100,000","1,100,000","1,100,000","1,100,000"
		NetIncomeIncludingNoncontrollingInterests,"354,524,000","10,908,000","262,771,000","7,058,000","73,787,000","41,475,000","105,222,000","43,618,000","19,131,000","18,420,000","85,423,000","147,821,000","23,769,000","28,280,000","25,674,000","220,850,000","-795,000","-14,823,000","31,448,000","5,596,000","7,365,000","42,220,000","23,575,000","-27,262,000","49,345,000","50,792,000","35,513,000","-5,200,000","50,207,000","34,371,000","38,185,000","42,177,000","15,287,000","1,814,000","-7,001,000","5,155,000","7,832,000","-2,123,000","-1,755,000","175,289,000","5,626,000","5,478,000","14,016,000","-30,844,000","-56,957,000","-15,993,000","14,277,000","7,340,000","-29,701,000","-29,326,000","-48,928,000","-22,131,000","-76,393,000","-63,820,000","-14,486,000","-3,717,000","4,758,000","16,305,000","28,582,000","14,463,000","48,209,000","2,215,000","-5,869,000","-17,427,000","26,693,000","6,571,000","-2,641,000","9,761,000","17,446,000","10,407,000","8,260,000","11,929,000","15,718,000","13,058,000","13,566,000","11,616,000","2,385,000","10,478,000","8,577,000","9,137,000","9,395,000","9,362,000","7,796,000","3,228,000","6,409,000","6,013,000","6,521,000","6,628,000","9,016,000","5,802,000","16,885,000","4,700,000","3,500,000","2,900,000","10,870,000","3,100,000","2,400,000","3,300,000","6,635,000","3,000,000","3,900,000","1,200,000","1,755,886","1,300,000","1,500,000","1,600,000","1,000,000","1,400,000","-3,100,000","3,800,000","1,200,000","1,400,000","1,400,000","1,500,000","1,000,000","1,100,000","1,100,000","1,100,000"
			NetIncomeContinuousOperations,"354,524,000","10,908,000","262,771,000","7,058,000","73,787,000","41,475,000","105,222,000","43,618,000","19,131,000","18,420,000","85,423,000","147,821,000","23,769,000","28,280,000","25,674,000","220,850,000","-795,000","-14,823,000","31,448,000","5,596,000","7,365,000","42,220,000","23,575,000","-27,262,000","49,345,000","50,792,000","35,513,000","-5,200,000","50,212,000","32,684,000","2,060,000","23,994,000","19,446,000","3,879,000","-9,959,000","4,298,000","-1,079,000","-7,026,000","-4,956,000","169,772,000","4,236,000","6,641,000","25,850,000","-29,354,000","-51,937,000","8,641,000","14,202,000","6,259,000","-11,929,000","-32,040,000","905,000","-21,985,000","-78,666,000","-66,875,000","-6,111,000","-7,110,000","13,613,000","8,095,000","-14,866,000","-10,498,000","17,059,000","638,000","-10,650,000","1,613,000","6,951,000","3,038,000","-7,721,000","6,926,000","11,455,000","8,530,000","11,725,000","10,430,000","11,415,000","10,224,000","11,122,000","9,924,000","1,702,000","8,763,000","7,454,000","7,646,000","7,879,000","7,961,000","6,347,000","4,921,000","5,090,000","4,848,000","5,015,000","5,120,000","7,346,000","4,471,000","5,747,000","6,400,000","4,900,000","4,400,000","4,137,000","4,100,000","3,400,000","4,100,000","2,282,000","5,900,000","2,100,000","1,500,000","565,824","1,600,000","1,600,000","1,700,000","5,900,000","1,400,000","-3,000,000","3,900,000","1,200,000","1,400,000","1,400,000","1,500,000","1,100,000","1,100,000","1,100,000","1,100,000"
			NetIncomeDiscontinuousOperations,,,,,,,,,,,,,,,,,,,,,,,"0","0","0","0","0","0","-5,000","1,687,000","36,125,000","18,183,000","-4,159,000","-2,065,000","2,958,000","857,000","8,911,000","4,903,000","3,201,000","5,517,000","1,390,000","-1,163,000","-11,834,000","-1,490,000","-5,020,000","-24,634,000","75,000","1,081,000","-17,772,000","2,714,000","-49,833,000","-146,000","2,273,000","3,055,000","-5,244,000","3,393,000","2,112,000","-283,000","46,100,000","24,961,000","11,880,000","1,577,000","4,401,000","-19,208,000","18,569,000","3,040,000","5,971,000","2,044,000","4,494,000","996,000","-4,676,000","733,000","3,202,000","1,754,000","1,319,000","38,000","781,000",,,,,,,,,,,,,,,,,,,,,,,,,,,,,,,,,,,,,,,,,
			NetIncomeExtraordinary,,,,,,,,,,,,,,,,,,,,,,,,,,,,,,,,,,,,,,,,,,,,,,,,,,,,,,,,,,,,,,,,,,,,,,,,,,,,,,,"-345,000","0","0","0","0","-2,874,000","0","-270,000",,,,,,,,,,,,,,,,,,,,,,,,,,,,,,,,
			NetIncomeFromTaxLossCarryforward,,,,,,,,,,,,,,,,,,,,,,,,,,,,,,,,,,,,,,,,,,,,,,,,,,,,,,,,,,,,,,,,,,,,,,,,,,,,,,,,,,,,,,"270,000",,,,,,,,,,,,,,"-2,000,000","1,800,000",,,,,,,,,,,,,,,,,
		MinorityInterests,"-2,296,000","-286,000","-481,000","-420,000","-1,109,000","-433,000","-844,000","-1,714,000","-265,000","-266,000","-192,000","-4,502,000","-436,000","-253,000","-266,000","-2,834,000","-899,000","508,000","-598,000","-55,000","-213,000","-180,000","-1,166,000","2,232,000","-869,000","-1,023,000","-663,000","-784,000","-875,000","-866,000","-822,000","-1,772,000","-837,000","-928,000","-176,000","-460,000","-1,100,000","-497,000","-592,000","-748,000","-1,116,000","-1,867,000","-989,000","-70,000","12,699,000","-1,446,000","-2,703,000","-1,006,000","5,600,000","2,559,000","2,961,000","2,000","-715,000","-1,128,000",,,"10,967,000","-8,493,000",,,"-19,270,000",,"-380,000","-168,000","-1,173,000","-493,000","891,000","-791,000","-1,497,000","-881,000","-1,211,000","-766,000","-1,101,000","-1,080,000","-1,125,000","-1,654,000","98,000","-1,715,000","-1,468,000","-1,491,000","-1,516,000","-1,401,000","-1,449,000","-1,181,000","-1,319,000","-1,435,000","-1,506,000","-1,508,000","-1,670,000","-1,331,000","-11,138,000","1,700,000","1,400,000","1,500,000","-6,733,000","1,000,000","1,000,000","800,000","-3,642,000","900,000",,"300,000","-1,190,062","300,000","100,000","100,000",,,"100,000","100,000","0",,,,,,,
	PreferredStockDividends,"6,290,000","1,572,000","1,572,000","1,573,000","1,573,000","1,572,000","1,572,000","1,573,000","1,573,000","1,572,000","1,572,000","1,573,000","1,573,000","1,572,000","1,572,000","1,573,000","1,573,000","1,572,000","1,572,000","1,573,000","1,573,000","1,572,000","1,572,000","1,573,000","1,573,000","1,572,000","1,572,000","1,573,000","1,573,000","1,572,000","1,572,000","1,573,000","1,573,000","1,572,000","1,572,000","1,573,000","2,190,000","4,498,000","2,381,000","4,499,000","5,417,000","5,648,000","5,382,000","6,062,000","6,205,000","6,120,000","6,218,000","6,218,000","6,218,000","6,218,000","13,212,000","6,218,000","13,212,000","6,627,000","12,306,000","6,626,000",,"7,035,000","7,035,000","7,034,000","7,034,000","5,631,000","4,109,000","4,109,000","-4,109,000","4,109,000","28,761,000","-4,109,000","-4,109,000","4,109,000","2,175,000","1,590,000","1,590,000","1,590,000","1,590,000","1,590,000","212,000",,"0",,,"693,000","693,000",,"672,000","672,000","651,000","651,000",,,,,,,,,,,,,,,,,,,,,,,,,,,,,,
	OtherunderPreferredStockDividend,"502,000","61,000","340,000","37,000","105,000","69,000","106,000","46,000","39,000","46,000","91,000","186,000","39,000","50,000","8,000","253,000","60,000","70,000","43,000","52,000","60,000","71,000","38,000","50,000","73,000","90,000","49,000","72,000","105,000","104,000","91,000","112,000","135,000","153,000","174,000","144,000","5,391,000","177,000","2,002,000","1,092,000","2,485,000","150,000","141,000","72,000","6,281,000","79,000","83,000","58,000","60,000","62,000",,,,,,,"948,000",,,,,,,,"8,218,000",,,"8,218,000","8,218,000",,,,,,,,,,,,,,,,,,,,,,,,,,,,,,,,,,,,,,,,,,,,,,,,,
AverageDilutionEarnings,"7,722,000","0",,,"0","240,000","2,218,000",,"77,000","107,000","-34,000","1,573,000","165,000","1,000","21,000",,,,,,,,,,,,,,,,,,,,,,,,,,,,,,,,,,,,,,,,,,,,,,,,,,,,,,,,,,,,,,,,,,,,,,,,,,,,,,,,,,,,,,,,,,,,,,,,,,,,,,,
DilutedNIAvailtoComStockholders,"353,158,000","8,989,000","268,340,000","5,028,000","71,000,000","39,641,000","102,700,000","40,285,000","17,331,000","16,643,000","83,568,000","143,133,000","21,886,000","26,406,000","26,356,000","216,190,000","-3,327,000","-15,957,000","29,235,000","3,916,000","5,519,000","40,397,000","20,799,000","-26,653,000","46,830,000","48,107,000","33,229,000","-7,629,000","47,654,000","31,829,000","35,700,000","38,720,000","12,742,000","-839,000","-8,923,000","2,978,000","-849,000","-7,295,000","-6,730,000","168,950,000","-3,392,000","-2,187,000","7,504,000","-37,048,000","-50,539,000","-23,638,000","5,273,000","58,000","-30,379,000","-33,047,000","-52,185,000","-28,347,000","-90,320,000","-71,575,000","-17,983,000","-10,343,000","14,777,000","777,000","24,199,000","7,429,000","21,905,000","-3,416,000","-10,358,000","-21,704,000","21,411,000","1,969,000","-5,859,000","4,861,000","11,840,000","5,417,000","4,874,000","9,573,000","13,027,000","10,388,000","10,851,000","8,372,000","2,271,000","8,763,000","7,109,000","7,646,000","7,879,000","7,268,000","5,654,000","2,047,000","4,418,000","3,906,000","4,364,000","4,469,000","7,346,000","4,471,000","5,747,000","6,400,000","4,900,000","4,400,000","4,137,000","4,100,000","3,400,000","4,100,000","2,993,000","3,900,000","3,900,000","1,500,000","565,824","1,600,000","1,600,000","1,700,000","1,100,000","1,400,000","-3,000,000","3,900,000","1,200,000","1,400,000","1,400,000","1,500,000","1,100,000","1,100,000","1,100,000","1,100,000"
BasicEPS,,"0.03","0.93","0.02","0.26","0.14","0.37","0.15","0.07","0.07","0.34","0.6","0.09","0.11","0.1","0.91","-0.01","-0.07",,"0.02","0.02","0.17","0.06","-0.11","0.2","0.21","0.14","-0.03","0.2","0.14","0.15","0.17","0.05","0","-0.04","0.01","0","-0.04","-0.04","1.09","-0.02","-0.01",,"-0.24","-0.33","-0.16",,"0","-0.23","-0.27",,"-0.25","-0.87","-0.72",,"-0.16","0.25","0.01",,"0.12","0.34","-0.05",,"-0.42","0.41","0.04",,"0.1","0.24","0.11",,"0.2","0.27","0.24",,"0.24","0.07","0.29",,"0.28","0.3","0.3",,"0.07","0.25","0.23",,"0.26","0.4","0.23",,"0.34","0.25","0.22",,"0.21","0.17","0.21",,"0.27","-0.01","-0.02",,"0.17","0.17","0.18",,"0.15","-0.33","0.43",,"0.15","0.15","0.17",,"0.12","0.12","0.12"
DilutedEPS,,"0.03","0.9","0.02","0.26","0.14","0.37","0.15","0.06","0.06","0.33","0.59","0.09","0.11","0.1","0.9","-0.01","-0.07",,"0.02","0.02","0.17","0.06","-0.11","0.2","0.21","0.14","-0.03","0.2","0.14","0.15","0.17","0.05","0","-0.04","0.01","0","-0.04","-0.04","0.96","-0.02","-0.01",,"-0.24","-0.33","-0.21",,"0","-0.23","-0.27",,"-0.25","-0.87","-0.72",,"-0.16","-0.04","0.01",,"0.12","0.34","-0.05",,"-0.42","0.41","0.04",,"0.08","0.22","0.11",,"0.19","0.27","0.24",,"0.24","0.06","0.29",,"0.28","0.29","0.29",,"0.07","0.25","0.23",,"0.26","0.36","0.23",,"0.32","0.25","0.22",,"0.2","0.17","0.2",,"0.17","-0.01","-0.02",,"0.15","0.17","0.18",,"0.15","-0.33","0.43",,"0.15","0.15","0.17",,"0.12","0.12","0.12"
BasicAverageShares,,"283,640,465","281,383,061","278,124,204","275,568,868","275,416,327","274,965,603","274,696,046","264,785,583","253,038,161","248,943,975","236,285,216","232,635,137","232,538,495","233,963,608","237,354,669","237,312,726","238,072,081",,"237,989,098","237,720,198","237,179,526","235,066,967","234,207,396","232,592,998","232,642,803","233,448,100","234,018,062","233,812,062","232,525,675","230,830,905","229,463,522","228,368,053","227,156,690","224,260,756","213,649,374","211,619,288","189,232,274","172,646,759","154,980,137","154,558,380","154,149,034",,"157,205,530","151,526,956","146,175,508",,"133,713,505","133,141,084","121,472,739",,"112,217,415","104,163,378","99,954,569",,"64,433,000","60,163,396","59,826,579",,"63,458,167","65,265,217","68,538,404",,"52,279,750","52,116,003","51,844,001",,"50,837,178","48,593,332","48,350,656",,"47,901,818","47,704,823","42,474,808",,"34,780,279","32,920,546","29,983,496",,"27,165,248","26,584,426","24,509,064",,"20,615,907","17,351,400","17,086,939",,"17,188,462","18,365,000","19,439,130",,"18,823,529","19,600,000","20,000,000",,"19,523,810","20,000,000","19,523,810",,"14,444,444","12,254,000","9,440,000",,"9,411,765","9,411,765","9,444,444",,"9,333,333","9,090,909","9,069,767",,"9,333,333","9,333,333","8,823,529",,"9,166,667","9,166,667","9,166,667"
DilutedAverageShares,,"289,067,778","292,782,489","282,048,458","277,466,056","279,053,697","284,076,532","276,022,762","269,088,631","257,347,277","252,939,590","241,355,289","236,299,878","236,142,143","238,292,912","246,058,298","237,312,726","238,072,081",,"241,702,715","241,531,313","241,088,049","235,204,568","234,207,396","239,046,004","238,885,171","239,411,055","234,018,062","239,903,370","232,957,265","231,239,828","229,922,110","228,851,184","227,691,281","224,260,756","214,406,065","211,619,288","189,232,274","172,646,759","180,855,164","154,558,380","154,149,034",,"157,205,530","151,526,956","146,175,508",,"133,713,505","133,141,084","121,472,739",,"112,217,415","104,163,378","99,954,569",,"64,433,000","100,554,903","59,837,094",,"63,458,167","65,265,828","68,538,404",,"52,279,750","52,136,573","51,844,001",,"57,764,659","53,982,652","48,429,945",,"53,349,746","47,805,758","48,046,513",,"34,973,430","38,333,046","35,393,714",,"32,677,901","32,386,335","30,088,259",,"21,011,999","23,109,844","22,961,096",,"17,188,462","20,405,556","19,439,130",,"20,000,000","19,600,000","20,000,000",,"20,500,000","20,000,000","20,500,000",,"14,444,444","12,254,000","9,440,000",,"10,666,667","9,411,765","9,444,444",,"9,333,333","9,090,909","9,069,767",,"9,333,333","9,333,333","8,823,529",,"9,166,667","9,166,667","9,166,667"
TotalExpenses,"268,247,000","69,859,000","70,678,000","65,128,000","62,582,000","61,530,000","58,501,000","59,130,000","57,636,000","58,610,000","54,162,000","55,613,000","53,933,000","56,689,000","55,875,000","55,876,000","63,767,000","67,010,000","66,269,000","63,152,000","63,435,000","64,464,000","61,945,000","59,270,000","60,312,000","62,980,000","62,208,000","59,930,000","65,313,000","64,678,000","56,533,000","63,164,000","62,964,000","66,518,000","64,495,000","66,769,000","67,618,000","68,329,000","67,916,000","61,476,000","62,869,000","59,546,000","57,929,000","64,523,000","63,768,000","62,053,000","63,111,000","63,469,000","64,169,000","70,335,000","61,027,000","72,928,000","73,226,000","76,214,000","74,733,000","80,047,000","112,528,000","67,368,000","57,096,000","74,758,000","69,975,000","65,777,000","30,153,000","27,657,000","32,661,000","28,136,000","23,468,000","28,529,000","27,662,000","14,226,000","13,041,000","14,197,000","11,862,000","13,267,000","-42,503,000","27,738,000","36,842,000","28,856,000","-40,902,000","24,363,000","23,457,000","24,555,000","-35,061,000","18,538,000","21,751,000","21,582,000","-37,883,000","21,157,000","20,900,000","21,242,000","40,943,000","-5,100,000","-4,500,000","-5,200,000","33,904,000","-4,500,000","-4,200,000","-3,500,000","25,418,000","-3,300,000","-3,100,000","-2,900,000","19,201,941","-2,500,000","-2,200,000","-1,800,000",,,"-6,700,000","-2,900,000","-4,300,000","-1,800,000","-1,800,000","-1,700,000",,,,
NetIncomeFromContinuingAndDiscontinuedOperation,"352,228,000","10,622,000","262,290,000","6,638,000","72,678,000","41,042,000","104,378,000","41,904,000","18,866,000","18,154,000","85,231,000","143,319,000","23,333,000","28,027,000","25,408,000","218,016,000","-1,694,000","-14,315,000","30,850,000","5,541,000","7,152,000","42,040,000","22,409,000","-25,030,000","48,476,000","49,769,000","34,850,000","-5,984,000","49,332,000","33,505,000","37,363,000","40,405,000","14,450,000","886,000","-7,177,000","4,695,000","6,732,000","-2,620,000","-2,347,000","174,541,000","4,510,000","3,611,000","13,027,000","-30,914,000","-44,258,000","-17,439,000","11,574,000","6,334,000","-24,101,000","-26,767,000","-45,967,000","-22,129,000","-77,108,000","-64,948,000","-11,355,000","-3,717,000","15,725,000","7,812,000","31,234,000","14,463,000","28,939,000","2,215,000","-6,249,000","-17,595,000","25,520,000","6,078,000","-1,750,000","8,970,000","15,949,000","9,526,000","7,049,000","11,163,000","14,617,000","11,978,000","12,441,000","9,962,000","2,483,000","8,763,000","7,454,000","7,646,000","7,879,000","7,961,000","6,347,000","4,921,000","5,090,000","4,578,000","5,015,000","5,120,000","7,346,000","4,471,000","5,747,000","6,400,000","4,900,000","4,400,000","4,137,000","4,100,000","3,400,000","4,100,000","2,282,000","5,900,000","2,100,000","1,500,000","565,824","1,600,000","1,600,000","1,700,000","5,900,000","1,400,000","-3,000,000","3,900,000","1,200,000","1,400,000","1,400,000","1,500,000","1,100,000","1,100,000","1,100,000","1,100,000"
NormalizedIncome,"27,319,235.954","10,469,000","4,249,540.931","5,817,073.889","6,261,287.125","19,317,431.361","11,577,294.627","9,853,523.334","9,495,652.519","7,344,745.029","14,192,321.342","8,179,439.457","9,434,010.726","8,076,191.188","17,524,190.147","20,811,469.99","13,517,010","7,785,750","20,350,773.479","15,784,964.662","10,440,290.754","16,110,452.961","23,780,168.097","7,538,000","29,444,940.577","33,069,097.882","26,240,803.523","12,905,800","34,283,600","22,560,326.933","18,838,876.712","25,131,229.698","22,733,673.466","19,806,680.456","11,422,900","5,835,310.879","5,442,900","1,192,850","3,245,850","4,295,780.031","4,717,050","4,142,200","2,875,817.465","-9,651,650","-5,919,000","1,338,500","-93,750","224,702.638","-94,850","-14,319,100","1,717,100","-14,088,100","-91,490,212.008","-62,347,350","-7,972,424.381","-9,782,150","-21,188,128.235","6,726,100","-11,434,000","-12,235,450","15,383,950","-1,780,860.798","-11,871,026.284","1,341,200","1,107,161.147","2,561,000","-3,465,290.935","6,723,800","6,629,106.48","8,119,600","11,055,172.079","9,341,000","11,025,600","8,554,605.883","11,122,000","9,924,000","1,702,000","7,701,000","7,454,000","7,600,400","7,543,000","7,448,600","4,460,600","6,645,400","5,090,000","4,578,000","6,790,400","4,763,600","5,748,800","4,471,000","5,747,000","4,960,000","4,900,000","4,400,000","4,137,000","4,100,000","3,400,000","4,100,000","2,271,800","3,800,000","2,100,000","1,500,000","565,824","1,600,000","1,600,000","1,700,000","5,900,000","1,400,000","-3,000,000","3,900,000","1,200,000","1,400,000","1,400,000","1,500,000","1,100,000","1,100,000","1,100,000","1,100,000"
InterestIncome,,,,,,,,,,,,,,,,,,,,,,,,,,,,,,,,,,,,,,,,,,,,,,,,,,,,,,,,,"18,694,000",,,,,,,,,,,,,,,,,,,,,,,,,,,,,,,,,,,,,,,,,,,,,,,,,,,,,,,,,,,,,
InterestExpense,"45,904,000","10,682,000","11,538,000","12,210,000","11,474,000","11,486,000","12,591,000","13,649,000","14,166,000","14,795,000","14,380,000","16,481,000","17,026,000","17,208,000","16,656,000","21,159,000","21,734,000","20,331,000","20,055,000","18,887,000","19,216,000","19,725,000","19,459,000","23,001,000","22,679,000","22,893,000","21,466,000","21,931,000","23,339,000","23,003,000","21,921,000","24,967,000","25,955,000","24,722,000","21,686,000","22,879,000","22,662,000","24,045,000","25,145,000","24,932,000","24,316,000","24,727,000","26,318,000","27,230,000","26,953,000","27,107,000","28,662,000","30,958,000","31,892,000","31,895,000","30,974,000","33,017,000","33,711,000","34,942,000","35,544,000","37,279,000","39,921,000",,,,,,,,,,,,,,,,,,,,,,,,,,,,,,,,,,,,,,,,,,,,,,,,,,,,,,,,,,,,,
NetInterestIncome,"-45,904,000","-10,682,000","-11,538,000","-12,210,000","-11,474,000","-11,486,000","-12,591,000","-13,649,000","-14,166,000","-14,795,000","-14,380,000","-16,481,000","-17,026,000","-17,208,000","-16,656,000","-21,159,000","-21,734,000","-20,331,000","-20,055,000","-18,887,000","-19,216,000","-19,725,000","-19,459,000","-23,001,000","-22,679,000","-22,893,000","-21,466,000","-21,931,000","-23,339,000","-23,003,000","-21,921,000","-24,967,000","-25,955,000","-24,722,000","-21,686,000","-22,879,000","-22,662,000","-24,045,000","-25,145,000","-24,932,000","-24,316,000","-24,727,000","-26,318,000","-27,230,000","-26,953,000","-27,107,000","-28,662,000","-30,958,000","-31,892,000","-31,895,000","-30,974,000","-33,017,000","-33,711,000","-34,942,000","-11,134,000","-37,279,000","-21,227,000",,,,,,,,,,,,,,,,,,,,,,,,,,,,,,,,,,,,,,,,,,,,,,,,,,,,,,,,,,,,,
EBIT,"390,565,000","10,706,000","274,557,000","19,613,000","85,689,000","53,423,000","118,240,000","57,684,000","33,816,000","33,605,000","100,472,000","161,833,000","41,266,000","45,306,000","41,216,000","242,449,000","21,243,000","5,898,000","52,030,000","24,575,000","30,215,000","60,457,000","42,178,000","-4,139,000","71,936,000","68,356,000","56,269,000","16,540,000","73,193,000","55,762,000","23,746,000","48,868,000","45,907,000","28,928,000","11,741,000","30,361,000","21,539,000","17,291,000","20,265,000","191,201,000","18,604,000","24,161,000","42,671,000","-10,894,000","-32,353,000","30,226,000","37,048,000","32,209,000","15,206,000","-4,743,000","24,955,000","12,220,000","38,541,000","15,866,000","52,180,000","29,533,000","70,482,000","40,220,000","-35,786,000","49,597,000","50,478,000","29,385,000","24,009,000","23,977,000","18,987,000","25,873,000","28,962,000","27,702,000","23,208,000","24,416,000","29,135,000","24,309,000","25,517,000","18,851,000","73,985,000","3,373,000","-7,702,000","225,000","67,142,000","717,000","1,029,000","258,000","57,020,000","1,684,000","-1,303,000","-1,349,000","58,158,000","-1,070,000","-867,000","-1,632,000","-20,943,000","24,300,000","23,500,000","24,400,000","-14,487,000","21,700,000","19,200,000","17,500,000","-17,149,000","18,200,000","13,800,000","12,700,000","-10,626,586","11,200,000","9,900,000","8,600,000","15,900,000","6,400,000","13,000,000","12,600,000","10,700,000","8,300,000","8,300,000","8,200,000","15,900,000","6,500,000","6,500,000","6,500,000"
EBITDA,"390,565,000"
ReconciledCostOfRevenue,"230,472,000","59,122,000","59,915,000","56,765,000","54,670,000","53,110,000","50,742,000","51,898,000","50,081,000","50,785,000","47,029,000","47,822,000","46,599,000","48,162,000","48,112,000","48,394,000","56,346,000","58,014,000","57,672,000","55,189,000","55,294,000","55,007,000","53,873,000","51,760,000","52,565,000","55,205,000","55,458,000","53,196,000","57,342,000","56,856,000","49,321,000","56,770,000","56,297,000","58,477,000","55,638,000","60,411,000","61,022,000","61,167,000","177,674,000","15,446,000","14,718,000","15,048,000","12,341,000","17,196,000","16,348,000","17,120,000","180,931,000","17,418,000","18,256,000","20,477,000","192,330,000","22,470,000","21,607,000","22,120,000","-60,804,000","21,733,000",,,,,,,,,,,,,,,,,,,,,,,,,,,,,,,,,,,,,,,,,,,,,,,,,,,,,,,,,,,,,,
ReconciledDepreciation,,,,,,,,,,,,,,,,,,,,,,,,,,,,,,,,,,,,,,,,,,"39,111,000","39,443,000","42,247,000",,,,"41,165,000","40,976,000","43,867,000",,"45,401,000","45,405,000","47,429,000","48,303,000","51,197,000","85,173,000","56,301,000","61,914,000","67,211,000","57,620,000","54,302,000","21,112,000","20,054,000","20,351,000","20,241,000","20,584,000","20,600,000","18,111,000","11,913,000","10,666,000","11,198,000","9,292,000","7,535,000","7,622,000","7,517,000","7,353,000","6,893,000","6,312,000","5,742,000","5,651,000","5,670,000","5,311,000","5,167,000","4,769,000","4,705,000","4,767,000","4,777,000","4,747,000","4,719,000",,,,,,,,"3,400,000","2,884,000","3,100,000","2,800,000","2,700,000","2,246,594","2,400,000","1,900,000","1,700,000",,,"1,500,000","1,500,000","1,600,000","1,600,000","1,500,000","1,600,000",,,,
NetIncomeFromContinuingOperationNetMinorityInterest,"352,228,000","10,622,000","262,290,000","6,638,000","72,678,000","41,042,000","104,378,000","41,904,000","18,866,000","18,154,000","85,231,000","143,319,000","23,333,000","28,027,000","25,408,000","218,016,000","-1,694,000","-14,315,000","30,850,000","5,541,000","7,152,000","42,040,000","22,409,000","-25,030,000","48,476,000","49,769,000","34,850,000","-5,984,000","49,337,000","31,818,000","1,238,000","22,222,000","18,609,000","2,951,000","-10,135,000","3,838,000","-2,179,000","-7,523,000","-5,548,000","169,024,000","3,120,000","4,774,000","24,861,000","-29,424,000","-39,238,000","7,195,000","11,499,000","5,253,000","-6,329,000","-29,481,000","3,866,000","-21,983,000","-79,381,000","-68,003,000","-6,111,000","-7,110,000","13,613,000","8,095,000","-14,866,000","-10,498,000","17,059,000","638,000","-10,650,000","1,613,000","6,951,000","3,038,000","-7,721,000","6,926,000","11,455,000","8,530,000","11,725,000","10,430,000","11,415,000","10,224,000","11,122,000","9,924,000","1,702,000","8,763,000","7,454,000","7,646,000","7,879,000","7,961,000","6,347,000","4,921,000","5,090,000","4,578,000","5,015,000","5,120,000","7,346,000","4,471,000","5,747,000","6,400,000","4,900,000","4,400,000","4,137,000","4,100,000","3,400,000","4,100,000","2,282,000","5,900,000","2,100,000","1,500,000","565,824","1,600,000","1,600,000","1,700,000","5,900,000","1,400,000","-3,000,000","3,900,000","1,200,000","1,400,000","1,400,000","1,500,000","1,100,000","1,100,000","1,100,000","1,100,000"
TotalUnusualItemsExcludingGoodwill,"326,175,000","255,000","258,342,000","852,000","66,726,000","21,919,000","92,997,000","32,260,000","9,576,000","11,198,000","71,263,000","135,364,000","14,150,000","20,266,000","8,015,000","197,601,000","-20,837,000","-30,275,000","10,749,000","-10,967,000","-3,405,000","26,201,000","-1,392,000","-54,280,000","19,118,000","16,853,000","8,635,000","-31,483,000","25,089,000","9,384,000","-19,120,000","-2,919,000","-4,187,000","-19,704,000","-33,166,000","-2,968,000","-11,726,000","-13,409,000","-13,529,000","165,022,000","-2,457,000","972,000","22,245,000","-30,419,000","-51,260,000","9,010,000","17,835,000","7,863,000","-9,591,000","-23,326,000","3,306,000","-12,146,000","13,003,000","-8,701,000","1,904,000","4,111,000","35,642,000","2,106,000","-5,280,000","2,673,000","2,577,000","2,560,000","1,244,000","453,000","5,911,000","795,000","-4,302,000","337,000","4,838,000","684,000","690,000","1,815,000","649,000","1,804,000",,,,"1,770,000","0","76,000","560,000","854,000","3,144,000","-2,874,000","0",,"-2,959,000","594,000","2,662,000",,,"2,400,000",,,"0",,,,"17,000","3,500,000",,,,,,,,,,,,,,,,,,
TotalUnusualItems,"326,175,000","255,000","258,342,000","852,000","66,726,000","21,919,000","92,997,000","32,260,000","9,576,000","11,198,000","71,263,000","135,364,000","14,150,000","20,266,000","8,015,000","197,601,000","-20,837,000","-30,275,000","10,749,000","-10,967,000","-3,405,000","26,201,000","-1,392,000","-54,280,000","19,118,000","16,853,000","8,635,000","-31,483,000","25,089,000","9,384,000","-19,120,000","-2,919,000","-4,187,000","-19,704,000","-33,166,000","-2,968,000","-11,726,000","-13,409,000","-13,529,000","165,022,000","-2,457,000","972,000","22,245,000","-30,419,000","-51,260,000","9,010,000","17,835,000","7,863,000","-9,591,000","-23,326,000","3,306,000","-12,146,000","13,003,000","-8,701,000","1,904,000","4,111,000","35,642,000","2,106,000","-5,280,000","2,673,000","2,577,000","2,560,000","1,244,000","453,000","5,911,000","795,000","-4,302,000","337,000","4,838,000","684,000","690,000","1,815,000","649,000","1,804,000",,,,"1,770,000","0","76,000","560,000","854,000","3,144,000","-2,874,000","0",,"-2,959,000","594,000","2,662,000",,,"2,400,000",,,"0",,,,"17,000","3,500,000",,,,,,,,,,,,,,,,,,
NormalizedEBITDA,"64,390,000","10,451,000","16,215,000","18,761,000","18,963,000","31,504,000","25,243,000","25,424,000","24,240,000","22,407,000","29,209,000","26,469,000","27,116,000","25,040,000","33,201,000","44,848,000","42,080,000","36,173,000","41,281,000","35,542,000","33,620,000","34,256,000","43,570,000","50,141,000","52,818,000","51,503,000","47,634,000","48,023,000","48,104,000","46,378,000","42,866,000","51,787,000","50,094,000","48,632,000","44,907,000","33,329,000","33,265,000","30,700,000","33,794,000","66,399,000","63,011,000","62,300,000","59,869,000","61,772,000","60,787,000","60,699,000","19,213,000","65,511,000","65,773,000","62,450,000","21,649,000","69,767,000","70,943,000","71,996,000","98,579,000","76,619,000","120,013,000","94,415,000","31,408,000","114,135,000","105,521,000","81,127,000","42,756,000","43,578,000","34,548,000","45,319,000","65,927,000","48,172,000","37,073,000","35,645,000","44,558,000","33,692,000","34,160,000","24,582,000","81,607,000","10,890,000","-349,000","5,348,000","73,454,000","6,383,000","6,120,000","5,074,000","59,187,000","9,725,000","3,466,000","3,356,000","65,884,000","3,113,000","1,218,000","3,087,000","-20,943,000","21,900,000","23,500,000","24,400,000","-14,487,000","21,700,000","19,200,000","20,900,000","-14,282,000","17,800,000","16,600,000","15,400,000","-8,379,992","13,600,000","11,800,000","10,300,000","15,900,000","6,400,000","14,500,000","14,100,000","12,300,000","9,900,000","9,800,000","9,800,000","15,900,000","6,500,000","6,500,000","6,500,000"
TaxRateForCalcs,"0.004","0.4","0.001","0.036","0.005","0.009","0.002","0.006","0.021","0.035","0.003","0.002","0.018","0.016","0.016","0.002","0.27","0.27","0.023","0.066","0.034","0.01","0.015","0.4","0.005","0.009","0.003","0.4","0.4","0.013","0.079","0.003","0.015","0.145","0.35","0.327","0.35","0.35","0.35","0.002","0.35","0.35","0.012","0.35","0.35","0.35","0.35","0.361","0.35","0.35","0.35","0.35","0.069","0.35","0.022","0.35","0.024","0.35","0.35","0.35","0.35","0.055","0.018","0.4","0.011","0.4","0.011","0.4","0.003","0.4","0.029","0.4","0.4","0.075","0.4","0.4","0.4","0.4","0.4","0.4","0.4","0.4","0.4","0.4","0.4","0.4","0.4","0.4","0.4","0.4","0.4","0.4","0.4","0.4","0.4","0.4","0.4","0.4","0.4","0.4","0.4","0.4","0.4","0.4","0.4","0.4","0.4","0.4","0.4","0.4","0.4","0.4","0.4","0.4","0.4","0.4","0.4","0.4"
TaxEffectOfUnusualItems,"1,266,235.954","102,000","301,540.931","31,073.889","309,287.125","194,431.361","196,294.627","209,523.334","205,652.519","388,745.029","224,321.342","224,439.457","251,010.726","315,191.188","131,190.147","396,469.99","-5,625,990","-8,174,250","249,773.479","-723,035.338","-116,709.246","271,452.961","-20,831.903","-21,712,000","86,940.577","153,097.882","25,803.523","-12,593,200","10,035,600","126,326.933","-1,519,123.288","-9,770.302","-62,326.534","-2,848,319.544","-11,608,100","-970,689.121","-4,104,100","-4,693,150","-4,735,150","293,780.031","-859,950","340,200","259,817.465","-10,646,650","-17,941,000","3,153,500","6,242,250","2,834,702.638","-3,356,850","-8,164,100","1,157,100","-4,251,100","893,787.992","-3,045,350","42,575.619","1,438,850","840,871.765","737,100","-1,848,000","935,550","901,950","141,139.202","22,973.716","181,200","67,161.147","318,000","-46,290.935","134,800","12,106.48","273,600","20,172.079","726,000","259,600","134,605.883","0","0","0","708,000","0","30,400","224,000","341,600","1,257,600","-1,149,600","0","0","-1,183,600","237,600","1,064,800","0","0","960,000","0","0","0","0","0","0","6,800","1,400,000","0","0","0","0","0","0","0","0","0","0","0","0","0","0","0","0","0","0"