name,ttm,04/30/2022,01/31/2022,10/31/2021,07/31/2021,04/30/2021,01/31/2021,10/31/2020,07/31/2020,04/30/2020,01/31/2020,10/31/2019,07/31/2019,04/30/2019,01/31/2019,10/31/2018,07/31/2018,04/30/2018,01/31/2018,10/31/2017,07/31/2017,04/30/2017,01/31/2017,10/31/2016,07/31/2016,04/30/2016,01/31/2016,10/31/2015,07/31/2015,04/30/2015,01/31/2015,10/31/2014,07/31/2014,04/30/2014,01/31/2014,10/31/2013,07/31/2013,04/30/2013,01/31/2013,10/31/2012,07/31/2012,04/30/2012,01/31/2012,10/31/2011,07/31/2011,04/30/2011,01/31/2011,10/31/2010,07/31/2010,04/30/2010,01/31/2010,10/31/2009,07/31/2009,04/30/2009,01/31/2009,10/31/2008,07/31/2008,04/30/2008,01/31/2008,10/31/2007,07/31/2007,04/30/2007,01/31/2007,10/31/2006,07/31/2006,04/30/2006,01/31/2006,10/31/2005,07/31/2005,04/30/2005,01/31/2005,10/31/2004,07/31/2004,04/30/2004,01/31/2004,10/31/2003,07/31/2003,04/30/2003,01/31/2003,10/31/2002,07/31/2002,04/30/2002,01/31/2002,10/31/2001,07/31/2001,04/30/2001,01/31/2001,10/31/2000,07/31/2000,04/30/2000,01/31/2000,10/31/1999,07/31/1999,04/30/1999,01/31/1999,10/31/1998,07/31/1998,04/30/1998,01/31/1998,10/31/1997,07/31/1997,04/30/1997,01/31/1997,10/31/1996,07/31/1996,04/30/1996,01/31/1996,10/31/1995,07/31/1995,04/30/1995,01/31/1995,10/31/1994,07/31/1994,04/30/1994,01/31/1994,10/31/1993,07/31/1993,04/30/1993,01/31/1993,10/31/1992,07/31/1992,04/30/1992,01/31/1992,10/31/1991,07/31/1991,04/30/1991,01/31/1991,10/31/1990,07/31/1990,04/30/1990,01/31/1990,10/31/1989,07/31/1989,04/30/1989,01/31/1989,10/31/1988,07/31/1988,04/30/1988,01/31/1988,10/31/1987,07/31/1987,04/30/1987,01/31/1987,10/31/1986,07/31/1986,04/30/1986,01/31/1986,10/31/1985
TotalRevenue,"2,356,811,000","684,566,000","571,573,000","575,889,000","524,783,000","519,470,000","470,196,000","459,120,000","285,458,000","367,281,000","475,856,000","447,212,000","413,633,000","453,791,000","467,582,000","439,333,000","384,695,000","420,025,000","413,638,000","393,205,000","357,079,000","412,706,000","389,992,000","376,579,000","340,783,000","417,070,000","384,014,000","382,891,000","341,423,000","374,938,000","357,876,000","365,601,000","326,980,000","339,626,000","350,375,000","366,403,000","318,913,000","359,535,000","349,148,000","322,341,000","301,501,000","327,388,000","316,515,000","307,679,000","280,094,000","338,904,000","291,943,000","292,982,000","263,313,000","310,740,000","305,094,000","300,707,000","262,671,000","284,498,000","288,576,000","331,948,000","321,652,000","368,030,000","373,081,000","365,434,000","344,396,000","406,949,000","403,874,000","440,538,000","418,865,000","508,362,000","502,323,000","454,605,000","451,487,000","530,180,000","518,160,000","533,670,000","466,371,000","544,219,000","492,167,000","511,018,000","451,472,000","540,329,000","510,539,000","563,587,000","798,375,000","590,802,000","544,980,000","559,189,000","458,981,000","655,315,000","531,392,000","571,208,000","498,282,000","631,120,000","376,900,000","387,700,000","321,700,000","365,800,000","318,100,000","334,800,000","268,900,000","321,900,000","280,500,000","293,200,000","212,300,000","287,400,000","244,600,000","271,600,000","202,200,000","266,900,000","226,400,000","258,300,000","195,800,000","234,500,000","210,800,000","230,600,000","174,400,000","241,100,000","192,600,000","209,000,000","162,100,000","198,400,000","169,800,000","175,900,000","140,000,000","175,400,000","148,900,000","165,300,000","130,000,000","165,900,000","151,900,000","166,800,000","123,400,000","169,300,000","146,100,000","159,300,000","117,700,000","159,200,000","134,800,000","144,600,000","114,600,000","155,600,000","116,300,000","121,500,000","93,500,000","121,700,000","107,300,000","109,600,000","81,400,000","104,800,000","82,500,000","90,700,000"
	OperatingRevenue,"2,356,811,000","684,566,000","571,573,000","575,889,000","524,783,000","519,470,000","470,196,000","459,120,000","285,458,000","367,281,000","475,856,000","447,212,000","413,633,000","453,791,000","467,582,000","439,333,000","384,695,000","420,025,000","413,638,000","393,205,000","357,079,000","412,706,000","389,992,000","376,579,000","340,783,000","417,070,000","384,014,000","382,891,000","341,423,000","374,938,000","357,876,000","365,601,000","326,980,000","339,626,000","350,375,000","366,403,000","318,913,000","359,535,000","349,148,000","322,341,000","301,501,000","327,388,000","316,515,000","307,679,000","280,094,000","338,904,000","291,943,000","292,982,000","263,313,000","310,740,000","305,094,000","300,707,000","262,671,000","284,498,000","288,576,000","331,948,000","321,652,000","368,030,000","373,081,000","365,434,000","344,396,000","406,949,000","403,874,000","440,538,000","418,865,000","508,362,000","502,323,000","454,605,000","451,487,000","530,180,000","518,160,000","533,670,000","466,371,000","544,219,000","492,167,000","511,018,000","451,472,000","540,329,000","510,539,000","563,587,000","497,375,000","590,802,000","544,980,000","559,189,000","458,981,000","655,315,000","531,392,000","571,208,000","498,282,000","631,120,000","376,900,000","387,700,000","321,700,000","365,800,000","318,100,000","334,800,000","268,900,000","321,900,000","280,500,000","293,200,000","212,300,000","287,400,000","244,600,000","271,600,000","202,200,000","266,900,000","226,400,000","258,300,000","195,800,000","234,500,000","210,800,000","230,600,000","174,400,000","241,100,000","192,600,000","209,000,000","162,100,000","198,400,000","169,800,000","175,900,000","140,000,000","175,400,000","148,900,000","165,300,000","130,000,000","165,900,000","151,900,000","166,800,000","123,400,000","169,300,000","146,100,000","159,300,000","117,700,000","159,200,000","134,800,000","144,600,000","114,600,000","155,600,000","116,300,000","121,500,000","93,500,000","121,700,000","107,300,000","109,600,000","81,400,000","104,800,000","82,500,000","90,700,000"
CostOfRevenue,"1,440,842,000","413,339,000","352,208,000","352,594,000","322,701,000","297,380,000","268,944,000","258,565,000","169,095,000","195,575,000","276,218,000","264,823,000","245,921,000","264,018,000","277,712,000","264,928,000","236,173,000","253,831,000","251,140,000","238,253,000","217,976,000","244,506,000","233,875,000","227,885,000","207,252,000","253,062,000","236,024,000","237,085,000","217,191,000","241,406,000","228,317,000","235,706,000","215,474,000","222,853,000","228,186,000","242,643,000","215,627,000","237,966,000","235,699,000","222,032,000","211,889,000","224,033,000","216,724,000","211,896,000","199,166,000","230,846,000","203,597,000","207,876,000","190,154,000","209,288,000","207,287,000","205,625,000","182,285,000","193,060,000","209,020,000","244,917,000","235,115,000","263,387,000","264,446,000","267,176,000","261,704,000","297,816,000","291,225,000","328,842,000","316,910,000","380,601,000","377,937,000","354,409,000","345,018,000","408,548,000","393,743,000","410,404,000","370,549,000","416,741,000","384,109,000","396,233,000","358,754,000","413,301,000","392,247,000","429,161,000","382,552,000","444,383,000","406,324,000","435,510,000","361,117,000","518,260,000","399,405,000","417,757,000","371,881,000","463,916,000","274,600,000","280,200,000","235,200,000","260,400,000","225,200,000","239,200,000","200,000,000","228,300,000","206,600,000","210,200,000","159,300,000","206,600,000","175,800,000","191,800,000","150,000,000","189,000,000","165,700,000","183,900,000","146,700,000","167,100,000","154,000,000","163,100,000","130,000,000","173,200,000","138,400,000","148,800,000","119,700,000","154,600,000","107,900,000","127,400,000","102,900,000","124,700,000","105,200,000","114,600,000","94,500,000","115,400,000","109,200,000","117,900,000","93,300,000","116,500,000","103,100,000","110,700,000","86,300,000",,,,,,,,,,,,,,,
GrossProfit,"915,969,000","271,227,000","219,365,000","223,295,000","202,082,000","222,090,000","201,252,000","200,555,000","116,363,000","171,706,000","199,638,000","182,389,000","167,712,000","189,773,000","189,870,000","174,405,000","148,522,000","166,194,000","162,498,000","154,952,000","139,103,000","168,200,000","156,117,000","148,694,000","133,531,000","164,008,000","147,990,000","145,806,000","124,232,000","133,532,000","129,559,000","129,895,000","111,506,000","116,773,000","122,189,000","123,760,000","103,286,000","121,569,000","113,449,000","100,309,000","89,612,000","103,355,000","99,791,000","95,783,000","80,928,000","108,058,000","88,346,000","85,106,000","73,159,000","101,452,000","97,807,000","95,082,000","80,386,000","91,438,000","79,556,000","87,031,000","86,537,000","104,643,000","108,635,000","98,258,000","82,692,000","109,133,000","112,649,000","111,696,000","101,955,000","127,761,000","124,386,000","100,196,000","106,469,000","121,632,000","124,417,000","123,266,000","95,822,000","127,478,000","108,058,000","114,785,000","92,718,000","127,028,000","118,292,000","134,426,000","415,823,000","146,419,000","138,656,000","123,679,000","97,864,000","137,055,000","131,987,000","153,451,000","126,401,000","167,204,000","102,300,000","107,500,000","86,500,000","105,400,000","92,900,000","95,600,000","68,900,000","93,600,000","73,900,000","83,000,000","53,000,000","80,800,000","68,800,000","79,800,000","52,200,000","77,900,000","60,700,000","74,400,000","49,100,000","67,400,000","56,800,000","67,500,000","44,400,000","67,900,000","54,200,000","60,200,000","42,400,000","43,800,000","61,900,000","48,500,000","37,100,000","50,700,000","43,700,000","50,700,000","35,500,000","50,500,000","42,700,000","48,900,000","30,100,000","52,800,000","43,000,000","48,600,000","31,400,000",,,,,,,,,,,,,,,
OperatingExpense,"709,213,000","192,442,000","179,878,000","169,182,000","167,711,000","172,032,000","166,838,000","152,616,000","112,038,000","131,418,000","147,325,000","152,788,000","144,290,000","152,602,000","149,027,000","145,905,000","125,362,000","120,487,000","129,403,000","120,683,000","122,805,000","125,437,000","123,235,000","115,526,000","111,763,000","129,256,000","113,206,000","112,412,000","104,266,000","103,368,000","103,393,000","99,683,000","95,015,000","93,391,000","96,740,000","98,342,000","88,464,000","95,409,000","90,171,000","89,746,000","81,986,000","86,465,000","82,771,000","83,535,000","77,371,000","91,281,000","78,057,000","79,657,000","74,045,000","85,480,000","83,527,000","84,697,000","77,456,000","96,834,000","94,092,000","102,350,000","247,502,000","104,809,000","104,672,000","103,907,000","94,508,000","91,940,000","100,704,000","105,315,000","99,125,000","131,345,000","104,707,000","91,780,000","98,568,000","96,724,000","99,659,000","105,650,000","99,665,000","162,739,000","82,018,000","87,727,000","81,419,000","83,838,000","78,731,000","87,190,000","81,936,000","103,971,000","112,987,000","102,073,000","90,887,000","67,199,000","104,768,000","108,615,000","101,821,000","116,204,000","69,000,000","69,200,000","64,800,000","69,500,000","64,500,000","65,400,000","56,700,000","65,400,000","55,300,000","55,600,000","50,300,000","56,300,000","53,000,000","54,200,000","44,300,000","54,600,000","46,700,000","50,600,000","42,600,000","47,200,000","43,200,000","47,000,000","36,500,000","46,100,000","40,300,000","42,600,000","35,500,000","24,000,000","51,000,000","37,400,000","32,100,000","36,800,000","34,500,000","36,200,000","29,500,000","35,600,000","31,400,000","33,300,000","28,600,000","33,700,000","32,000,000","33,500,000","26,100,000",,,,,,,,,,,,,,,
	SellingGeneralAndAdministration,"709,213,000","192,442,000","179,878,000","169,182,000","167,711,000","172,032,000","166,838,000","152,616,000","112,038,000","131,418,000","147,325,000","152,788,000","144,290,000","152,602,000","149,027,000","145,905,000","125,362,000","120,487,000","129,403,000","120,683,000","122,805,000","125,437,000","123,235,000","115,526,000","111,763,000","129,256,000","113,206,000","112,412,000","104,266,000","103,368,000","103,393,000","99,683,000","95,015,000","93,391,000","96,740,000","98,342,000","88,464,000","95,409,000","90,171,000","89,746,000","81,986,000","86,465,000","82,771,000","83,535,000","77,371,000","91,281,000","78,057,000","79,657,000","74,045,000","85,480,000","83,527,000","84,697,000","77,456,000","87,138,000","94,092,000","101,942,000","91,837,000","102,192,000","104,672,000","98,098,000","94,508,000","92,340,000","100,704,000","105,315,000","99,125,000","106,882,000","105,301,000","99,597,000","98,568,000","93,617,000","101,911,000","106,399,000","99,665,000","90,796,000","82,018,000","87,727,000","81,419,000","83,838,000","78,731,000","87,190,000","81,936,000","103,971,000","101,298,000","102,073,000","90,887,000","98,218,000","95,787,000","97,142,000","91,256,000","104,862,000","62,200,000","62,900,000","59,000,000","64,500,000","58,800,000","59,500,000","51,300,000","59,600,000","50,200,000","50,400,000","45,400,000","51,100,000","47,800,000","49,000,000","39,400,000","48,800,000","41,800,000","45,900,000","37,900,000","43,200,000","39,400,000","43,300,000","32,800,000","42,400,000","36,900,000","39,200,000","32,200,000","21,400,000","47,200,000","33,900,000","28,500,000","34,100,000","30,500,000","32,500,000","25,800,000","31,800,000","28,000,000","30,000,000","25,400,000","30,100,000","28,600,000","30,100,000","22,800,000",,,,,,,,,,,,,,,
	DepreciationAmortizationDepletionIncomeStatement,,,,,,,,,,,,,,,,,,,,,,,,,,,,,,,,,,,,,,,,,,,,,,,,,,,,,,,,,,,,,,,,,,,,,,,,,,,,,,,,,,,,,,"14,678,000","8,981,000","11,473,000","10,565,000","11,342,000","6,800,000","6,300,000","5,800,000","5,000,000","5,700,000","5,900,000","5,400,000","5,800,000","5,100,000","5,200,000","4,900,000","5,200,000","5,200,000","5,200,000","4,900,000","5,800,000","4,900,000","4,700,000","4,700,000","4,000,000","3,800,000","3,700,000","3,700,000","3,700,000","3,400,000","3,400,000","3,300,000","2,600,000","3,800,000","3,500,000","3,600,000","2,700,000","4,000,000","3,700,000","3,700,000","3,800,000","3,400,000","3,300,000","3,200,000","3,600,000","3,400,000","3,400,000","3,300,000",,,,,,,,,,,,,,,
		DepreciationAndAmortizationInIncomeStatement,,,,,,,,,,,,,,,,,,,,,,,,,,,,,,,,,,,,,,,,,,,,,,,,,,,,,,,,,,,,,,,,,,,,,,,,,,,,,,,,,,,,,,"14,678,000","8,981,000","11,473,000","10,565,000","11,342,000","6,800,000","6,300,000","5,800,000","5,000,000","5,700,000","5,900,000","5,400,000","5,800,000","5,100,000","5,200,000","4,900,000","5,200,000","5,200,000","5,200,000","4,900,000","5,800,000","4,900,000","4,700,000","4,700,000","4,000,000","3,800,000","3,700,000","3,700,000","3,700,000","3,400,000","3,400,000","3,300,000","2,600,000","3,800,000","3,500,000","3,600,000","2,700,000","4,000,000","3,700,000","3,700,000","3,800,000","3,400,000","3,300,000","3,200,000","3,600,000","3,400,000","3,400,000","3,300,000",,,,,,,,,,,,,,,
	OtherOperatingExpenses,,,,,,,,,,,,,,,,,,,,,,,,,,,,,,,,,,,,,,,,,,,,,,,,,,,,,,,"104,362,000","408,000","155,665,000","2,617,000",,"5,809,000",,,,,,"24,463,000","-594,000","-7,817,000",,"3,107,000","-2,252,000","-749,000",,,,,,,,,,"0","11,689,000",,,,,,,,,,,,,,,,,,,,,,,,,,,,,,,,,,,,,,,,,,,,,,,,,,,,,,,,,,,,,,,,,
OperatingIncome,"206,756,000","78,785,000","39,487,000","54,113,000","34,371,000","50,058,000","34,414,000","47,939,000","4,325,000","40,288,000","52,313,000","29,601,000","23,422,000","37,171,000","40,843,000","28,500,000","23,160,000","45,707,000","33,095,000","34,269,000","16,298,000","42,763,000","32,882,000","33,168,000","21,768,000","34,752,000","34,784,000","33,394,000","19,966,000","30,164,000","26,166,000","30,212,000","16,491,000","23,382,000","25,449,000","25,418,000","14,822,000","26,160,000","23,278,000","10,563,000","7,626,000","16,890,000","17,020,000","12,248,000","3,557,000","16,777,000","10,289,000","5,449,000","-886,000","15,972,000","14,280,000","10,385,000","2,930,000","-5,396,000","-14,536,000","-15,319,000","-160,965,000","-166,000","3,963,000","-5,649,000","-11,816,000","17,193,000","11,945,000","6,381,000","2,830,000","-3,584,000","19,679,000","8,416,000","7,901,000","24,908,000","24,758,000","17,616,000","-3,843,000","-35,261,000","26,040,000","27,058,000","11,299,000","43,190,000","39,561,000","47,236,000","333,887,000","42,448,000","25,669,000","21,606,000","6,977,000","69,856,000","27,219,000","44,836,000","24,580,000","51,000,000","33,300,000","38,300,000","21,700,000","35,900,000","28,400,000","30,200,000","12,200,000","28,200,000","18,600,000","27,400,000","2,700,000","24,500,000","15,800,000","25,600,000","7,900,000","23,300,000","14,000,000","23,800,000","6,500,000","20,200,000","13,600,000","20,500,000","7,900,000","21,800,000","13,900,000","17,600,000","6,900,000","19,800,000","10,900,000","11,100,000","5,000,000","13,900,000","9,200,000","14,500,000","6,000,000","14,900,000","11,300,000","15,600,000","1,500,000","19,100,000","11,000,000","15,100,000","5,300,000","-345,500,000","134,800,000","144,600,000","114,600,000","-287,900,000","116,300,000","121,500,000","93,500,000","-253,600,000","107,300,000","109,600,000","81,400,000","-196,300,000","82,500,000","90,700,000"
NetNonOperatingInterestIncomeExpense,"443,000","127,000","646,000","-136,000","-194,000","-88,000","-13,000","-223,000","35,000","292,000","579,000","214,000","409,000","170,000","2,000","-109,000","498,000","438,000","331,000","216,000","186,000","23,000","-321,000","117,000","89,000","133,000","84,000","31,000","93,000","248,000","101,000","88,000","70,000","85,000","41,000","43,000","44,000","-48,000","50,000","-75,000","-52,000","-173,000","-136,000","-223,000","-241,000","-375,000","-311,000","-369,000","-347,000","-476,000","-437,000","-632,000","-704,000","-430,000","-1,063,000",,,,,,,,,,,,,,,,,,,,,,,,,,,,,,,,,,,,,,,,,,,,,,,,,,,,,,,,,,,,,,,,,,,,,,,,,,,,,,,,,,,,,,,,,,,,,
	InterestIncomeNonOperating,"1,338,000","309,000","806,000","106,000","117,000","199,000","285,000","123,000","494,000","692,000","844,000","522,000","727,000","569,000","540,000","392,000","602,000","546,000","444,000","376,000","343,000","302,000","241,000","234,000","204,000","254,000","204,000","164,000","205,000","363,000","232,000","233,000","202,000","222,000","183,000","176,000","180,000","186,000","198,000","116,000","121,000","124,000","138,000","166,000","183,000","228,000","250,000","223,000","243,000","109,000","140,000","199,000","276,000","619,000","323,000",,,,,,,,,,,,,,,,,,,,,,,,,,,,,,,,,,,,,,,,,,,,,,,,,,,,,,,,,,,,,,,,,,,,,,,,,,,,,,,,,,,,,,,,,,,,,
	InterestExpenseNonOperating,"895,000","182,000","160,000","242,000","311,000","287,000","298,000","346,000","459,000","400,000","265,000","308,000","318,000","399,000","538,000","501,000","104,000","108,000","113,000","160,000","157,000","279,000","562,000","117,000","115,000","121,000","120,000","133,000","112,000","115,000","131,000","145,000","132,000","137,000","142,000","133,000","136,000","234,000","148,000","191,000","173,000","297,000","274,000","389,000","424,000","603,000","561,000","592,000","590,000","585,000","577,000","831,000","980,000","1,049,000","1,386,000",,,,,,,,,,,,,,,,,,,,,,,,,,,,,,,,,,,,,,,,,,,,,,,,,,,,,,,,,,,,,,,,,,,,,,,,,,,,,,,,,,,,,,,,,,,,,
OtherIncomeExpense,"-1,708,000","-1,186,000","-1,460,000","1,031,000","-93,000","1,471,000","6,532,000","-11,000","1,474,000","-26,555,000","-5,998,000","1,368,000","-760,000","-32,862,000","-941,000","-1,997,000","892,000","-1,379,000","-1,094,000","-926,000","1,749,000","-309,000","911,000","-279,000","-72,000","-683,000","9,000","512,000","1,968,000","647,000","1,567,000","132,000","-258,000","943,000","849,000","-279,000","536,000","713,000","2,404,000","212,000","-121,000","16,086,000","1,326,000","-108,000","611,000","-4,175,000","857,000","-528,000","186,000","-33,000","-794,000","-284,000","410,000","647,000","-53,063,000","-1,780,000","-7,725,000","-5,596,000","11,189,000","-4,884,000","328,000","-4,691,000","2,573,000","-616,000","618,000","-20,785,000","801,000","-7,522,000","15,000","2,939,000","-1,931,000","-1,102,000","370,000","-70,559,000","1,301,000","448,000","1,272,000","688,000","435,000","1,394,000","-486,000","-265,000","-11,113,000","363,000","263,000","-1,668,000","2,623,000","5,860,000","616,000","692,000","1,300,000","900,000","1,400,000","1,100,000","1,400,000","1,400,000","1,000,000","3,100,000","800,000","1,000,000","1,200,000","1,100,000","1,100,000","900,000","1,200,000","1,400,000","800,000","1,000,000","800,000","2,100,000",,"600,000","300,000","700,000","200,000","400,000","500,000","400,000","300,000","400,000","500,000","300,000","400,000","600,000","400,000","300,000","200,000","500,000","500,000","700,000","700,000","600,000","500,000",,,,,,,,,,,,,,,
	EarningsFromEquityInterest,,,,,,,,,,,,,,,,,,,,,,,,,,,,,,,,,,,,,,,,,,,,,,,,,,,,,,,"8,124,000",,,,,,,,,,,,,,,,,,,,,,,,,,,,,,,,,,,,,,,,,,,,,,,,,,,,,,,,,,,,,,,,,,,,,,,,,,,,,,,,,,,,,,,,,,,,,
	SpecialIncomeCharges,"0",,,,,"0",,,,"-26,862,000",,,,"-32,671,000",,,,,,,,,,,,,,,,"-610,000","762,000","-20,000",,"0",,,,,,,,"-1,913,000","1,326,000","-108,000","611,000","-4,175,000","857,000","-528,000","186,000","-33,000","-794,000","-284,000","410,000","8,771,000","-61,187,000","-1,780,000","-7,725,000","-5,596,000","11,189,000","-4,884,000","328,000","-4,691,000","2,573,000","-616,000","618,000","-20,785,000","801,000","-7,522,000","15,000","2,939,000","-1,931,000","-1,102,000","370,000","-70,559,000","1,301,000","448,000","1,272,000","688,000","435,000","1,394,000","-486,000","-265,000","-11,113,000","363,000","263,000","-1,668,000","2,623,000","5,860,000","616,000","692,000","1,300,000","900,000","1,400,000","1,100,000","1,400,000","1,400,000","1,000,000","3,100,000","800,000","1,000,000","1,200,000","1,100,000","1,100,000","900,000","1,200,000","1,400,000","800,000","1,000,000","800,000","2,100,000",,"600,000","300,000","700,000","200,000","400,000","500,000","400,000","300,000","400,000","500,000","300,000","400,000","600,000","400,000","300,000","200,000","500,000","500,000","700,000","700,000","600,000","500,000",,,,,,,,,,,,,,,
		RestructuringAndMergernAcquisition,,,,,,,,,,,,,,,,,,,,,,,,,,,,,,"610,000","-762,000","20,000",,"0",,,,,,,,,,,"84,000","78,000","297,000","110,000","165,000","271,000","201,000","520,000","301,000","-9,262,000","741,000","687,000","6,576,000","632,000","877,000","449,000","1,120,000","2,942,000","2,855,000","2,265,000",,"-1,768,000","594,000","7,817,000",,"-3,107,000","2,252,000","749,000",,,,,,,,,,,,,,,,,,,,,,,,,,,,,,,,,,,,,,,,,,,,,,,,,,,,,,,,,,,,,,,,,,,,,,,,,,,,
		ImpairmentOfCapitalAssets,"0",,,,,"0",,,,"26,862,000",,,,,,,,,,,,,,,,,,,,,,,,,,,,,,,,,,,,,,,,,,,,,,,,,,,,,,,,,,,,,,,,,,,,,,,,,,,,,,,,,,,,,,,,,,,,,,,,,,,,,,,,,,,,,,,,,,,,,,,,,,,,,,,,,,,,,,,,,,
		WriteOff,,,,,,,,,,,,,,,,,,,,,,,,,,,,,,,,,,,,,,,,,,,,,,"4,471,000",,,,"0","0","0","0","467,000","53,013,000",,,,,,,,,,,,,,,,,,,,,,,,,,,,,,,,,,,,,,,,,,,,,,,,,,,,,,,,,,,,,,,,,,,,,,,,,,,,,,,,,,,,,,,,,,,,,
		OtherSpecialCharges,,,,,,,,,,,,,,"32,671,000",,,,,,,,,,,,,,,,,,,,,,,,,,,,,,,"-695,000","-374,000","-1,154,000","418,000","-351,000","-238,000","593,000","-236,000","-711,000","24,000","7,433,000","1,093,000","1,149,000","4,964,000","-12,066,000","4,435,000","-1,448,000","1,749,000","-5,428,000","-1,649,000",,"22,553,000","-1,395,000","-295,000",,"168,000","-321,000","353,000",,,,,,,,,,,,,,,,,,,,,,,,,,,,,,,,,,,,,,,,,,,,,,,,,,,,,,,,,,,,,,,,,,,,,,,,,,,,
	OtherNonOperatingIncomeExpenses,"-1,708,000","-1,186,000","-1,460,000","1,031,000","-93,000","1,471,000","6,532,000","-11,000","1,474,000","-1,593,000","-5,998,000","1,368,000","-760,000","-191,000","-941,000","-1,997,000","892,000","825,000","-1,094,000","-926,000","1,749,000","-309,000","911,000","-279,000","-72,000","-176,000","9,000","512,000","1,968,000","1,257,000","805,000","152,000","-258,000","943,000","849,000","-279,000","536,000","713,000","2,404,000","212,000","-121,000",,,,,,,,,,,,,,,,,,,,,,,,,,,,,,,,,,,,,,,,,,,,,,,,,,,,,,,,,,,,,,,,,,,,,,,,,,,,,,,,,,,,,,,,,,,,,,,,,,,,,,,,,,,
PretaxIncome,"205,491,000","77,726,000","38,673,000","55,008,000","34,084,000","51,441,000","40,933,000","47,705,000","5,834,000","14,025,000","46,894,000","31,183,000","23,071,000","4,479,000","39,904,000","26,394,000","24,550,000","44,766,000","32,332,000","33,559,000","18,233,000","42,477,000","33,472,000","33,006,000","21,785,000","34,202,000","34,877,000","33,937,000","22,027,000","31,059,000","27,834,000","30,432,000","16,303,000","24,410,000","26,339,000","25,182,000","15,402,000","26,825,000","25,732,000","10,700,000","7,453,000","32,803,000","18,210,000","11,917,000","3,927,000","12,227,000","10,835,000","4,552,000","-1,047,000","15,463,000","17,485,000","9,469,000","2,636,000","2,945,000","-68,662,000","-17,712,000","-13,588,000","-7,065,000","13,004,000","-6,844,000","-13,585,000","12,727,000","11,768,000","3,151,000","922,000","-2,650,000","16,921,000","-10,013,000","5,175,000","28,012,000","17,891,000","13,158,000","-5,682,000","-36,194,000","24,644,000","24,480,000","9,358,000","40,496,000","37,048,000","46,477,000","30,976,000","40,371,000","23,611,000","20,312,000","4,642,000","18,696,000","25,523,000","46,528,000","21,297,000","47,913,000","32,800,000","37,900,000","21,600,000","36,100,000","28,700,000","30,400,000","11,900,000","30,500,000","18,400,000","27,400,000","3,000,000","24,500,000","15,800,000","25,400,000","8,100,000","23,500,000","13,600,000","23,300,000","5,800,000","21,400,000","12,700,000","20,400,000","7,600,000","20,800,000","13,500,000","17,300,000","6,600,000","19,500,000","10,500,000","10,700,000","4,700,000","13,000,000","8,200,000","13,600,000","5,100,000","13,900,000","9,900,000","14,400,000","300,000","17,900,000","9,900,000","13,900,000","3,900,000",,,,,,,,,,,,,,,
TaxProvision,"53,163,000","20,104,000","9,591,000","14,650,000","8,818,000","13,484,000","11,344,000","12,401,000","1,155,000","10,649,000","12,178,000","8,279,000","5,083,000","2,812,000","10,730,000","6,045,000","5,599,000","10,406,000","20,047,000","10,353,000","6,489,000","14,248,000","9,830,000","11,901,000","7,777,000","11,255,000","12,643,000","12,278,000","7,904,000","10,979,000","9,477,000","10,743,000","5,755,000","8,921,000","8,751,000","8,165,000","5,467,000","8,333,000","8,569,000","3,868,000","2,758,000","12,769,000","2,864,000","4,245,000","-41,929,000","5,467,000","2,451,000","1,381,000","-468,000","1,923,000","6,547,000","3,762,000","439,000","-2,378,000","-4,280,000","36,032,000","-5,044,000","-2,595,000","3,876,000","-3,192,000","-5,043,000","3,742,000","4,823,000","1,197,000","-120,000","7,620,000","6,453,000","-3,566,000","1,967,000","10,644,000","6,799,000","5,000,000","-2,159,000","-2,463,000","9,365,000","9,303,000","3,555,000","15,387,000","13,887,000","17,777,000","11,848,000","15,505,000","1,948,000","7,921,000","1,811,000","8,396,000","9,406,000","17,612,000","8,294,000","18,199,000","11,500,000","14,700,000","8,300,000","13,400,000","11,000,000","12,000,000","4,700,000","10,600,000","6,900,000","10,600,000","1,300,000","8,900,000","6,000,000","10,100,000","3,500,000","9,400,000","5,800,000","9,000,000","2,600,000","8,700,000","5,500,000","8,300,000","3,300,000","8,500,000","5,500,000","6,900,000","2,600,000","7,900,000","4,100,000","4,200,000","1,900,000","4,400,000","3,200,000","5,100,000","2,200,000","5,400,000","3,800,000","5,400,000","400,000","6,800,000","3,800,000","5,100,000","1,600,000",,,,,,,,,,,,,,,
NetIncomeCommonStockholders,"150,010,000","57,467,000","28,467,000","39,516,000","24,561,000","37,483,000","29,223,000","34,924,000","4,794,000","2,299,000","34,467,000","22,562,000","18,030,000","1,534,000","28,639,000","19,949,000","18,227,000","34,037,000","12,047,000","22,779,000","11,594,000","27,862,000","23,171,000","20,730,000","13,737,000","22,609,000","21,799,000","20,845,000","13,598,000","20,103,000","17,851,000","19,426,000","13,000,000","12,171,000","16,383,000","16,633,000","9,473,000","18,070,000","16,846,000","6,531,000","4,324,000","17,952,000","14,958,000","7,870,000","45,536,000","10,308,000","10,010,000","3,945,000","-195,000","13,672,000","10,976,000","5,907,000","1,983,000","5,323,000","-64,382,000","-53,744,000","-8,544,000","-4,420,000","9,512,000","-9,934,000","-8,694,000","7,711,000","-7,821,000","1,954,000","2,295,000","-10,270,000","10,468,000","-6,447,000","3,208,000","20,756,000","11,092,000","8,860,000","-3,523,000","-42,055,000","15,279,000","15,177,000","5,803,000","25,109,000","23,161,000","28,700,000","-40,654,000","24,866,000","21,663,000","12,391,000","2,831,000","10,300,000","16,117,000","28,916,000","13,003,000","29,714,000","21,300,000","23,200,000","13,300,000","22,700,000","17,700,000","18,400,000","7,200,000","19,900,000","11,500,000","16,800,000","1,700,000","15,600,000","9,800,000","15,300,000","4,600,000","14,100,000","7,800,000","14,300,000","3,200,000","12,700,000","7,200,000","12,100,000","4,300,000","12,300,000","8,000,000","10,400,000","7,400,000","11,600,000","6,400,000","6,500,000","2,800,000","8,600,000","5,000,000","8,500,000","2,900,000","8,500,000","6,100,000","9,000,000","-100,000","11,100,000","6,100,000","8,800,000","2,300,000",,,,,,,,,,,,,,,
	NetIncome,"150,017,000","57,468,000","28,467,000","39,516,000","24,566,000","37,496,000","29,232,000","34,935,000","4,798,000","2,295,000","34,512,000","22,593,000","18,069,000","1,528,000","28,731,000","20,012,000","18,303,000","34,210,000","12,109,000","22,896,000","11,651,000","27,997,000","23,286,000","20,833,000","13,806,000","22,718,000","21,906,000","20,952,000","13,676,000","20,215,000","17,948,000","19,529,000","13,081,000","12,239,000","16,483,000","16,744,000","9,590,000","18,308,000","17,064,000","6,619,000","4,398,000","19,602,000","14,958,000","7,870,000","45,536,000","10,308,000","10,010,000","3,945,000","-195,000","13,672,000","10,976,000","5,907,000","1,983,000","5,323,000","-64,382,000","-53,744,000","-8,544,000","-4,420,000","9,512,000","-9,934,000","-8,694,000","7,711,000","-7,821,000","1,954,000","2,295,000","-10,270,000","10,468,000","-6,447,000","3,208,000","20,756,000","11,092,000","8,860,000","-3,523,000","-42,055,000","15,279,000","15,177,000","5,803,000","25,109,000","23,161,000","28,700,000","-40,654,000","24,866,000","21,663,000","12,391,000","2,831,000","10,300,000","16,117,000","28,916,000","13,003,000","29,714,000","21,300,000","23,200,000","13,300,000","22,700,000","17,700,000","18,400,000","7,200,000","19,900,000","11,500,000","16,800,000","1,700,000","15,600,000","9,800,000","15,300,000","4,600,000","14,100,000","7,800,000","14,300,000","3,200,000","12,700,000","7,200,000","12,100,000","4,300,000","12,300,000","8,000,000","10,400,000","7,400,000","11,600,000","6,400,000","6,500,000","2,800,000","8,600,000","5,000,000","8,500,000","2,900,000","8,500,000","6,100,000","9,000,000","-100,000","11,100,000","6,100,000","8,800,000","2,300,000",,,,,,,,,,,,,,,
		NetIncomeIncludingNoncontrollingInterests,"152,328,000","57,622,000","29,082,000","40,358,000","25,266,000","37,957,000","29,589,000","35,304,000","4,679,000","3,376,000","34,716,000","22,904,000","17,988,000","1,667,000","29,174,000","20,349,000","18,951,000","34,360,000","12,285,000","23,206,000","11,744,000","28,229,000","23,642,000","21,105,000","14,008,000","22,947,000","22,234,000","21,659,000","14,123,000","20,480,000","18,472,000","19,974,000","13,045,000","12,557,000","16,871,000","17,017,000","9,935,000","18,492,000","17,163,000","6,832,000","4,695,000","20,034,000","15,346,000","7,672,000","45,856,000","6,760,000","8,384,000","3,171,000","-579,000","13,540,000","10,938,000","5,707,000","2,197,000","5,323,000","-64,382,000","-53,744,000","-8,544,000","-4,420,000","9,512,000","-9,934,000","-8,694,000","7,711,000","-7,821,000","1,954,000","2,295,000","-10,270,000","10,468,000","-6,447,000","3,208,000","20,756,000","11,092,000","8,860,000","-3,523,000","-42,055,000","15,279,000","15,177,000","5,803,000","25,109,000","23,161,000","28,700,000","-40,654,000","24,866,000","21,663,000","12,391,000","2,831,000","10,300,000","16,117,000","28,916,000","13,003,000","29,714,000","21,300,000","23,200,000","13,300,000","22,700,000","17,700,000","18,400,000","7,200,000","19,900,000","11,500,000","16,800,000","1,700,000","15,600,000","9,800,000","15,300,000","4,600,000","14,100,000","7,800,000","14,300,000","3,200,000","12,700,000","7,200,000","12,100,000","4,300,000","12,300,000","8,000,000","10,400,000","7,400,000","11,600,000","6,400,000","6,500,000","2,800,000","8,600,000","5,000,000","8,500,000","2,900,000","8,500,000","6,100,000","9,000,000","-100,000","11,100,000","6,100,000","8,800,000","2,300,000","10,500,000","5,400,000","8,200,000","3,400,000","9,500,000","6,300,000","7,400,000","3,300,000","8,100,000","6,400,000","6,900,000","3,400,000","7,100,000","5,600,000","7,600,000"
			NetIncomeContinuousOperations,"152,328,000","57,622,000","29,082,000","40,358,000","25,266,000","37,957,000","29,589,000","35,304,000","4,679,000","3,376,000","34,716,000","22,904,000","17,988,000","1,667,000","29,174,000","20,349,000","18,951,000","34,360,000","12,285,000","23,206,000","11,744,000","28,229,000","23,642,000","21,105,000","14,008,000","22,947,000","22,234,000","21,659,000","14,123,000","20,080,000","18,357,000","19,689,000","10,548,000","15,489,000","17,588,000","17,017,000","9,935,000","18,492,000","17,163,000","6,832,000","4,695,000","20,034,000","15,346,000","7,672,000","45,856,000","6,760,000","8,384,000","3,171,000","-579,000","13,540,000","10,938,000","5,707,000","2,197,000","5,323,000","-64,382,000","-53,744,000","-8,544,000","-4,470,000","9,128,000","-3,652,000","-8,542,000","8,985,000","6,945,000","1,954,000","1,042,000","-10,270,000","10,468,000","-6,447,000","3,208,000","17,368,000","11,092,000","8,158,000","-3,523,000","-33,731,000","15,279,000","15,177,000","5,803,000","25,109,000","23,161,000","28,700,000","19,128,000","24,866,000","21,663,000","12,391,000","2,831,000","10,300,000","16,117,000","28,916,000","13,003,000","29,714,000","21,300,000","23,200,000","13,300,000","22,700,000","17,700,000","18,400,000","7,200,000","19,900,000","11,500,000","16,800,000","1,700,000","15,600,000","9,800,000","15,300,000","4,600,000","14,100,000","7,800,000","14,300,000","3,200,000","12,700,000","7,200,000","12,100,000","4,300,000","12,300,000","8,000,000","10,400,000","4,000,000","11,600,000","6,400,000","6,500,000","2,800,000","8,600,000","5,000,000","8,500,000","2,900,000","8,500,000","6,100,000","9,000,000","-100,000","11,100,000","6,100,000","8,800,000","2,300,000","10,500,000","5,400,000","8,200,000","3,400,000","9,500,000","6,300,000","7,400,000","3,300,000","8,100,000","6,400,000","6,900,000","3,400,000","7,100,000","5,600,000","7,600,000"
			NetIncomeDiscontinuousOperations,,,,,,,,,,,,,,,,,,,,,,,,,,"0","0","0","0","400,000","115,000","285,000","2,497,000","-2,932,000","-717,000",,,,,,,,,,,,,,,,,,,"0","0",,,"50,000","384,000","-6,282,000","-152,000","-1,274,000","-14,766,000",,"1,253,000",,,,,,,,,,,,,,,,,,,,,,,,,,,,,,,,,,,,,,,,,,,,,,,,,,,,,,,,,,,,,,,,,,,,,,,,,,,,,,,,,,,
			NetIncomeExtraordinary,,,,,,,,,,,,,,,,,,,,,,,,,,,,,,,,,,,,,,,,,,,,,,,,,,,,,,,,,,,,,,,,,,,,,,,,,,,,,,"0",,,"-59,782,000",,,,,,,,,,,,,,,,,,,,,,,,,,,,,,,,,"0",,,"3,400,000",,,,,,,,,,,,,,,,,,,,,,,,,,,,,,,
			NetIncomeFromTaxLossCarryforward,,,,,,,,,,,,,,,,,,,,,,,,,,,,,,,,,,,,,,,,,,,,,,,,,,,,,,,,,,,,,,,,,,,,,,"1,392,000",,"702,000",,,,,,,,,,,,,,,,,,,,,,,,,,,,,,,,,,,,,,,,,,,,,,,,,,,,,,,,,,,,,,,,,,,,,,,,,,,,
		MinorityInterests,"-2,311,000","-154,000","-615,000","-842,000","-700,000","-461,000","-357,000","-369,000","119,000","-1,081,000","-204,000","-311,000","81,000","-139,000","-443,000","-337,000","-648,000","-150,000","-176,000","-310,000","-93,000","-232,000","-356,000","-272,000","-202,000","-229,000","-328,000","-707,000","-447,000","-265,000","-524,000","-445,000","36,000","-318,000","-388,000","-273,000","-345,000","-184,000","-99,000","-213,000","-297,000","-432,000","-388,000","198,000","-320,000","3,548,000","1,626,000","774,000","384,000","132,000","38,000","200,000","-214,000",,,,,,,,,,,,,,,,,,,,,,,,,,,,,,,,,,,,,,,,,,,,,,,,,,,,,,,,,,,,,,,,,,,,,,,,,,,,,,,,,,,,,,,,,,,,,,,
	OtherunderPreferredStockDividend,"7,000","1,000",,"0","5,000","13,000","9,000","11,000","4,000","-4,000","45,000","31,000","39,000","-6,000","92,000","63,000","76,000","173,000","62,000","117,000","57,000","135,000","115,000","103,000","69,000","109,000","107,000","107,000","78,000","112,000","97,000","103,000","81,000","68,000","100,000","111,000","117,000","238,000","218,000","88,000","74,000",,,,,,,,,,,,,,,,,,,,,,,,,,,,,,,,,,,,,,,,,,,,,,,,,,,,,,,,,,,,,,,,,,,,,,,,,,,,,,,,,,,,,,,,,,,,,,,,,,,,,,,,,,,
DilutedNIAvailtoComStockholders,"150,010,000","57,467,000","28,467,000","39,516,000","24,561,000","37,483,000","29,223,000","34,924,000","4,794,000","2,299,000","34,467,000","22,562,000","18,030,000","1,534,000","28,639,000","19,949,000","18,227,000","34,037,000","12,047,000","22,779,000","11,594,000","27,862,000","23,171,000","20,730,000","13,737,000","22,609,000","21,799,000","20,845,000","13,598,000","20,103,000","17,851,000","19,426,000","13,000,000","12,171,000","16,383,000","16,633,000","9,473,000","18,070,000","16,846,000","6,531,000","4,324,000","17,952,000","14,958,000","7,870,000","45,536,000","10,308,000","10,010,000","3,945,000","-195,000","13,672,000","10,976,000","5,907,000","1,983,000","5,323,000","-64,382,000","-53,744,000","-8,544,000","-4,420,000","9,512,000","-9,934,000","-8,694,000","7,711,000","-7,821,000","1,954,000","2,295,000","-10,270,000","10,468,000","-6,447,000","3,208,000","20,756,000","11,092,000","8,860,000","-3,523,000","-42,055,000","15,279,000","15,177,000","5,803,000","25,109,000","23,161,000","28,700,000","-40,654,000","24,866,000","21,663,000","12,391,000","2,831,000","10,300,000","16,117,000","28,916,000","13,003,000","29,714,000","21,300,000","23,200,000","13,300,000","22,700,000","17,700,000","18,400,000","7,200,000","19,900,000","11,500,000","16,800,000","1,700,000","15,600,000","9,800,000","15,300,000","4,600,000","14,100,000","7,800,000","14,300,000","3,200,000","12,700,000","7,200,000","12,100,000","4,300,000","12,300,000","8,000,000","10,400,000","7,400,000","11,600,000","6,400,000","6,500,000","2,800,000","8,600,000","5,000,000","8,500,000","2,900,000","8,500,000","6,100,000","9,000,000","-100,000","11,100,000","6,100,000","8,800,000","2,300,000",,,,,,,,,,,,,,,
BasicEPS,,,"0.65","0.89","0.54","0.82","0.63","0.76","0.1","0.05","0.75","0.48","0.39","0.03","0.61","0.43","0.39","0.731","0.26","0.47","0.24","0.578","0.47","0.42","0.28",,"0.44","0.41","0.27","0.398","0.35","0.37","0.25","0.235","0.31","0.32","0.18",,"0.32","0.13","0.08",,"0.28","0.15","0.86","0.2","0.19","0.07","0",,"0.21","0.11","0.04",,"-1.25","-1.04","-0.17",,"0.19","-0.19","-0.17",,"-0.15","0.04","0.04",,"0.2","-0.12","0.06",,"0.21","0.17","-0.07",,"0.29","0.28","0.11",,"0.41","0.5","-0.69",,"0.35","0.2","0.05",,"0.27","0.48","0.21",,"0.41","0.44","0.25",,"0.34","0.35","0.13",,"0.21","0.31","0.03",,"0.18","0.28","0.08",,"0.14","0.26","0.06",,"0.13","0.22","0.08",,"0.15","0.19","0.13",,"0.12","0.12","0.05",,"0.09","0.16","0.05",,"0.11","0.17","-0.002",,"0.11","0.16","0.04",,"0.1","0.15","0.06",,"0.11","0.13","0.06",,"0.12","0.12","0.06",,"0.1","0.14"
DilutedEPS,,,"0.65","0.89","0.54","0.81","0.62","0.75","0.1","0.05","0.74","0.48","0.38","0.03","0.61","0.42","0.39","0.72","0.25","0.47","0.24","0.57","0.47","0.42","0.28",,"0.43","0.41","0.27","0.39","0.34","0.37","0.25","0.23","0.31","0.31","0.18",,"0.32","0.12","0.08",,"0.28","0.15","0.85","0.19","0.19","0.07","0",,"0.21","0.11","0.04",,"-1.25","-1.04","-0.17",,"0.18","-0.19","-0.17",,"-0.15","0.04","0.04",,"0.2","-0.12","0.06",,"0.21","0.17","-0.07",,"0.29","0.28","0.11",,"0.41","0.5","-0.69",,"0.35","0.2","0.05",,"0.27","0.48","0.21",,"0.41","0.44","0.25",,"0.33","0.35","0.13",,"0.21","0.31","0.03",,"0.18","0.28","0.08",,"0.14","0.26","0.06",,"0.13","0.22","0.08",,"0.15","0.19","0.13",,"0.12","0.12","0.05",,"0.09","0.16","0.05",,"0.11","0.17","-0.002",,"0.11","0.16","0.04",,"0.1","0.15","0.06",,"0.11","0.13","0.06",,"0.12","0.12","0.06",,"0.1","0.14"
BasicAverageShares,,,"43,701,000","44,251,000","45,072,000","45,739,000","46,261,000","46,023,000","45,909,000","45,962,000","46,262,000","46,551,000","46,820,000","46,889,000","46,820,000","46,888,000","46,716,000","46,788,000","47,234,000","47,964,000","48,357,000","48,472,000","48,914,000","49,153,000","49,105,000",,"50,038,000","50,493,000","50,583,000","50,747,000","51,576,000","52,279,000","52,191,000","51,981,000","52,516,000","52,537,000","52,343,000",,"52,431,000","52,356,000","52,193,000",,"51,811,000","52,055,000","51,942,000","51,890,000","51,865,000","51,855,000","51,785,000",,"51,546,000","51,527,000","51,479,000",,"51,475,000","51,458,000","51,428,000",,"51,417,000","51,410,000","51,380,000",,"51,367,000","51,373,000","51,787,000",,"51,673,000","51,655,000","52,129,000",,"52,122,000","52,040,000","51,967,000",,"52,825,000","54,159,000","54,729,000",,"56,444,000","57,388,000","59,125,000",,"60,827,000","60,914,000","56,620,000",,"60,399,000","60,684,000","61,919,048",,"51,951,220","52,727,273","53,200,000",,"52,058,824","52,571,429","55,384,615",,"54,761,905","54,193,548","56,666,667",,"54,444,444","54,642,857","57,500,000",,"55,714,286","55,000,000","53,333,333",,"55,384,615","55,000,000","53,750,000",,"53,333,333","54,736,842","56,923,077",,"53,333,333","54,166,667","56,000,000",,"55,555,556","53,125,000","58,000,000",,"55,454,545","52,941,176","53,826,000",,"55,454,545","55,000,000","57,500,000",,"53,640,000","53,841,000","54,126,000",,"55,492,000","55,327,000","55,327,000",,"55,291,000","55,183,000","55,171,000",,"54,979,000","54,943,000"
DilutedAverageShares,,,"43,968,000","44,423,000","45,404,000","46,316,000","46,818,000","46,323,000","45,965,000","46,157,000","46,584,000","46,879,000","47,125,000","47,369,000","47,091,000","47,259,000","47,161,000","47,472,000","47,757,000","48,297,000","48,846,000","49,181,000","49,384,000","49,511,000","49,594,000",,"50,539,000","51,039,000","51,043,000","51,616,000","52,139,000","52,723,000","52,627,000","53,519,000","53,226,000","53,261,000","53,051,000",,"53,401,000","53,268,000","53,040,000",,"52,379,000","52,475,000","52,443,000","52,359,000","52,270,000","52,214,000","51,785,000",,"51,845,000","51,755,000","51,479,000",,"51,475,000","51,458,000","51,428,000",,"51,590,000","51,410,000","51,380,000",,"51,609,000","51,639,000","51,971,000",,"51,857,000","51,655,000","52,195,000",,"52,193,000","52,101,000","51,967,000",,"52,931,000","54,339,000","54,916,000",,"56,765,000","57,760,000","59,667,000",,"61,062,000","61,052,000","61,021,000",,"60,399,000","60,684,000","61,919,048",,"51,951,220","52,727,273","53,200,000",,"53,636,364","52,571,429","55,384,615",,"54,761,905","54,193,548","56,666,667",,"54,444,444","54,642,857","57,500,000",,"55,714,286","55,000,000","53,333,333",,"55,384,615","55,000,000","53,750,000",,"53,333,333","54,736,842","56,923,077",,"53,333,333","54,166,667","56,000,000",,"55,555,556","53,125,000","58,000,000",,"55,454,545","52,941,176","53,826,000",,"55,454,545","55,000,000","57,500,000",,"53,640,000","53,841,000","54,126,000",,"55,492,000","55,327,000","55,327,000",,"55,291,000","55,183,000","55,171,000",,"54,979,000","54,943,000"
TotalOperatingIncomeAsReported,"206,756,000","78,785,000","39,487,000","54,113,000","34,371,000","50,058,000","34,414,000","47,939,000","4,325,000","13,426,000","52,313,000","29,601,000","23,422,000","37,171,000","40,843,000","28,500,000","23,160,000","45,707,000","33,095,000","34,269,000","16,298,000","42,763,000","32,882,000","33,168,000","21,768,000","34,245,000","34,784,000","33,394,000","19,966,000","29,554,000","26,928,000","30,192,000","16,491,000","23,382,000","25,449,000","25,418,000","14,822,000","26,160,000","23,278,000","10,563,000","7,626,000","16,890,000","17,020,000","12,248,000","3,473,000","12,228,000","9,992,000","5,339,000","-1,051,000","15,701,000","14,079,000","9,865,000","2,629,000","3,399,000","-68,290,000","-16,006,000","-13,168,000","-798,000","3,086,000","-6,098,000","-12,936,000","13,851,000","9,090,000","4,116,000","2,830,000","-48,000","18,491,000","-7,218,000","7,901,000","31,122,000","20,254,000","16,118,000","-3,843,000","-35,261,000","26,040,000","27,058,000","11,299,000","43,190,000","39,561,000","47,236,000","32,887,000","42,448,000","25,669,000","21,606,000","6,977,000","24,159,000","27,219,000","44,836,000","24,580,000","51,000,000","33,300,000","38,300,000","21,700,000","35,900,000","28,400,000","30,200,000","12,200,000","28,200,000","18,600,000","27,400,000","2,700,000","24,500,000","15,800,000","25,600,000","7,900,000","23,300,000","14,000,000","23,800,000","6,500,000","20,200,000","13,600,000","20,500,000","7,900,000","21,800,000","13,900,000","17,600,000","6,900,000","19,800,000","10,900,000","11,100,000","5,000,000","13,900,000","9,200,000","14,500,000","6,000,000","14,900,000","11,300,000","15,600,000","1,500,000","19,100,000","11,000,000","15,100,000","5,300,000",,,,,,,,,,,,,,,
TotalExpenses,"2,150,055,000","605,781,000","532,086,000","521,776,000","490,412,000","469,412,000","435,782,000","411,181,000","281,133,000","326,993,000","423,543,000","417,611,000","390,211,000","416,620,000","426,739,000","410,833,000","361,535,000","374,318,000","380,543,000","358,936,000","340,781,000","369,943,000","357,110,000","343,411,000","319,015,000","382,318,000","349,230,000","349,497,000","321,457,000","344,774,000","331,710,000","335,389,000","310,489,000","316,244,000","324,926,000","340,985,000","304,091,000","333,375,000","325,870,000","311,778,000","293,875,000","310,498,000","299,495,000","295,431,000","276,537,000","322,127,000","281,654,000","287,533,000","264,199,000","294,768,000","290,814,000","290,322,000","259,741,000","289,894,000","303,112,000","347,267,000","482,617,000","368,196,000","369,118,000","371,083,000","356,212,000","389,756,000","391,929,000","434,157,000","416,035,000","511,946,000","482,644,000","446,189,000","443,586,000","505,272,000","493,402,000","516,054,000","470,214,000","579,480,000","466,127,000","483,960,000","440,173,000","497,139,000","470,978,000","516,351,000","464,488,000","548,354,000","519,311,000","537,583,000","452,004,000","585,459,000","504,173,000","526,372,000","473,702,000","580,120,000","343,600,000","349,400,000","300,000,000","329,900,000","289,700,000","304,600,000","256,700,000","293,700,000","261,900,000","265,800,000","209,600,000","262,900,000","228,800,000","246,000,000","194,300,000","243,600,000","212,400,000","234,500,000","189,300,000","214,300,000","197,200,000","210,100,000","166,500,000","219,300,000","178,700,000","191,400,000","155,200,000","178,600,000","158,900,000","164,800,000","135,000,000","161,500,000","139,700,000","150,800,000","124,000,000","151,000,000","140,600,000","151,200,000","121,900,000","150,200,000","135,100,000","144,200,000","112,400,000",,,,,,,,,,,,,,,
NetIncomeFromContinuingAndDiscontinuedOperation,"150,017,000","57,468,000","28,467,000","39,516,000","24,566,000","37,496,000","29,232,000","34,935,000","4,798,000","2,295,000","34,512,000","22,593,000","18,069,000","1,528,000","28,731,000","20,012,000","18,303,000","34,210,000","12,109,000","22,896,000","11,651,000","27,997,000","23,286,000","20,833,000","13,806,000","22,718,000","21,906,000","20,952,000","13,676,000","20,215,000","17,948,000","19,529,000","13,081,000","12,239,000","16,483,000","16,744,000","9,590,000","18,308,000","17,064,000","6,619,000","4,398,000","19,602,000","14,958,000","7,870,000","45,536,000","10,308,000","10,010,000","3,945,000","-195,000","13,672,000","10,976,000","5,907,000","1,983,000","5,323,000","-64,382,000","-53,744,000","-8,544,000","-4,420,000","9,512,000","-9,934,000","-8,694,000","7,711,000","-7,821,000","1,954,000","2,295,000","-10,270,000","10,468,000","-6,447,000","3,208,000","19,364,000","11,092,000","8,158,000","-3,523,000","-33,731,000","15,279,000","15,177,000","5,803,000","25,109,000","23,161,000","28,700,000","19,128,000","24,866,000","21,663,000","12,391,000","2,831,000","10,300,000","16,117,000","28,916,000","13,003,000","29,714,000","21,300,000","23,200,000","13,300,000","22,700,000","17,700,000","18,400,000","7,200,000","19,900,000","11,500,000","16,800,000","1,700,000","15,600,000","9,800,000","15,300,000","4,600,000","14,100,000","7,800,000","14,300,000","3,200,000","12,700,000","7,200,000","12,100,000","4,300,000","12,300,000","8,000,000","10,400,000","4,000,000","11,600,000","6,400,000","6,500,000","2,800,000","8,600,000","5,000,000","8,500,000","2,900,000","8,500,000","6,100,000","9,000,000","-100,000","11,100,000","6,100,000","8,800,000","2,300,000",,,,,,,,,,,,,,,
NormalizedIncome,"150,017,000","57,468,000","28,467,000","39,516,000","24,566,000","37,496,000","29,232,000","34,935,000","4,798,000","2,295,000","34,512,000","22,593,000","18,069,000","1,528,000","28,731,000","20,012,000","18,303,000","34,210,000","12,109,000","22,896,000","11,651,000","27,997,000","23,286,000","20,833,000","13,806,000","22,718,000","21,906,000","20,952,000","13,676,000","20,209,372.002","17,330,080","19,256,940","10,584,000","15,171,000","17,200,000","16,744,000","9,590,000","18,308,000","17,064,000","6,619,000","4,398,000","20,770,339.542","13,840,548.27","7,939,528.908","45,138,850","13,021,750","9,346,863.129","4,312,813.708","-315,900","13,700,896.075","11,472,698.427","6,078,167.811","1,641,281.487","-378,150","-7,009,050.858","-52,587,000","-3,686,596.409","-929,430.998","1,274,017.225","-477,400","-8,748,240.412","12,296,749.43","5,272,550","2,335,994.288","671,200","2,201,000","9,972,469.712","-1,603,862.679","3,198,701.449","15,545,761.245","12,289,174.669","8,841,243.35","-3,752,410.419","32,026,463.364","14,472,394.782","14,899,250.98","5,014,218.636","24,682,414.856","22,889,054.551","27,839,191.428","19,428,110.021","25,029,223.353","31,859,133.963","12,169,557.848","2,670,605.127","11,300,800","14,460,655.095","25,274,155.089","12,626,897.826","29,284,845.324","20,455,792.683","22,649,076.517","12,437,962.963","22,008,310.249","16,836,585.366","17,552,631.579","6,594,957.983","17,877,377.049","11,000,000","16,186,861.314","980,000","14,899,591.837","9,117,721.519","14,757,874.016","3,880,000","13,260,000","7,320,000","13,686,266.094","2,720,000","11,440,000","7,200,000","11,740,000","4,120,000","11,880,000","7,880,000","10,159,537.572","3,696,969.697","11,360,000","6,217,142.857","6,257,009.346","2,500,000","8,401,538.462","4,756,097.561","8,125,000","2,660,000","8,316,546.763","5,976,767.677","8,687,500","-400,000","10,665,921.788","5,668,686.869","8,420,143.885","2,000,000",,,,,,,,,,,,,,,
InterestIncome,"1,338,000","309,000","806,000","106,000","117,000","199,000","285,000","123,000","494,000","692,000","844,000","522,000","727,000","569,000","540,000","392,000","602,000","546,000","444,000","376,000","343,000","302,000","241,000","234,000","204,000","254,000","204,000","164,000","205,000","363,000","232,000","233,000","202,000","222,000","183,000","176,000","180,000","186,000","198,000","116,000","121,000","124,000","138,000","166,000","183,000","228,000","250,000","223,000","243,000","109,000","140,000","199,000","276,000","619,000","323,000",,,,,,,,,,,,,,,,,,,,,,,,,,,,,,,,,,,,,,,,,,,,,,,,,,,,,,,,,,,,,,,,,,,,,,,,,,,,,,,,,,,,,,,,,,,,,
InterestExpense,"895,000","182,000","160,000","242,000","311,000","287,000","298,000","346,000","459,000","400,000","265,000","308,000","318,000","399,000","538,000","501,000","104,000","108,000","113,000","160,000","157,000","279,000","562,000","117,000","115,000","121,000","120,000","133,000","112,000","115,000","131,000","145,000","132,000","137,000","142,000","133,000","136,000","234,000","148,000","191,000","173,000","297,000","274,000","389,000","424,000","603,000","561,000","592,000","590,000","585,000","577,000","831,000","980,000","1,049,000","1,386,000",,,,,,,,,,,,,,,,,,,,,,,,,,,,,,,,,,,,,,,,,,,,,,,,,,,,,,,,,,,,,,,,,,,,,,,,,,,,,,,,,,,,,,,,,,,,,
NetInterestIncome,"443,000","127,000","646,000","-136,000","-194,000","-88,000","-13,000","-223,000","35,000","292,000","579,000","214,000","409,000","170,000","2,000","-109,000","498,000","438,000","331,000","216,000","186,000","23,000","-321,000","117,000","89,000","133,000","84,000","31,000","93,000","248,000","101,000","88,000","70,000","85,000","41,000","43,000","44,000","-48,000","50,000","-75,000","-52,000","-173,000","-136,000","-223,000","-241,000","-375,000","-311,000","-369,000","-347,000","-476,000","-437,000","-632,000","-704,000","-430,000","-1,063,000",,,,,,,,,,,,,,,,,,,,,,,,,,,,,,,,,,,,,,,,,,,,,,,,,,,,,,,,,,,,,,,,,,,,,,,,,,,,,,,,,,,,,,,,,,,,,
EBIT,"206,386,000","77,908,000","38,833,000","55,250,000","34,395,000","51,728,000","41,231,000","48,051,000","6,293,000","14,425,000","47,159,000","31,491,000","23,389,000","4,878,000","40,442,000","26,895,000","24,654,000","44,874,000","32,445,000","33,719,000","18,390,000","42,756,000","34,034,000","33,123,000","21,900,000","34,323,000","34,997,000","34,070,000","22,139,000","31,174,000","27,965,000","30,577,000","16,435,000","24,547,000","26,481,000","25,315,000","15,538,000","27,059,000","25,880,000","10,891,000","7,626,000","33,100,000","18,484,000","12,306,000","4,351,000","12,830,000","11,396,000","5,144,000","-457,000","16,048,000","18,062,000","10,300,000","3,616,000","3,994,000","-67,276,000","-15,319,000","-160,965,000","-166,000","3,963,000","-5,649,000","-11,816,000","17,193,000","11,945,000","6,381,000","2,830,000","-3,584,000","19,679,000","8,416,000","7,901,000","24,908,000","24,758,000","17,616,000","-3,843,000","-35,261,000","26,040,000","27,058,000","11,299,000","43,190,000","39,561,000","47,236,000","333,887,000","42,448,000","25,669,000","21,606,000","6,977,000","69,856,000","27,219,000","44,836,000","24,580,000","51,000,000","33,300,000","38,300,000","21,700,000","35,900,000","28,400,000","30,200,000","12,200,000","28,200,000","18,600,000","27,400,000","2,700,000","24,500,000","15,800,000","25,600,000","7,900,000","23,300,000","14,000,000","23,800,000","6,500,000","20,200,000","13,600,000","20,500,000","7,900,000","21,800,000","13,900,000","17,600,000","6,900,000","19,800,000","10,900,000","11,100,000","5,000,000","13,900,000","9,200,000","14,500,000","6,000,000","14,900,000","11,300,000","15,600,000","1,500,000","19,100,000","11,000,000","15,100,000","5,300,000","-345,500,000","134,800,000","144,600,000","114,600,000","-287,900,000","116,300,000","121,500,000","93,500,000","-253,600,000","107,300,000","109,600,000","81,400,000","-196,300,000","82,500,000","90,700,000"
EBITDA,"319,099,000"
ReconciledCostOfRevenue,"1,440,842,000","413,339,000","352,208,000","352,594,000","322,701,000","297,380,000","268,944,000","258,565,000","169,095,000","195,575,000","276,218,000","264,823,000","245,921,000","264,018,000","277,712,000","264,928,000","236,173,000","253,831,000","251,140,000","238,253,000","217,976,000","244,506,000","233,875,000","227,885,000","207,252,000","253,062,000","236,024,000","237,085,000","217,191,000","241,406,000","228,317,000","235,706,000","215,474,000","222,853,000","228,186,000","242,643,000","215,627,000","237,966,000","235,699,000","222,032,000","211,889,000","224,033,000","216,724,000","211,896,000","199,166,000","230,846,000","203,597,000","207,876,000","190,154,000","209,288,000","207,287,000","205,625,000","182,285,000","193,060,000","209,020,000","244,917,000","235,115,000","263,387,000","264,446,000","267,176,000","261,704,000","297,816,000","291,225,000","328,842,000","316,910,000","380,601,000","377,937,000","354,409,000","345,018,000","408,548,000","393,743,000","410,404,000","370,549,000","416,741,000","384,109,000","396,233,000","358,754,000","413,301,000","392,247,000","429,161,000","382,552,000","444,383,000","406,324,000","435,510,000","361,117,000","518,260,000","399,405,000","417,757,000","371,881,000","463,916,000","274,500,000","280,200,000","235,200,000","260,400,000","225,200,000","239,100,000","200,000,000","228,300,000","206,600,000","210,200,000","159,300,000","206,600,000","175,800,000","191,900,000","150,000,000","189,000,000","165,700,000","183,900,000","146,700,000","167,100,000","153,900,000","163,200,000","130,000,000","173,200,000","138,200,000","148,800,000","119,700,000","154,600,000","107,300,000","127,400,000","102,900,000","124,700,000","104,400,000","114,700,000","94,500,000","115,400,000","109,000,000","117,800,000","93,300,000","116,500,000","103,200,000","110,600,000","86,300,000",,,,,,,,,,,,,,,
ReconciledDepreciation,"112,713,000","31,618,000","28,942,000","26,355,000","25,798,000","25,108,000","21,996,000","26,900,000","24,588,000","75,830,000","8,099,000","7,638,000","7,298,000","7,965,000","7,641,000","8,000,000","7,541,000","8,096,000","7,802,000","8,111,000","7,758,000","7,820,000","7,312,000","7,199,000","6,800,000","7,209,000","6,629,000","6,408,000","6,271,000","5,986,000","5,301,000","5,617,000","5,379,000","5,653,000","5,868,000","5,814,000","5,847,000","6,029,000","5,872,000","5,753,000","5,486,000","5,432,000","5,682,000","6,465,000","5,907,000","6,557,000","6,281,000","5,658,000","5,806,000","6,060,000","6,942,000","6,135,000","6,109,000","5,709,000","53,504,000","5,989,000","5,954,000","6,190,000","6,193,000","6,093,000","6,220,000","7,082,000","6,233,000","6,517,000","7,372,000","7,559,000","7,499,000","7,178,000","6,998,000","7,175,000","7,154,000","7,092,000","6,908,000","7,282,000","7,193,000","7,326,000","7,311,000","7,855,000","7,714,000","8,060,000","7,066,000","11,245,000","11,122,000","10,700,000","10,921,000","14,678,000","8,981,000","11,473,000","10,565,000","11,342,000","6,900,000","6,300,000","5,800,000","5,000,000","5,700,000","6,000,000","5,400,000","5,800,000","5,100,000","5,200,000","4,900,000","5,200,000","5,200,000","5,100,000","4,900,000","5,800,000","4,900,000","4,700,000","4,700,000","4,000,000","3,900,000","3,600,000","3,700,000","3,700,000","3,600,000","3,400,000","3,300,000","2,600,000","4,400,000","3,500,000","3,600,000","2,700,000","4,800,000","3,600,000","3,700,000","3,800,000","3,600,000","3,400,000","3,200,000","3,600,000","3,300,000","3,500,000","3,300,000",,,,,,,,,,,,,,,
NetIncomeFromContinuingOperationNetMinorityInterest,"150,017,000","57,468,000","28,467,000","39,516,000","24,566,000","37,496,000","29,232,000","34,935,000","4,798,000","2,295,000","34,512,000","22,593,000","18,069,000","1,528,000","28,731,000","20,012,000","18,303,000","34,210,000","12,109,000","22,896,000","11,651,000","27,997,000","23,286,000","20,833,000","13,806,000","22,718,000","21,906,000","20,952,000","13,676,000","19,815,000","17,833,000","19,244,000","10,584,000","15,171,000","17,200,000","16,744,000","9,590,000","18,308,000","17,064,000","6,619,000","4,398,000","19,602,000","14,958,000","7,870,000","45,536,000","10,308,000","10,010,000","3,945,000","-195,000","13,672,000","10,976,000","5,907,000","1,983,000","5,323,000","-64,382,000","-53,744,000","-8,544,000","-4,470,000","9,128,000","-3,652,000","-8,542,000","8,985,000","6,945,000","1,954,000","1,042,000","-10,270,000","10,468,000","-6,447,000","3,208,000","17,368,000","11,092,000","8,158,000","-3,523,000","-33,731,000","15,279,000","15,177,000","5,803,000","25,109,000","23,161,000","28,700,000","19,128,000","24,866,000","21,663,000","12,391,000","2,831,000","10,300,000","16,117,000","28,916,000","13,003,000","29,714,000","21,300,000","23,200,000","13,300,000","22,700,000","17,700,000","18,400,000","7,200,000","19,900,000","11,500,000","16,800,000","1,700,000","15,600,000","9,800,000","15,300,000","4,600,000","14,100,000","7,800,000","14,300,000","3,200,000","12,700,000","7,200,000","12,100,000","4,300,000","12,300,000","8,000,000","10,400,000","4,000,000","11,600,000","6,400,000","6,500,000","2,800,000","8,600,000","5,000,000","8,500,000","2,900,000","8,500,000","6,100,000","9,000,000","-100,000","11,100,000","6,100,000","8,800,000","2,300,000",,,,,,,,,,,,,,,
TotalUnusualItemsExcludingGoodwill,"0",,,,,"0",,,,"-26,862,000",,,,"-32,671,000",,,,,,,,,,,,,,,,"-610,000","762,000","-20,000",,"0",,,,,,,,"-1,913,000","1,326,000","-108,000","611,000","-4,175,000","857,000","-528,000","186,000","-33,000","-794,000","-284,000","410,000","8,771,000","-61,187,000","-1,780,000","-7,725,000","-5,596,000","11,189,000","-4,884,000","328,000","-4,691,000","2,573,000","-616,000","618,000","-20,785,000","801,000","-7,522,000","15,000","2,939,000","-1,931,000","-1,102,000","370,000","-70,559,000","1,301,000","448,000","1,272,000","688,000","435,000","1,394,000","-486,000","-265,000","-11,113,000","363,000","263,000","-1,668,000","2,623,000","5,860,000","616,000","692,000","1,300,000","900,000","1,400,000","1,100,000","1,400,000","1,400,000","1,000,000","3,100,000","800,000","1,000,000","1,200,000","1,100,000","1,100,000","900,000","1,200,000","1,400,000","800,000","1,000,000","800,000","2,100,000",,"600,000","300,000","700,000","200,000","400,000","500,000","400,000","300,000","400,000","500,000","300,000","400,000","600,000","400,000","300,000","200,000","500,000","500,000","700,000","700,000","600,000","500,000",,,,,,,,,,,,,,,
TotalUnusualItems,"0",,,,,"0",,,,"-26,862,000",,,,"-32,671,000",,,,,,,,,,,,,,,,"-610,000","762,000","-20,000",,"0",,,,,,,,"-1,913,000","1,326,000","-108,000","611,000","-4,175,000","857,000","-528,000","186,000","-33,000","-794,000","-284,000","410,000","8,771,000","-61,187,000","-1,780,000","-7,725,000","-5,596,000","11,189,000","-4,884,000","328,000","-4,691,000","2,573,000","-616,000","618,000","-20,785,000","801,000","-7,522,000","15,000","2,939,000","-1,931,000","-1,102,000","370,000","-70,559,000","1,301,000","448,000","1,272,000","688,000","435,000","1,394,000","-486,000","-265,000","-11,113,000","363,000","263,000","-1,668,000","2,623,000","5,860,000","616,000","692,000","1,300,000","900,000","1,400,000","1,100,000","1,400,000","1,400,000","1,000,000","3,100,000","800,000","1,000,000","1,200,000","1,100,000","1,100,000","900,000","1,200,000","1,400,000","800,000","1,000,000","800,000","2,100,000",,"600,000","300,000","700,000","200,000","400,000","500,000","400,000","300,000","400,000","500,000","300,000","400,000","600,000","400,000","300,000","200,000","500,000","500,000","700,000","700,000","600,000","500,000",,,,,,,,,,,,,,,
NormalizedEBITDA,"319,099,000","109,526,000","67,775,000","81,605,000","60,193,000","76,836,000","63,227,000","74,951,000","30,881,000","90,255,000","55,258,000","39,129,000","30,687,000","12,843,000","48,083,000","34,895,000","32,195,000","52,970,000","40,247,000","41,830,000","26,148,000","50,576,000","41,346,000","40,322,000","28,700,000","41,532,000","41,626,000","40,478,000","28,410,000","37,770,000","32,504,000","36,214,000","21,814,000","30,200,000","32,349,000","31,129,000","21,385,000","33,088,000","31,752,000","16,644,000","13,112,000","40,445,000","22,840,000","18,879,000","9,647,000","23,562,000","16,820,000","11,330,000","5,163,000","22,141,000","25,798,000","16,719,000","9,315,000","932,000","47,415,000","-7,550,000","-147,286,000","11,620,000","-1,033,000","5,328,000","-5,924,000","28,966,000","15,605,000","13,514,000","9,584,000","24,760,000","26,377,000","23,116,000","14,884,000","29,144,000","33,843,000","25,810,000","2,695,000","42,580,000","31,932,000","33,936,000","17,338,000","50,357,000","46,840,000","53,902,000","341,439,000","53,958,000","47,904,000","31,943,000","17,635,000","86,202,000","33,577,000","50,449,000","34,529,000","61,650,000","38,900,000","43,700,000","26,100,000","39,800,000","32,700,000","34,800,000","16,600,000","30,900,000","22,900,000","31,600,000","6,400,000","28,600,000","19,900,000","29,900,000","11,600,000","27,700,000","18,100,000","27,500,000","10,400,000","22,100,000","17,500,000","23,600,000","11,300,000","24,800,000","17,300,000","20,600,000","9,700,000","22,000,000","15,000,000","14,200,000","8,100,000","16,300,000","13,600,000","17,600,000","9,300,000","18,400,000","14,700,000","18,500,000","4,200,000","22,000,000","13,700,000","18,000,000","8,100,000","-345,500,000","134,800,000","144,600,000","114,600,000","-287,900,000","116,300,000","121,500,000","93,500,000","-253,600,000","107,300,000","109,600,000","81,400,000","-196,300,000","82,500,000","90,700,000"
TaxRateForCalcs,"0.259","0.259","0.248","0.266","0.259","0.262","0.277","0.26","0.198","0.27","0.26","0.266","0.22","0.27","0.269","0.229","0.228","0.232","0.27","0.308","0.356","0.335","0.294","0.361","0.357","0.329","0.362","0.362","0.359","0.353","0.34","0.353","0.353","0.365","0.332","0.324","0.355","0.311","0.333","0.361","0.37","0.389","0.157","0.356","0.35","0.35","0.226","0.303","0.35","0.124","0.374","0.397","0.167","0.35","0.062","0.35","0.371","0.367","0.298","0.35","0.371","0.294","0.35","0.38","0.4","0.4","0.381","0.356","0.38","0.38","0.38","0.38","0.38","0.068","0.38","0.38","0.38","0.38","0.375","0.382","0.382","0.384","0.083","0.39","0.39","0.4","0.369","0.379","0.389","0.38","0.351","0.388","0.384","0.371","0.383","0.395","0.395","0.348","0.375","0.387","0.4","0.363","0.38","0.398","0.4","0.4","0.4","0.386","0.4","0.4","0.4","0.4","0.4","0.4","0.4","0.399","0.394","0.4","0.39","0.393","0.4","0.338","0.39","0.375","0.4","0.388","0.384","0.375","0.4","0.38","0.384","0.367","0.4",,,,,,,,,,,,,,,
TaxEffectOfUnusualItems,"0","0","0","0","0","0","0","0","0","0","0","0","0","0","0","0","0","0","0","0","0","0","0","0","0","0","0","0","0","-215,627.998","259,080","-7,060","0","0","0","0","0","0","0","0","0","-744,660.458","208,548.27","-38,471.092","213,850","-1,461,250","193,863.129","-160,186.292","65,100","-4,103.926","-297,301.573","-112,832.189","68,281.487","3,069,850","-3,814,050.858","-623,000","-2,867,596.409","-2,055,430.998","3,335,017.225","-1,709,400","121,759.588","-1,379,250.57","900,550","-234,005.712","247,200","-8,314,000","305,469.712","-2,678,862.679","5,701.449","1,116,761.245","-733,825.331","-418,756.65","140,589.581","-4,801,536.636","494,394.782","170,250.98","483,218.636","261,414.856","163,054.551","533,191.428","-185,889.979","-101,776.647","-916,866.037","141,557.848","102,605.127","-667,200","966,655.095","2,218,155.089","239,897.826","262,845.324","455,792.683","349,076.517","537,962.963","408,310.249","536,585.366","552,631.579","394,957.983","1,077,377.049","300,000","386,861.314","480,000","399,591.837","417,721.519","357,874.016","480,000","560,000","320,000","386,266.094","320,000","840,000","0","240,000","120,000","280,000","80,000","159,537.572","196,969.697","160,000","117,142.857","157,009.346","200,000","101,538.462","156,097.561","225,000","160,000","116,546.763","76,767.677","187,500","200,000","265,921.788","268,686.869","220,143.885","200,000",,,,,,,,,,,,,,,