name,ttm,04/30/2022,01/31/2022,10/31/2021,07/31/2021,04/30/2021,01/31/2021,10/31/2020,07/31/2020,04/30/2020,01/31/2020,10/31/2019,07/31/2019,04/30/2019,01/31/2019,10/31/2018,07/31/2018,04/30/2018,01/31/2018,10/31/2017,07/31/2017,04/30/2017,01/31/2017,10/31/2016,07/31/2016,04/30/2016,01/31/2016,10/31/2015,07/31/2015,04/30/2015,01/31/2015,10/31/2014,07/31/2014,04/30/2014,01/31/2014,10/31/2013,07/31/2013,04/30/2013,01/31/2013,10/31/2012,07/31/2012,04/30/2012,01/31/2012,10/31/2011,07/31/2011,04/30/2011,01/31/2011,10/31/2010,07/31/2010,04/30/2010,01/31/2010,10/31/2009,07/31/2009,04/30/2009,01/31/2009,10/31/2008,07/31/2008,04/30/2008,01/31/2008,10/31/2007,07/31/2007,04/30/2007,01/31/2007,10/31/2006,07/31/2006,04/30/2006,01/31/2006,10/31/2005,07/31/2005,04/30/2005,01/31/2005,10/31/2004,07/31/2004,04/30/2004,01/31/2004,10/31/2003,07/31/2003,04/30/2003,01/31/2003,10/31/2002,07/31/2002,04/30/2002,01/31/2002,10/31/2001,07/31/2001,04/30/2001,01/31/2001,10/31/2000,07/31/2000,04/30/2000,01/31/2000,10/31/1999,07/31/1999,04/30/1999,01/31/1999,10/31/1998,07/31/1998,04/30/1998,01/31/1998,10/31/1997,07/31/1997,04/30/1997,01/31/1997,10/31/1996,07/31/1996,04/30/1996,01/31/1996,10/31/1995,07/31/1995,04/30/1995,01/31/1995,10/31/1994,07/31/1994,04/30/1994,01/31/1994,10/31/1993,07/31/1993,04/30/1993,01/31/1993,10/31/1992,07/31/1992,04/30/1992
TotalRevenue,"25,966,000,000","5,539,000,000","8,930,000,000","5,653,000,000","5,844,000,000","4,865,000,000","7,037,000,000","4,185,000,000","3,727,000,000","3,148,000,000","8,577,000,000","5,356,000,000","5,722,000,000","5,676,000,000","8,695,000,000","5,589,000,000","5,758,000,000","5,698,000,000","8,666,000,000","5,281,000,000","5,552,000,000","5,338,000,000","8,515,000,000","5,626,000,000","5,866,000,000","5,771,000,000","8,869,000,000","5,874,000,000","6,104,000,000","6,232,000,000","9,364,000,000","6,195,000,000","6,267,000,000","6,279,000,000","9,202,000,000","6,276,000,000","6,066,000,000","6,387,000,000","9,350,000,000","6,075,000,000","6,118,000,000","6,143,000,000","8,724,000,000","5,853,000,000","5,939,000,000","5,889,000,000","8,269,000,000","5,623,000,000","5,537,000,000","5,574,000,000","7,849,000,000","5,277,000,000","5,164,000,000","5,199,000,000","7,934,000,000","5,493,000,000","5,718,000,000","5,747,000,000","8,594,000,000","5,906,000,000","5,892,000,000","5,921,000,000","9,159,000,000","5,886,000,000","5,995,000,000","5,940,000,000","9,341,000,000","5,785,000,000","3,623,000,000","3,641,000,000","5,074,000,000","3,491,000,000","3,548,000,000","3,517,000,000","5,053,000,000","3,486,000,000","3,434,000,000","3,291,000,000","5,017,000,000","3,479,000,000","3,486,000,000","3,453,000,000","4,322,000,000","3,775,000,000","3,732,000,000","3,826,000,000","6,115,000,000","4,195,000,000","4,065,000,000","4,032,000,000","5,656,000,000","4,242,000,000","4,111,000,000","3,707,000,000","5,207,000,000","3,647,000,000","3,523,000,000","3,456,000,000","5,059,800,000","3,746,300,000","3,452,800,000","3,409,100,000","5,035,000,000","3,609,100,000","3,284,200,000","3,300,700,000","5,264,900,000","3,748,400,000","3,047,200,000","2,988,000,000","3,139,400,000","1,926,800,000","1,596,100,000","1,653,600,000","2,347,500,000","1,789,300,000","1,502,300,000","1,590,300,000","2,262,000,000","1,789,000,000","1,457,200,000","1,571,700,000"
	OperatingRevenue,"25,966,000,000","5,539,000,000","8,930,000,000","5,653,000,000","5,844,000,000","4,865,000,000","7,037,000,000","4,185,000,000","3,727,000,000","3,148,000,000","8,577,000,000","5,356,000,000","5,722,000,000","5,676,000,000","8,695,000,000","5,589,000,000","5,758,000,000","5,698,000,000","8,666,000,000","5,281,000,000","5,552,000,000","5,338,000,000","8,515,000,000","5,626,000,000","5,866,000,000","5,771,000,000","8,869,000,000","5,874,000,000","6,104,000,000","6,232,000,000","9,364,000,000","6,195,000,000","6,267,000,000","6,279,000,000","9,202,000,000","6,276,000,000","6,066,000,000","6,387,000,000","9,350,000,000","6,075,000,000","6,118,000,000","6,143,000,000","8,724,000,000","5,853,000,000","5,939,000,000","5,889,000,000","8,269,000,000","5,623,000,000","5,537,000,000","5,574,000,000","7,849,000,000","5,277,000,000","5,164,000,000","5,199,000,000","7,934,000,000","5,493,000,000","5,718,000,000","5,747,000,000","8,594,000,000","5,906,000,000","5,892,000,000","5,921,000,000","9,159,000,000","5,886,000,000","5,995,000,000","5,930,000,000","9,341,000,000","5,785,000,000","3,623,000,000","3,641,000,000","5,074,000,000","3,491,000,000","3,548,000,000","3,517,000,000","5,053,000,000","3,486,000,000","3,434,000,000","3,291,000,000","5,017,000,000","3,479,000,000","3,486,000,000","3,453,000,000","4,322,000,000","3,775,000,000","3,732,000,000","3,822,000,000","6,115,000,000","4,195,000,000","4,065,000,000","4,032,000,000","5,656,000,000","4,242,000,000","4,111,000,000","3,707,000,000","5,207,000,000","3,647,000,000","3,523,000,000","3,456,000,000","5,059,800,000","3,746,300,000","3,452,800,000","3,409,100,000","5,035,000,000","3,609,100,000","3,284,200,000","3,300,700,000","5,264,900,000","3,748,400,000","3,047,200,000","2,988,000,000","3,139,400,000","1,926,800,000","1,596,100,000","1,653,600,000","2,347,500,000","1,789,300,000","1,502,300,000","1,590,300,000","2,262,000,000","1,789,000,000","1,457,200,000","1,571,700,000"
CostOfRevenue,"15,298,000,000","3,231,000,000","5,507,000,000","3,207,000,000","3,353,000,000","2,889,000,000","4,498,000,000","2,569,000,000","2,718,000,000","2,501,000,000","5,266,000,000","3,106,000,000","3,395,000,000","3,403,000,000","5,288,000,000","3,226,000,000","3,320,000,000","3,382,000,000","5,358,000,000","3,175,000,000","3,313,000,000","3,306,000,000","5,251,000,000","3,386,000,000","3,468,000,000","3,516,000,000","5,549,000,000","3,537,000,000","3,610,000,000","3,800,000,000","5,589,000,000","3,766,000,000","3,672,000,000","3,836,000,000","5,464,000,000","3,817,000,000","3,533,000,000","3,911,000,000","5,554,000,000","3,672,000,000","3,555,000,000","3,757,000,000","5,151,000,000","3,544,000,000","3,457,000,000","3,586,000,000","4,855,000,000","3,377,000,000","3,214,000,000","3,378,000,000","4,577,000,000","3,156,000,000","3,021,000,000","3,219,000,000","4,812,000,000","3,324,000,000","3,346,000,000","3,527,000,000","5,021,000,000","3,585,000,000","3,507,000,000","3,564,000,000","5,419,000,000","3,541,000,000","3,604,000,000","3,633,000,000","5,549,000,000","3,446,000,000","2,126,000,000","2,176,000,000","3,001,000,000","2,100,000,000","2,091,000,000","2,105,000,000","2,981,000,000","2,091,000,000","2,025,000,000","2,002,000,000","3,014,000,000","2,112,000,000","2,051,000,000","2,078,000,000","2,670,000,000","2,297,000,000","2,258,000,000","2,306,000,000","3,523,000,000","2,328,000,000","2,195,000,000","2,208,000,000","3,036,000,000","2,350,000,000","2,220,000,000","2,092,000,000","3,025,000,000","2,069,000,000","1,942,000,000","1,949,000,000","2,954,300,000","2,134,900,000","1,947,200,000","1,934,600,000","2,950,700,000","2,048,200,000","1,853,800,000","1,875,400,000","3,164,000,000","2,189,100,000","1,742,100,000","1,702,800,000","1,842,100,000","1,117,000,000","906,900,000","941,300,000","1,370,900,000","1,018,000,000","840,600,000","888,500,000","1,241,100,000","1,022,200,000","820,800,000","1,058,400,000"
GrossProfit,"10,668,000,000","2,308,000,000","3,423,000,000","2,446,000,000","2,491,000,000","1,976,000,000","2,539,000,000","1,616,000,000","1,009,000,000","647,000,000","3,311,000,000","2,250,000,000","2,327,000,000","2,273,000,000","3,407,000,000","2,363,000,000","2,438,000,000","2,316,000,000","3,308,000,000","2,106,000,000","2,239,000,000","2,032,000,000","3,264,000,000","2,240,000,000","2,398,000,000","2,255,000,000","3,320,000,000","2,337,000,000","2,494,000,000","2,432,000,000","3,775,000,000","2,429,000,000","2,595,000,000","2,443,000,000","3,738,000,000","2,459,000,000","2,533,000,000","2,476,000,000","3,796,000,000","2,403,000,000","2,563,000,000","2,386,000,000","3,573,000,000","2,309,000,000","2,482,000,000","2,303,000,000","3,414,000,000","2,246,000,000","2,323,000,000","2,196,000,000","3,272,000,000","2,121,000,000","2,143,000,000","1,980,000,000","3,122,000,000","2,169,000,000","2,372,000,000","2,220,000,000","3,573,000,000","2,321,000,000","2,385,000,000","2,357,000,000","3,740,000,000","2,345,000,000","2,391,000,000","2,307,000,000","3,792,000,000","2,339,000,000","1,497,000,000","1,465,000,000","2,073,000,000","1,391,000,000","1,457,000,000","1,412,000,000","2,072,000,000","1,395,000,000","1,409,000,000","1,289,000,000","2,003,000,000","1,367,000,000","1,435,000,000","1,375,000,000","1,652,000,000","1,478,000,000","1,474,000,000","1,520,000,000","2,592,000,000","1,867,000,000","1,870,000,000","1,824,000,000","2,620,000,000","1,892,000,000","1,891,000,000","1,615,000,000","2,182,000,000","1,578,000,000","1,581,000,000","1,507,000,000","2,105,500,000","1,611,400,000","1,505,600,000","1,474,500,000","2,084,300,000","1,560,900,000","1,430,400,000","1,425,300,000","2,100,900,000","1,559,300,000","1,305,100,000","1,285,200,000","1,297,300,000","809,800,000","689,200,000","712,300,000","976,600,000","771,300,000","661,700,000","701,800,000","1,020,900,000","766,800,000","636,400,000","513,300,000"
OperatingExpense,"8,178,000,000","1,879,000,000","2,429,000,000","1,973,000,000","1,898,000,000","1,748,000,000","2,044,000,000","1,726,000,000","1,398,000,000","1,598,000,000","2,509,000,000","2,202,000,000","2,177,000,000","2,112,000,000","2,538,000,000","2,255,000,000","2,164,000,000","2,083,000,000","2,278,000,000","1,995,000,000","1,977,000,000","1,812,000,000","2,202,000,000","2,071,000,000","2,026,000,000","1,966,000,000","2,207,000,000","1,968,000,000","2,058,000,000","2,023,000,000","2,324,000,000","2,007,000,000","2,024,000,000","2,000,000,000","2,301,000,000","2,099,000,000","1,999,000,000","2,041,000,000","2,400,000,000","2,078,000,000","2,009,000,000","1,995,000,000","2,314,000,000","2,018,000,000","1,864,000,000","1,973,000,000","2,270,000,000","2,069,000,000","1,953,000,000","1,993,000,000","2,007,000,000","2,066,000,000","1,895,000,000","2,094,000,000","7,857,000,000","2,085,000,000","2,087,000,000","2,103,000,000","2,282,000,000","2,121,000,000","2,038,000,000","2,113,000,000","2,313,000,000","2,094,000,000","1,926,000,000","2,154,000,000","2,675,000,000","1,575,000,000","1,206,000,000","1,213,000,000","1,310,000,000","1,216,000,000","1,212,000,000","1,196,000,000","1,314,000,000","1,222,000,000","1,145,000,000","1,143,000,000","1,369,000,000","1,179,000,000","1,135,000,000","1,154,000,000","998,000,000","1,329,000,000","1,235,000,000","1,296,000,000","1,792,000,000","1,663,000,000","1,650,000,000","1,571,000,000","1,764,000,000","1,590,000,000","1,573,000,000","1,390,000,000","1,432,000,000","1,321,000,000","1,314,000,000","1,326,000,000","1,392,400,000","1,343,400,000","1,293,800,000","1,326,400,000","1,200,800,000","1,373,600,000","1,354,700,000","1,370,000,000","1,473,200,000","1,415,200,000","1,188,700,000","1,191,100,000","980,600,000","680,500,000","603,200,000","608,900,000","688,900,000","668,300,000","603,300,000","618,700,000","798,100,000","667,300,000","609,200,000","433,100,000"
	SellingGeneralAndAdministration,"8,178,000,000","1,879,000,000","2,429,000,000","1,973,000,000","1,898,000,000","1,748,000,000","2,044,000,000","1,726,000,000","1,398,000,000","1,598,000,000","2,509,000,000","2,202,000,000","2,177,000,000","2,112,000,000","2,538,000,000","2,255,000,000","2,164,000,000","2,083,000,000","2,278,000,000","1,995,000,000","1,977,000,000","1,812,000,000","2,202,000,000","2,071,000,000","2,026,000,000","1,966,000,000","2,207,000,000","1,968,000,000","2,058,000,000","2,023,000,000","2,324,000,000","2,007,000,000","2,024,000,000","2,000,000,000","2,301,000,000","2,099,000,000","1,999,000,000","2,041,000,000","2,400,000,000","2,078,000,000","2,009,000,000","1,995,000,000","2,314,000,000","2,018,000,000","1,976,000,000","1,973,000,000","2,245,000,000","2,069,000,000","1,953,000,000","1,993,000,000","2,212,000,000","2,033,000,000","1,861,000,000","1,956,000,000","2,256,000,000","2,085,000,000","2,037,000,000","2,103,000,000","2,282,000,000","2,121,000,000","2,038,000,000","2,113,000,000","2,313,000,000","2,094,000,000","2,117,000,000","2,154,000,000","2,675,000,000","2,055,000,000","1,206,000,000","1,213,000,000","1,310,000,000","1,216,000,000","1,212,000,000","1,196,000,000","1,314,000,000","1,222,000,000","1,145,000,000","1,143,000,000","1,369,000,000","1,179,000,000","1,135,000,000","1,154,000,000","945,000,000","1,329,000,000","1,235,000,000","1,292,000,000","1,697,000,000","1,476,000,000","1,466,000,000","1,384,000,000","1,575,000,000","1,397,000,000","1,384,000,000","1,216,000,000","1,277,000,000","1,161,000,000","1,155,000,000","1,169,000,000","1,238,100,000","1,191,400,000","1,142,300,000","1,174,200,000","1,062,900,000","1,231,900,000","1,212,900,000","1,230,800,000","1,334,800,000","1,275,700,000","1,067,900,000","1,070,000,000","860,700,000","611,600,000","534,800,000","542,100,000","623,100,000","604,600,000","540,200,000","555,600,000","686,000,000","614,800,000","557,800,000","382,400,000"
	DepreciationAmortizationDepletionIncomeStatement,,,,,,,,,,,,,,,,,,,,,,,,,,,,,,,,,,,,,,,,,,,,,,,,,,,,,,,,,,,,,,,,,,,,,,,,,,,,,,,,,,,,,,,"95,000,000","187,000,000","184,000,000","187,000,000","189,000,000","193,000,000","189,000,000","174,000,000","155,000,000","160,000,000","159,000,000","157,000,000","154,300,000","152,000,000","151,500,000","152,200,000","137,900,000","141,700,000","141,800,000","139,200,000","138,400,000","139,500,000","120,800,000","121,100,000","119,900,000","68,900,000","68,400,000","66,800,000","65,800,000","63,700,000","63,100,000","63,100,000","112,100,000","52,500,000","51,400,000","50,700,000"
		DepreciationAndAmortizationInIncomeStatement,,,,,,,,,,,,,,,,,,,,,,,,,,,,,,,,,,,,,,,,,,,,,,,,,,,,,,,,,,,,,,,,,,,,,,,,,,,,,,,,,,,,,,,"95,000,000","187,000,000","184,000,000","187,000,000","189,000,000","193,000,000","189,000,000","174,000,000","155,000,000","160,000,000","159,000,000","157,000,000","154,300,000","152,000,000","151,500,000","152,200,000","137,900,000","141,700,000","141,800,000","139,200,000","138,400,000","139,500,000","120,800,000","121,100,000","119,900,000","68,900,000","68,400,000","66,800,000","65,800,000","63,700,000","63,100,000","63,100,000","112,100,000","52,500,000","51,400,000","50,700,000"
	OtherOperatingExpenses,,,,,,,,,,,,,,,,,,,,,,,,,,,,,,,,,,,,,,,,,,,,,"-112,000,000",,,,,,,"33,000,000","34,000,000","138,000,000","5,601,000,000",,"50,000,000",,,,,,"0",,"-191,000,000",,"0","-480,000,000",,,,,,,,,,,,,,,,,,"4,000,000",,,,,,,,,,,,,,,,,,,,,,,,,,,,,,,,,,,,
OperatingIncome,"2,490,000,000","429,000,000","994,000,000","473,000,000","593,000,000","228,000,000","495,000,000","-110,000,000","-389,000,000","-951,000,000","802,000,000","48,000,000","150,000,000","161,000,000","869,000,000","108,000,000","274,000,000","233,000,000","1,030,000,000","111,000,000","262,000,000","220,000,000","1,062,000,000","169,000,000","372,000,000","289,000,000","1,113,000,000","369,000,000","436,000,000","409,000,000","1,451,000,000","422,000,000","571,000,000","443,000,000","1,437,000,000","360,000,000","534,000,000","435,000,000","1,396,000,000","325,000,000","554,000,000","391,000,000","1,259,000,000","291,000,000","618,000,000","330,000,000","1,144,000,000","177,000,000","370,000,000","203,000,000","1,265,000,000","55,000,000","248,000,000","-114,000,000","-4,735,000,000","84,000,000","285,000,000","117,000,000","1,291,000,000","200,000,000","347,000,000","244,000,000","1,427,000,000","251,000,000","465,000,000","153,000,000","1,117,000,000","764,000,000","291,000,000","252,000,000","763,000,000","175,000,000","245,000,000","216,000,000","758,000,000","173,000,000","264,000,000","146,000,000","634,000,000","188,000,000","300,000,000","221,000,000","654,000,000","149,000,000","239,000,000","224,000,000","800,000,000","204,000,000","220,000,000","253,000,000","856,000,000","302,000,000","318,000,000","225,000,000","750,000,000","257,000,000","267,000,000","181,000,000","713,100,000","268,000,000","211,800,000","148,100,000","883,500,000","187,300,000","75,700,000","55,300,000","627,700,000","144,100,000","116,400,000","94,100,000","316,700,000","129,300,000","86,000,000","103,400,000","287,700,000","103,000,000","58,400,000","83,100,000","222,800,000","99,500,000","27,200,000","80,200,000"
NetNonOperatingInterestIncomeExpense,"-223,000,000","-47,000,000","-44,000,000","-53,000,000","-80,000,000","-79,000,000","-85,000,000","-80,000,000","-72,000,000","-47,000,000","-42,000,000","-48,000,000","-47,000,000","-47,000,000","-49,000,000","-59,000,000","-62,000,000","-66,000,000","-73,000,000","-74,000,000","-79,000,000","-84,000,000","-87,000,000","-81,000,000","-97,000,000","-98,000,000","-93,000,000","-80,000,000","-93,000,000","-95,000,000","-97,000,000","-96,000,000","-100,000,000","-100,000,000","-99,000,000","-96,000,000","-96,000,000","-97,000,000","-102,000,000","-103,000,000","-105,000,000","-112,000,000","-108,000,000","-108,000,000","-111,000,000","-116,000,000","-118,000,000","-164,000,000","-130,000,000","-162,000,000","-139,000,000","-137,000,000","-139,000,000","-141,000,000",,,,,,,,,,,,,,,,,,,,,,,,,,,,,,,,,,,,,,,,,,,,,,,,,,,,,,,,,,,,,,,,,,,,
	InterestIncomeNonOperating,"5,000,000","1,000,000","3,000,000","0","0","0","5,000,000","0","1,000,000","2,000,000","9,000,000","4,000,000","5,000,000","7,000,000","15,000,000","5,000,000","7,000,000","5,000,000","13,000,000","2,000,000","3,000,000","2,000,000","23,000,000","1,000,000","1,000,000","1,000,000","22,000,000","0","1,000,000","0","12,000,000","1,000,000","1,000,000","0","15,000,000","1,000,000","1,000,000","0","20,000,000","1,000,000","0","1,000,000","24,000,000","1,000,000","1,000,000","1,000,000","1,000,000","2,000,000","1,000,000","1,000,000","0","2,000,000","2,000,000","2,000,000",,,,,,,,,,,,,,,,,,,,,,,,,,,,,,,,,,,,,,,,,,,,,,,,,,,,,,,,,,,,,,,,,,,,
	InterestExpenseNonOperating,"228,000,000","48,000,000","47,000,000","53,000,000","80,000,000","79,000,000","89,000,000","80,000,000","70,000,000","49,000,000","51,000,000","52,000,000","52,000,000","54,000,000","64,000,000","64,000,000","69,000,000","71,000,000","86,000,000","76,000,000","82,000,000","86,000,000","110,000,000","82,000,000","98,000,000","99,000,000","115,000,000","80,000,000","94,000,000","95,000,000","109,000,000","97,000,000","101,000,000","100,000,000","114,000,000","97,000,000","97,000,000","97,000,000","122,000,000","104,000,000","105,000,000","113,000,000","132,000,000","109,000,000","112,000,000","117,000,000","119,000,000","166,000,000","131,000,000","163,000,000","139,000,000","139,000,000","141,000,000","143,000,000",,,,,,,,,,,,,,,,,,,,,,,,,,,,,,,,,,,,,,,,,,,,,,,,,,,,,,,,,,,,,,,,,,,,
	TotalOtherFinanceCost,,,,,,,"1,000,000",,"3,000,000",,"42,000,000","48,000,000",,,,,,,,,,,,,,,,,,,,,,,,,,,,,,,,,"111,000,000","116,000,000",,"164,000,000","130,000,000",,,,,,,,,,,,,,,,,,,,,,,,,,,,,,,,,,,,,,,,,,,,,,,,,,,,,,,,,,,,,,,,,,,,,,,,,
OtherIncomeExpense,"-149,000,000","10,000,000","32,000,000","-126,000,000","-63,000,000","-9,000,000","-96,000,000","-27,000,000","-268,000,000","-3,159,000,000","-311,000,000",,"13,000,000","49,000,000","146,000,000","25,000,000","-15,000,000","16,000,000","193,000,000","10,000,000","-6,000,000","-3,000,000","-247,000,000","-62,000,000","-255,000,000","-13,000,000","-177,000,000","-111,000,000",,,,,,,"-88,000,000",,,,,,,,,,,,,,,,,,,,"-5,602,000,000","-16,000,000","-76,000,000","-87,000,000","-69,000,000","-17,000,000","-97,000,000","-36,000,000","-167,000,000","-117,000,000","148,000,000","-123,000,000","63,000,000","417,000,000",,,,,,,,,,,,,,,"-137,000,000","-23,000,000","-28,000,000","-27,000,000","-132,000,000","-795,000,000",,,,,,"3,000,000","2,000,000","2,000,000","2,000,000","6,000,000","8,500,000","9,100,000","7,100,000","10,300,000","-295,300,000","11,100,000","11,400,000","11,000,000","-70,000,000","-27,200,000","-103,800,000","-71,400,000","-47,600,000","10,900,000","-16,400,000","11,000,000","11,800,000","12,700,000","12,100,000","12,800,000","12,200,000","12,700,000","14,700,000","20,900,000"
	GainOnSaleOfSecurity,"127,000,000","42,000,000","30,000,000","50,000,000","6,000,000","6,000,000","40,000,000","3,000,000",,"16,000,000","95,000,000","17,000,000","7,000,000","43,000,000","278,000,000","42,000,000","46,000,000","24,000,000","368,000,000",,,,,,,,,,,,,,,,,,,,,,,,,,,,,,,,,,,,,,,,,,,,,,,,,,,,,,,,,,,,,,,,,,,,,,,,,,,,,,,,,,,,,,,,,,,,,,,,,,,,,,,
	SpecialIncomeCharges,"-238,000,000","-39,000,000","-9,000,000","-185,000,000","-5,000,000","-30,000,000","-134,000,000","-20,000,000","-242,000,000","-3,184,000,000","-368,000,000","-13,000,000","-2,000,000","-1,000,000","-125,000,000","-3,000,000","-22,000,000","-19,000,000","-319,000,000","32,000,000","45,000,000","-3,000,000","-230,000,000","0","-249,000,000",,"-177,000,000","-111,000,000",,,,,,,"-88,000,000",,,,,,,,,,,,"0","0","0","0","-391,000,000","0","0",,"-5,602,000,000","-16,000,000","-76,000,000","-87,000,000","-69,000,000","-17,000,000","-97,000,000","-36,000,000","-167,000,000","-117,000,000","148,000,000","-123,000,000","63,000,000","417,000,000",,,,,,,,,,,,,,,"-137,000,000","-23,000,000","-28,000,000","-27,000,000","-132,000,000","-795,000,000",,,,,,"3,000,000","2,000,000","2,000,000","2,000,000","6,000,000","8,500,000","9,100,000","7,100,000","10,300,000","-295,300,000","11,100,000","11,400,000","11,000,000","-70,000,000","-27,200,000","-103,800,000","-71,400,000","-47,600,000","10,900,000","-16,400,000","11,000,000","11,800,000","12,700,000","12,100,000","12,800,000","12,200,000","12,700,000","14,700,000","20,900,000"
		RestructuringAndMergernAcquisition,,,"4,000,000","0","0","-1,000,000","28,000,000","2,000,000","169,000,000","25,000,000","337,000,000",,,,,,,,,,,,,,,,,,,,,,,,,,,,,,,,,,,,"0","0","0","0",,,,,,"16,000,000","26,000,000","87,000,000","69,000,000","17,000,000","97,000,000","36,000,000","167,000,000","117,000,000","43,000,000","123,000,000",,"63,000,000",,,,,,,,,,,,,,,"84,000,000","23,000,000","28,000,000","27,000,000",,,,,,,,,,,,,,,,,,,,,,,,,,,,,,,,,,,,
		ImpairmentOfCapitalAssets,,,,"-10,000,000","2,000,000","18,000,000","110,000,000","6,000,000","15,000,000","3,150,000,000",,,,,,,,,,,,,,,,,,,,,,,,,,,,,,,,,,,,,,,,,"115,000,000","0","0",,,,,,,,,,,,,,,,,,,,,,,,,,,,,,,,,,,,,,,,,,,,,,,,,,,,,,,,,,,,,,,,,,,,,
		WriteOff,"16,000,000","8,000,000","15,000,000","10,000,000","0","2,000,000","-4,000,000","12,000,000","58,000,000","9,000,000",,"13,000,000","2,000,000","1,000,000",,"3,000,000","17,000,000","19,000,000","153,000,000","33,000,000","0",,"230,000,000","0","249,000,000",,"177,000,000","111,000,000",,,,,,,"88,000,000",,,,,,,,,,,,,,,,,,,,,,,,,,,,,,,,,,,,,,,,,,,,,,,,,,,,,,,,,,,,,,,,,,,,,,,,,,,,,,,,,,,,,,,
		OtherSpecialCharges,"219,000,000","31,000,000","0","185,000,000","3,000,000","11,000,000",,,,,"30,000,000",,,,"28,000,000",,"5,000,000",,"-11,000,000",,"-2,000,000","3,000,000",,,,,,,,,,,,,,,,,,,,,,,,,,,,,,,,,,,"50,000,000",,,,,,"0",,"-191,000,000",,,"-480,000,000",,,,,,,,,,,,,,,,,,,,,,,,,,,,,,,,,,,,,,,,,,,,,,,,,,,,,,
		GainOnSaleOfPPE,"135,000,000",,,,"6,000,000","6,000,000","40,000,000","3,000,000","0","16,000,000","95,000,000","17,000,000","7,000,000","43,000,000","278,000,000","42,000,000","46,000,000","24,000,000","368,000,000","65,000,000","43,000,000",,,,,,,,,,,,,,,,,,,,,,,,,,,,,,,,,,,,,,,,,,,,,,,,,,,,,,,,,,,,,,,,,,,,,,,,,,,,,,,,,,,,,,,,,,,,,,,,,,,,,
	OtherNonOperatingIncomeExpenses,"-38,000,000","7,000,000","11,000,000","9,000,000","-64,000,000","15,000,000","-2,000,000","-10,000,000","-26,000,000","9,000,000","-38,000,000","-4,000,000","8,000,000","7,000,000","-7,000,000","-14,000,000","-39,000,000","11,000,000","-32,000,000","-22,000,000","-51,000,000",,"-17,000,000","-62,000,000","-6,000,000","-13,000,000",,,,,,,,,,,,,,,,,,,,,,,,,,,,,,,,,,,,,,,,,,,,,,,,,,,,,,,,,,,,,,,,,,,,,,,,,,,,,,,,,,,,,,,,,,,,,,,,
PretaxIncome,"2,118,000,000","392,000,000","982,000,000","294,000,000","450,000,000","140,000,000","314,000,000","-217,000,000","-729,000,000","-4,157,000,000","449,000,000","0","116,000,000","163,000,000","966,000,000","74,000,000","197,000,000","183,000,000","1,151,000,000","47,000,000","177,000,000","133,000,000","728,000,000","26,000,000","20,000,000","178,000,000","843,000,000","178,000,000","343,000,000","314,000,000","1,250,000,000","326,000,000","471,000,000","343,000,000","1,250,000,000","264,000,000","438,000,000","338,000,000","1,152,000,000","222,000,000","449,000,000","279,000,000","1,176,000,000","183,000,000","395,000,000","214,000,000","1,026,000,000","13,000,000","240,000,000","41,000,000","735,000,000","-82,000,000","109,000,000","-255,000,000","-4,878,000,000","-75,000,000","121,000,000","-106,000,000","1,086,000,000","38,000,000","113,000,000","83,000,000","1,211,000,000","30,000,000","323,000,000","-118,000,000","1,053,000,000","556,000,000","237,000,000","198,000,000","713,000,000","120,000,000","126,000,000","156,000,000","697,000,000","112,000,000","199,000,000","76,000,000","564,000,000","115,000,000","222,000,000","147,000,000","543,000,000","26,000,000","111,000,000","100,000,000","549,000,000","-702,000,000","112,000,000","154,000,000","752,000,000","211,000,000","233,000,000","150,000,000","681,000,000","185,000,000","193,000,000","104,000,000","625,700,000","176,100,000","112,600,000","43,700,000","464,400,000","74,000,000","-39,900,000","-57,000,000","415,300,000","-25,300,000","-101,300,000","-86,700,000","184,700,000","78,300,000","10,300,000","58,000,000","247,100,000","63,000,000","18,100,000","39,700,000","176,000,000","55,600,000","-22,500,000","23,000,000"
TaxProvision,"505,000,000","106,000,000","239,000,000","55,000,000","105,000,000","37,000,000","154,000,000","-126,000,000","-298,000,000","-576,000,000","109,000,000","-2,000,000","30,000,000","27,000,000","226,000,000","12,000,000","33,000,000","52,000,000","-169,000,000","13,000,000","64,000,000","63,000,000","256,000,000","11,000,000","11,000,000","63,000,000","300,000,000","61,000,000","126,000,000","121,000,000","457,000,000","109,000,000","179,000,000","119,000,000","439,000,000","87,000,000","157,000,000","121,000,000","422,000,000","77,000,000","170,000,000","98,000,000","431,000,000","44,000,000","154,000,000","83,000,000","359,000,000","3,000,000","93,000,000","18,000,000","269,000,000","-47,000,000","102,000,000","-167,000,000","-105,000,000","-31,000,000","48,000,000","-47,000,000","336,000,000","5,000,000","39,000,000","31,000,000","451,000,000","10,000,000","41,000,000","-44,000,000","384,000,000","123,000,000","89,000,000","75,000,000","273,000,000","46,000,000","48,000,000","60,000,000","237,000,000","45,000,000","79,000,000","30,000,000","223,000,000","40,000,000","89,000,000","58,000,000","206,000,000","13,000,000","1,000,000","42,000,000","217,000,000","-34,000,000","49,000,000","65,000,000","304,000,000","88,000,000","96,000,000","63,000,000","273,000,000","75,000,000","86,000,000","44,000,000","246,200,000","71,000,000","46,200,000","19,600,000","175,200,000","32,200,000","-12,700,000","-19,100,000","170,400,000","21,100,000","-34,400,000","-29,700,000","77,400,000","34,000,000","6,500,000","25,800,000","101,100,000","42,700,000","9,200,000","18,000,000","70,900,000","24,000,000","-6,700,000","11,200,000"
NetIncomeCommonStockholders,"1,613,000,000","286,000,000","743,000,000","239,000,000","345,000,000","103,000,000","160,000,000","-91,000,000","-431,000,000","-3,581,000,000","340,000,000","2,000,000","86,000,000","136,000,000","740,000,000","62,000,000","166,000,000","139,000,000","1,325,000,000","36,000,000","116,000,000","71,000,000","475,000,000","17,000,000","11,000,000","116,000,000","544,000,000","118,000,000","217,000,000","193,000,000","793,000,000","217,000,000","292,000,000","224,000,000","811,000,000","177,000,000","281,000,000","217,000,000","730,000,000","145,000,000","279,000,000","181,000,000","745,000,000","139,000,000","241,000,000","131,000,000","667,000,000","10,000,000","147,000,000","23,000,000","466,000,000","-35,000,000","7,000,000","-88,000,000","-4,773,000,000","-44,000,000","73,000,000","-59,000,000","750,000,000","33,000,000","74,000,000","36,000,000","733,000,000","-3,000,000","317,000,000","-52,000,000","699,000,000","436,000,000","148,000,000","123,000,000","440,000,000","74,000,000","78,000,000","96,000,000","460,000,000","67,000,000","120,000,000","46,000,000","341,000,000","106,000,000","282,000,000","89,000,000","-447,000,000","3,000,000","110,000,000","58,000,000","332,000,000","-668,000,000","63,000,000","89,000,000","448,000,000","123,000,000","137,000,000","87,000,000","408,000,000","87,000,000","107,000,000","60,000,000","379,200,000","105,100,000","27,700,000","24,100,000","289,200,000","41,800,000","-27,200,000","-37,900,000","244,900,000","-46,400,000","-66,900,000","-57,000,000","107,300,000","44,300,000","3,800,000","32,200,000","146,000,000","20,300,000","8,900,000","18,200,000","99,000,000","31,600,000","-29,400,000","11,800,000"
	NetIncome,"1,613,000,000","286,000,000","743,000,000","239,000,000","345,000,000","103,000,000","160,000,000","-91,000,000","-431,000,000","-3,581,000,000","340,000,000","2,000,000","86,000,000","136,000,000","740,000,000","62,000,000","166,000,000","139,000,000","1,325,000,000","36,000,000","116,000,000","71,000,000","475,000,000","17,000,000","11,000,000","116,000,000","544,000,000","118,000,000","217,000,000","193,000,000","793,000,000","217,000,000","292,000,000","224,000,000","811,000,000","177,000,000","281,000,000","217,000,000","730,000,000","145,000,000","279,000,000","181,000,000","745,000,000","139,000,000","241,000,000","131,000,000","667,000,000","10,000,000","147,000,000","23,000,000","466,000,000","-35,000,000","7,000,000","-88,000,000","-4,773,000,000","-44,000,000","73,000,000","-59,000,000","750,000,000","33,000,000","74,000,000","36,000,000","733,000,000","-3,000,000","317,000,000","-52,000,000","699,000,000","436,000,000","148,000,000","123,000,000","440,000,000","74,000,000","78,000,000","96,000,000","460,000,000","67,000,000","120,000,000","46,000,000","341,000,000","106,000,000","282,000,000","89,000,000","-447,000,000","3,000,000","110,000,000","58,000,000","332,000,000","-668,000,000","63,000,000","89,000,000","448,000,000","123,000,000","137,000,000","87,000,000","408,000,000","87,000,000","107,000,000","60,000,000","379,200,000","105,100,000","27,700,000","24,100,000","289,200,000","41,800,000","-27,200,000","-37,900,000","244,900,000","-46,400,000","-66,900,000","-57,000,000","107,300,000","44,300,000","3,800,000","32,200,000","146,000,000","20,300,000","8,900,000","18,200,000","99,000,000","31,600,000","-29,400,000","11,800,000"
		NetIncomeIncludingNoncontrollingInterests,"1,613,000,000","286,000,000","743,000,000","239,000,000","345,000,000","103,000,000","160,000,000","-91,000,000","-431,000,000","-3,581,000,000","340,000,000","2,000,000","86,000,000","136,000,000","740,000,000","62,000,000","164,000,000","131,000,000","1,320,000,000","34,000,000","113,000,000","70,000,000","472,000,000","15,000,000","9,000,000","115,000,000","543,000,000","117,000,000","217,000,000","193,000,000","793,000,000","217,000,000","292,000,000","224,000,000","811,000,000","177,000,000","281,000,000","217,000,000","730,000,000","145,000,000","279,000,000","181,000,000","745,000,000","139,000,000","241,000,000","131,000,000","667,000,000","10,000,000","147,000,000","23,000,000","466,000,000","-35,000,000","7,000,000","-88,000,000","-4,773,000,000","-44,000,000","73,000,000","-59,000,000","750,000,000","33,000,000","74,000,000","36,000,000","733,000,000","-3,000,000","317,000,000","-52,000,000","699,000,000","436,000,000","148,000,000","123,000,000","440,000,000","74,000,000","78,000,000","96,000,000","460,000,000","67,000,000","120,000,000","46,000,000","341,000,000","106,000,000","282,000,000","89,000,000","-447,000,000","3,000,000","110,000,000","58,000,000","332,000,000","-668,000,000","63,000,000","89,000,000","448,000,000","123,000,000","137,000,000","87,000,000","408,000,000","87,000,000","107,000,000","60,000,000","379,200,000","105,100,000","27,700,000","24,100,000","289,200,000","41,800,000","-27,200,000","-37,900,000","244,900,000","-46,400,000","-66,900,000","-57,000,000","107,300,000","44,300,000","3,800,000","32,200,000","146,000,000","20,300,000","8,900,000","18,200,000","99,000,000","31,600,000","-29,400,000","11,800,000"
			NetIncomeContinuousOperations,"1,613,000,000","286,000,000","743,000,000","239,000,000","345,000,000","103,000,000","160,000,000","-91,000,000","-431,000,000","-3,581,000,000","340,000,000","2,000,000","86,000,000","136,000,000","740,000,000","62,000,000","164,000,000","131,000,000","1,320,000,000","34,000,000","113,000,000","70,000,000","472,000,000","15,000,000","9,000,000","115,000,000","543,000,000","117,000,000","217,000,000","193,000,000","793,000,000","217,000,000","292,000,000","224,000,000","811,000,000","177,000,000","281,000,000","217,000,000","730,000,000","145,000,000","279,000,000","181,000,000","745,000,000","139,000,000","241,000,000","131,000,000","667,000,000","10,000,000","147,000,000","23,000,000","466,000,000","-35,000,000","7,000,000","-88,000,000","-4,773,000,000","-44,000,000","73,000,000","-59,000,000","750,000,000","33,000,000","74,000,000","52,000,000","760,000,000","20,000,000","282,000,000","-74,000,000","669,000,000","433,000,000","148,000,000","123,000,000","440,000,000","74,000,000","78,000,000","96,000,000","460,000,000","67,000,000","120,000,000","46,000,000","341,000,000","75,000,000","133,000,000","89,000,000","337,000,000","13,000,000","110,000,000","58,000,000","332,000,000","-668,000,000","63,000,000","89,000,000","448,000,000","123,000,000","137,000,000","87,000,000","408,000,000","110,000,000","107,000,000","60,000,000","379,500,000","105,100,000","66,400,000","24,100,000","289,200,000","41,800,000","-27,200,000","-37,900,000","244,900,000","-46,400,000","-66,900,000","-57,000,000","107,300,000","44,300,000","3,800,000","32,200,000","146,000,000","20,300,000","8,900,000","21,700,000","105,100,000","31,600,000","-15,800,000","11,800,000"
			NetIncomeDiscontinuousOperations,,,,,,,,,,,,,,,,,,,,,,,,,,,,,,,,,,,,,,,,,,,,,,,,,,,,,,,,,,,"0",,,"-16,000,000","-27,000,000","-23,000,000","35,000,000","22,000,000","30,000,000","3,000,000",,,,,,,,,,,"0","31,000,000","149,000,000",,,,,,,,,,,,,,,,,,,,,,,,,,,,,,,,,,,,,,,,,
			NetIncomeExtraordinary,,,,,,,,,,,,,,,,,,,,,,,,,,,,,,,,,,,,,,,,,,,,,,,,,,,,,,,,,,,,,,,,,,,,,,,,,,,,,,,,,,,,,,,,,,,,,,,,,,,,,,,,,,,,,,,,,,,,,,"-3,500,000",,,,
			NetIncomeFromTaxLossCarryforward,,,,,,,,,,,,,,,,,,,,,,,,,,,,,,,,,,,,,,,,,,,,,,,,,,,,,,,,,,,,,,,,,,,,,,,,,,,,,,,,,,,"0","-10,000,000",,,,,,,,,,,"0","-23,000,000",,,"-300,000",,"-38,700,000",,,,,,,,,,,,,,"0",,,,"-6,100,000",,"-13,600,000",
		MinorityInterests,,,,,,,,,,,"0","0","0","0","0","0","2,000,000","8,000,000","5,000,000","2,000,000","3,000,000","1,000,000","3,000,000","2,000,000","2,000,000","1,000,000","1,000,000","1,000,000",,,,,,,,,,,,,,,,,,,,,,,,,,,,,,,,,,,,,,,,,,,,,,,,,,,,,,,,,,,,,,,,,,,,,,,,,,,,,,,,,,,,,,,,,,,,,,
DilutedNIAvailtoComStockholders,"1,613,000,000","286,000,000","743,000,000","239,000,000","345,000,000","103,000,000","160,000,000","-91,000,000","-431,000,000","-3,581,000,000","340,000,000","2,000,000","86,000,000","136,000,000","740,000,000","62,000,000","166,000,000","139,000,000","1,325,000,000","36,000,000","116,000,000","71,000,000","475,000,000","17,000,000","11,000,000","116,000,000","544,000,000","118,000,000","217,000,000","193,000,000","793,000,000","217,000,000","292,000,000","224,000,000","811,000,000","177,000,000","281,000,000","217,000,000","730,000,000","145,000,000","279,000,000","181,000,000","745,000,000","139,000,000","241,000,000","131,000,000","667,000,000","10,000,000","147,000,000","23,000,000","466,000,000","-35,000,000","7,000,000","-88,000,000","-4,773,000,000","-44,000,000","73,000,000","-59,000,000","750,000,000","33,000,000","74,000,000","36,000,000","733,000,000","-3,000,000","317,000,000","-52,000,000","699,000,000","436,000,000","148,000,000","123,000,000","440,000,000","74,000,000","78,000,000","96,000,000","460,000,000","67,000,000","120,000,000","46,000,000","341,000,000","106,000,000","282,000,000","89,000,000","-447,000,000","3,000,000","110,000,000","58,000,000","332,000,000","-668,000,000","63,000,000","89,000,000","448,000,000","123,000,000","137,000,000","87,000,000","408,000,000","87,000,000","107,000,000","60,000,000","379,200,000","105,100,000","27,700,000","24,100,000","289,200,000","41,800,000","-27,200,000","-37,900,000","244,900,000","-46,400,000","-66,900,000","-57,000,000","107,300,000","44,300,000","3,800,000","32,200,000","146,000,000","20,300,000","8,900,000","18,200,000","99,000,000","31,600,000","-29,400,000","11,800,000"
BasicEPS,,"1.01",,"0.78","1.11","0.33","0.51","-0.29","-1.39","-11.53","1.1","0.01","0.28","0.44",,"0.2","0.54","0.45","4.34","0.12","0.38","0.23","1.56","0.05","0.03","0.37","1.74","0.36","0.65","0.57",,"0.62","0.81","0.61","2.21","0.47","0.73","0.56",,"0.36","0.68","0.43",,"0.33","0.56","0.31",,"0.02","0.35","0.05",,"-0.08","0.02","-0.21",,"-0.1","0.17","-0.14",,"0.08","0.16","0.08",,"-0.01","0.57","-0.09",,"0.91","0.435","0.365",,"0.215","0.22","0.265",,"0.185","0.325","0.12",,"0.27","0.7","0.22",,"0.01","0.28","0.15",,"-1.66","0.155","0.21",,"0.295","0.325","0.21",,"0.21","0.255","0.145",,"0.25","0.065","0.06",,"0.1","-0.065","-0.09",,"-0.12","-0.185","-0.155",,"0.175","0.015","0.125",,"0.08","0.035","0.07",,"0.125","-0.13","0.075"
DilutedEPS,,"0.98",,"0.76","1.08","0.32","0.5","-0.29","-1.39","-11.53","1.09","0.01","0.28","0.44",,"0.2","0.53","0.45","4.31","0.12","0.38","0.23","1.54","0.05","0.03","0.37","1.73","0.36","0.64","0.56",,"0.61","0.8","0.6","2.16","0.47","0.72","0.55",,"0.36","0.67","0.43",,"0.32","0.55","0.3",,"0.02","0.35","0.05",,"-0.08","0.02","-0.21",,"-0.1","0.17","-0.14",,"0.08","0.16","0.08",,"-0.01","0.57","-0.09",,"0.895","0.42","0.355",,"0.21","0.215","0.26",,"0.18","0.32","0.12",,"0.27","0.695","0.215",,"0.01","0.275","0.145",,"-1.66","0.15","0.205",,"0.28","0.305","0.2",,"0.2","0.235","0.135",,"0.235","0.065","0.055",,"0.1","-0.065","-0.09",,"-0.12","-0.185","-0.155",,"0.175","0.015","0.125",,"0.08","0.035","0.07",,"0.125","-0.13","0.075"
BasicAverageShares,,"283,600,000",,"306,900,000","312,400,000","311,600,000","311,400,000","311,200,000","311,200,000","310,600,000","309,900,000","309,900,000","309,800,000","309,100,000",,"307,200,000","307,700,000","306,600,000","305,600,000","305,500,000","305,500,000","305,000,000","305,500,000","308,400,000","309,400,000","310,600,000","312,200,000","325,300,000","335,700,000","340,700,000",,"351,600,000","359,200,000","365,900,000","367,700,000","374,800,000","382,500,000","388,200,000",,"401,300,000","411,200,000","417,100,000",,"425,300,000","427,500,000","425,100,000",,"423,500,000","423,000,000","422,600,000",,"421,800,000","421,500,000","421,400,000",,"42,563,487","421,100,000","420,900,000",,"434,200,000","451,900,000","468,200,000",,"541,700,000","556,140,351","577,777,778",,"478,600,000","340,229,885","336,986,301",,"344,000,000","354,545,455","362,264,151",,"365,200,000","369,230,769","383,333,333",,"390,000,000","402,857,143","404,545,455",,"384,600,000","392,857,143","386,666,667",,"401,000,000","406,451,613","423,809,524",,"416,949,153","421,538,462","414,285,714",,"414,285,714","419,607,843","413,793,103",,"420,400,000","426,153,846","401,666,667",,"418,000,000","418,461,538","421,111,111",,"386,666,667","361,621,622","367,741,935",,"253,142,857","253,333,333","257,600,000",,"253,750,000","254,285,714","260,000,000",,"252,800,000","226,153,846","252,040,000"
DilutedAverageShares,,"290,900,000",,"313,800,000","318,600,000","318,600,000","316,600,000","311,200,000","311,200,000","310,600,000","311,500,000","311,000,000","311,600,000","311,400,000",,"307,200,000","312,000,000","309,400,000","307,400,000","306,500,000","306,500,000","306,900,000","307,800,000","310,600,000","311,300,000","313,500,000","314,800,000","329,700,000","341,000,000","346,500,000",,"357,700,000","365,400,000","372,600,000","375,100,000","380,200,000","389,300,000","394,500,000",,"407,900,000","417,100,000","423,700,000",,"431,800,000","434,600,000","430,000,000",,"427,600,000","426,500,000","426,200,000",,"421,800,000","422,100,000","421,400,000",,"42,563,487","422,100,000","420,900,000",,"438,100,000","457,800,000","476,400,000",,"549,900,000","556,140,351","577,777,778",,"487,000,000","352,380,952","346,478,873",,"348,800,000","362,790,698","369,230,769",,"371,400,000","375,000,000","383,333,333",,"391,800,000","405,755,396","413,953,488",,"389,200,000","400,000,000","400,000,000",,"402,200,000","420,000,000","434,146,341",,"439,285,714","449,180,328","435,000,000",,"435,000,000","455,319,149","444,444,444",,"447,234,043","426,153,846","438,181,818",,"418,000,000","418,461,538","421,111,111",,"386,666,667","361,621,622","367,741,935",,"253,142,857","253,333,333","257,600,000",,"253,750,000","254,285,714","260,000,000",,"252,800,000","226,153,846","252,040,000"
TotalOperatingIncomeAsReported,"2,598,000,000","463,000,000","1,015,000,000","523,000,000","597,000,000","215,000,000","401,000,000","-127,000,000","-631,000,000","-4,119,000,000","559,000,000","52,000,000","155,000,000","203,000,000","1,050,000,000","147,000,000","303,000,000","238,000,000","1,213,000,000","121,000,000","254,000,000","220,000,000","815,000,000","107,000,000","117,000,000","276,000,000","936,000,000","258,000,000","436,000,000","409,000,000","1,364,000,000","422,000,000","571,000,000","443,000,000","1,349,000,000","360,000,000","534,000,000","435,000,000","1,391,000,000","325,000,000","554,000,000","391,000,000","1,284,000,000","291,000,000","506,000,000","330,000,000","1,144,000,000","177,000,000","370,000,000","203,000,000","874,000,000","55,000,000","248,000,000","-114,000,000","-4,735,000,000","68,000,000","259,000,000","30,000,000","1,222,000,000","183,000,000","250,000,000","208,000,000","1,260,000,000","134,000,000","422,000,000","20,000,000","1,180,000,000","701,000,000","291,000,000","252,000,000","763,000,000","175,000,000","245,000,000","216,000,000","758,000,000","173,000,000","264,000,000","146,000,000","634,000,000","188,000,000","300,000,000","221,000,000","570,000,000","126,000,000","211,000,000","197,000,000","-127,000,000","204,000,000","220,000,000","253,000,000","856,000,000","302,000,000","318,000,000","225,000,000","750,000,000","257,000,000","267,000,000","181,000,000","713,100,000","268,000,000","211,800,000","148,100,000","883,500,000","187,300,000","75,700,000","55,300,000","627,700,000","144,100,000","116,400,000","94,100,000","316,700,000","129,300,000","86,000,000","103,400,000","287,700,000","103,000,000","58,400,000","83,100,000","222,800,000","99,500,000","27,200,000","80,200,000"
TotalExpenses,"23,476,000,000","5,110,000,000","7,936,000,000","5,180,000,000","5,251,000,000","4,637,000,000","6,542,000,000","4,295,000,000","4,116,000,000","4,099,000,000","7,775,000,000","5,308,000,000","5,572,000,000","5,515,000,000","7,826,000,000","5,481,000,000","5,484,000,000","5,465,000,000","7,636,000,000","5,170,000,000","5,290,000,000","5,118,000,000","7,453,000,000","5,457,000,000","5,494,000,000","5,482,000,000","7,756,000,000","5,505,000,000","5,668,000,000","5,823,000,000","7,913,000,000","5,773,000,000","5,696,000,000","5,836,000,000","7,765,000,000","5,916,000,000","5,532,000,000","5,952,000,000","7,954,000,000","5,750,000,000","5,564,000,000","5,752,000,000","7,465,000,000","5,562,000,000","5,321,000,000","5,559,000,000","7,125,000,000","5,446,000,000","5,167,000,000","5,371,000,000","6,584,000,000","5,222,000,000","4,916,000,000","5,313,000,000","12,669,000,000","5,409,000,000","5,433,000,000","5,630,000,000","7,303,000,000","5,706,000,000","5,545,000,000","5,677,000,000","7,732,000,000","5,635,000,000","5,530,000,000","5,787,000,000","8,224,000,000","5,021,000,000","3,332,000,000","3,389,000,000","4,311,000,000","3,316,000,000","3,303,000,000","3,301,000,000","4,295,000,000","3,313,000,000","3,170,000,000","3,145,000,000","4,383,000,000","3,291,000,000","3,186,000,000","3,232,000,000","3,668,000,000","3,626,000,000","3,493,000,000","3,602,000,000","5,315,000,000","3,991,000,000","3,845,000,000","3,779,000,000","4,800,000,000","3,940,000,000","3,793,000,000","3,482,000,000","4,457,000,000","3,390,000,000","3,256,000,000","3,275,000,000","4,346,700,000","3,478,300,000","3,241,000,000","3,261,000,000","4,151,500,000","3,421,800,000","3,208,500,000","3,245,400,000","4,637,200,000","3,604,300,000","2,930,800,000","2,893,900,000","2,822,700,000","1,797,500,000","1,510,100,000","1,550,200,000","2,059,800,000","1,686,300,000","1,443,900,000","1,507,200,000","2,039,200,000","1,689,500,000","1,430,000,000","1,491,500,000"
NetIncomeFromContinuingAndDiscontinuedOperation,"1,613,000,000","286,000,000","743,000,000","239,000,000","345,000,000","103,000,000","160,000,000","-91,000,000","-431,000,000","-3,581,000,000","340,000,000","2,000,000","86,000,000","136,000,000","740,000,000","62,000,000","166,000,000","139,000,000","1,325,000,000","36,000,000","116,000,000","71,000,000","475,000,000","17,000,000","11,000,000","116,000,000","544,000,000","118,000,000","217,000,000","193,000,000","793,000,000","217,000,000","292,000,000","224,000,000","811,000,000","177,000,000","281,000,000","217,000,000","730,000,000","145,000,000","279,000,000","181,000,000","745,000,000","139,000,000","241,000,000","131,000,000","667,000,000","10,000,000","147,000,000","23,000,000","466,000,000","-35,000,000","7,000,000","-88,000,000","-4,773,000,000","-44,000,000","73,000,000","-59,000,000","750,000,000","33,000,000","74,000,000","36,000,000","733,000,000","-3,000,000","317,000,000","-52,000,000","699,000,000","436,000,000","148,000,000","123,000,000","440,000,000","74,000,000","78,000,000","96,000,000","460,000,000","67,000,000","120,000,000","46,000,000","341,000,000","106,000,000","282,000,000","89,000,000","-447,000,000","13,000,000","110,000,000","58,000,000","332,000,000","-668,000,000","63,000,000","89,000,000","448,000,000","123,000,000","137,000,000","87,000,000","408,000,000","110,000,000","107,000,000","60,000,000","379,500,000","105,100,000","66,400,000","24,100,000","289,200,000","41,800,000","-27,200,000","-37,900,000","244,900,000","-46,400,000","-66,900,000","-57,000,000","107,300,000","44,300,000","3,800,000","32,200,000","146,000,000","20,300,000","8,900,000","21,700,000","105,100,000","31,600,000","-15,800,000","11,800,000"
NormalizedIncome,"1,697,533,994.334","283,813,000","727,110,997.963","348,755,000","344,233,000","120,688,000","228,620,000","-78,590,000","-254,340,000","-853,352,000","546,726,057.906","-2,000,000","82,295,000","100,972,000","622,795,031.056","29,318,000","146,032,000","135,420,000","1,160,750,000","12,864,000","87,290,000","72,800,000","624,120,879.121","17,000,000","160,400,000","116,000,000","658,010,676.157","190,594,000","217,000,000","193,000,000","793,000,000","217,000,000","292,000,000","224,000,000","811,000,000","177,000,000","281,000,000","217,000,000","730,000,000","145,000,000","279,000,000","181,000,000","745,000,000","139,000,000","241,000,000","131,000,000","667,000,000","10,000,000","147,000,000","23,000,000","713,899,319.728","-35,000,000","7,000,000","-88,000,000","708,415,744.157","-33,600,000","118,851,239.669","-2,450,000","797,651,933.702","47,763,157.895","137,522,123.894","74,554,216.867","864,805,945.5","98,000,000","152,786,377.709","3,135,593.22","628,974,358.974","108,250,000","148,000,000","123,000,000","440,000,000","74,000,000","78,000,000","96,000,000","460,000,000","67,000,000","120,000,000","46,000,000","341,000,000","75,000,000","133,000,000","89,000,000","422,025,782.689","26,800,000","137,747,747.748","74,200,000","411,825,136.612","88,495,726.496","63,000,000","89,000,000","448,000,000","123,000,000","137,000,000","85,200,000","406,800,000","108,800,000","105,800,000","56,400,000","374,344,574.077","99,640,000","62,140,000","17,920,000","473,094,832.041","35,140,000","-34,971,428.571","-45,214,035.088","286,900,000","-30,080,000","1,651,036.525","-10,058,823.529","135,860,000","37,760,000","13,640,000","25,600,000","138,920,000","12,680,000","1,640,000","14,020,000","97,780,000","23,980,000","-26,122,666.667","-740,000"
InterestIncome,"5,000,000","1,000,000","3,000,000","0","0","0","5,000,000","0","1,000,000","2,000,000","9,000,000","4,000,000","5,000,000","7,000,000","15,000,000","5,000,000","7,000,000","5,000,000","13,000,000","2,000,000","3,000,000","2,000,000","23,000,000","1,000,000","1,000,000","1,000,000","22,000,000","0","1,000,000","0","12,000,000","1,000,000","1,000,000","0","15,000,000","1,000,000","1,000,000","0","20,000,000","1,000,000","0","1,000,000","24,000,000","1,000,000","1,000,000","1,000,000","1,000,000","2,000,000","1,000,000","1,000,000","0","2,000,000","2,000,000","2,000,000",,,,,,,,,,,,,,,,,,,,,,,,,,,,,,,,,,,,,,,,,,,,,,,,,,,,,,,,,,,,,,,,,,,,
InterestExpense,"228,000,000","48,000,000","47,000,000","53,000,000","80,000,000","79,000,000","89,000,000","80,000,000","70,000,000","49,000,000","51,000,000","52,000,000","52,000,000","54,000,000","64,000,000","64,000,000","69,000,000","71,000,000","86,000,000","76,000,000","82,000,000","86,000,000","110,000,000","82,000,000","98,000,000","99,000,000","115,000,000","80,000,000","94,000,000","95,000,000","109,000,000","97,000,000","101,000,000","100,000,000","114,000,000","97,000,000","97,000,000","97,000,000","122,000,000","104,000,000","105,000,000","113,000,000","132,000,000","109,000,000","112,000,000","117,000,000","119,000,000","166,000,000","131,000,000","163,000,000","139,000,000","139,000,000","141,000,000","143,000,000",,,,,,,,,,,,,,,,,,,,,,,,,,,,,,,,,,,,,,,,,,,,,,,,,,,,,,,,,,,,,,,,,,,,
NetInterestIncome,"-223,000,000","-47,000,000","-44,000,000","-53,000,000","-80,000,000","-79,000,000","-85,000,000","-80,000,000","-72,000,000","-47,000,000","-42,000,000","-48,000,000","-47,000,000","-47,000,000","-49,000,000","-59,000,000","-62,000,000","-66,000,000","-73,000,000","-74,000,000","-79,000,000","-84,000,000","-87,000,000","-81,000,000","-97,000,000","-98,000,000","-93,000,000","-80,000,000","-93,000,000","-95,000,000","-97,000,000","-96,000,000","-100,000,000","-100,000,000","-99,000,000","-96,000,000","-96,000,000","-97,000,000","-102,000,000","-103,000,000","-105,000,000","-112,000,000","-108,000,000","-108,000,000","-111,000,000","-116,000,000","-118,000,000","-164,000,000","-130,000,000","-162,000,000","-139,000,000","-137,000,000","-139,000,000","-141,000,000",,,,,,,,,,,,,,,,,,,,,,,,,,,,,,,,,,,,,,,,,,,,,,,,,,,,,,,,,,,,,,,,,,,,
EBIT,"2,346,000,000","440,000,000","1,029,000,000","347,000,000","530,000,000","219,000,000","403,000,000","-137,000,000","-659,000,000","-4,108,000,000","500,000,000","52,000,000","168,000,000","217,000,000","1,030,000,000","138,000,000","266,000,000","254,000,000","1,237,000,000","123,000,000","259,000,000","219,000,000","838,000,000","108,000,000","118,000,000","277,000,000","958,000,000","258,000,000","437,000,000","409,000,000","1,359,000,000","423,000,000","572,000,000","443,000,000","1,364,000,000","361,000,000","535,000,000","435,000,000","1,274,000,000","326,000,000","554,000,000","392,000,000","1,308,000,000","292,000,000","507,000,000","331,000,000","1,145,000,000","179,000,000","371,000,000","204,000,000","874,000,000","57,000,000","250,000,000","-112,000,000","-4,735,000,000","84,000,000","285,000,000","117,000,000","1,291,000,000","200,000,000","347,000,000","244,000,000","1,427,000,000","251,000,000","465,000,000","153,000,000","1,117,000,000","764,000,000","291,000,000","252,000,000","763,000,000","175,000,000","245,000,000","216,000,000","758,000,000","173,000,000","264,000,000","146,000,000","634,000,000","188,000,000","300,000,000","221,000,000","654,000,000","149,000,000","239,000,000","224,000,000","800,000,000","204,000,000","220,000,000","253,000,000","856,000,000","302,000,000","318,000,000","225,000,000","750,000,000","257,000,000","267,000,000","181,000,000","713,100,000","268,000,000","211,800,000","148,100,000","883,500,000","187,300,000","75,700,000","55,300,000","627,700,000","144,100,000","116,400,000","94,100,000","316,700,000","129,300,000","86,000,000","103,400,000","287,700,000","103,000,000","58,400,000","83,100,000","222,800,000","99,500,000","27,200,000","80,200,000"
EBITDA,"3,202,000,000"
ReconciledCostOfRevenue,"15,298,000,000","3,231,000,000","5,507,000,000","3,207,000,000","3,353,000,000","2,889,000,000","4,498,000,000","2,569,000,000","2,718,000,000","2,501,000,000","5,266,000,000","3,106,000,000","3,395,000,000","3,403,000,000","5,288,000,000","3,226,000,000","3,320,000,000","3,382,000,000","5,358,000,000","3,175,000,000","3,313,000,000","3,306,000,000","5,251,000,000","3,386,000,000","3,468,000,000","3,516,000,000","5,549,000,000","3,537,000,000","3,610,000,000","3,800,000,000","5,589,000,000","3,766,000,000","3,672,000,000","3,836,000,000","5,464,000,000","3,817,000,000","3,533,000,000","3,911,000,000","5,554,000,000","3,672,000,000","3,555,000,000","3,757,000,000","5,151,000,000","3,544,000,000","3,457,000,000","3,586,000,000","4,855,000,000","3,377,000,000","3,214,000,000","3,378,000,000","4,577,000,000","3,156,000,000","3,021,000,000","3,219,000,000","4,812,000,000","3,324,000,000","3,346,000,000","3,527,000,000","5,021,000,000","3,585,000,000","3,507,000,000","3,564,000,000","5,419,000,000","3,541,000,000","3,604,000,000","3,633,000,000","5,549,000,000","3,446,000,000","2,126,000,000","2,176,000,000","3,001,000,000","2,100,000,000","2,091,000,000","2,105,000,000","2,981,000,000","2,091,000,000","2,025,000,000","2,002,000,000","3,014,000,000","2,112,000,000","2,051,000,000","2,078,000,000","2,670,000,000","2,297,000,000","2,258,000,000","2,306,000,000","3,436,000,000","2,328,000,000","2,195,000,000","2,208,000,000","3,036,000,000","2,350,000,000","2,220,000,000","2,092,000,000","3,025,000,000","2,069,000,000","1,942,000,000","1,949,000,000","2,954,300,000","2,134,900,000","1,947,200,000","1,934,600,000","2,950,700,000","2,048,200,000","1,853,800,000","1,875,400,000","3,164,000,000","2,189,100,000","1,742,100,000","1,702,800,000","1,842,100,000","1,114,200,000","906,900,000","941,300,000","1,370,900,000","1,016,900,000","840,600,000","888,500,000","1,241,100,000","1,022,200,000","820,800,000","1,058,400,000"
ReconciledDepreciation,"856,000,000","206,000,000","206,000,000","224,000,000","220,000,000","224,000,000","237,000,000","250,000,000","235,000,000","237,000,000","256,000,000","253,000,000","236,000,000","236,000,000","244,000,000","248,000,000","235,000,000","235,000,000","250,000,000","254,000,000","244,000,000","243,000,000","271,000,000","267,000,000","260,000,000","260,000,000","270,000,000","271,000,000","261,000,000","259,000,000","266,000,000","263,000,000","254,000,000","253,000,000","259,000,000","257,000,000","253,000,000","251,000,000","267,000,000","269,000,000","257,000,000","256,000,000","267,000,000","282,000,000","268,000,000","268,000,000","285,000,000","290,000,000","288,000,000","287,000,000","305,000,000","301,000,000","301,000,000","303,000,000","301,000,000","334,000,000","308,000,000","308,000,000","320,000,000","314,000,000","319,000,000","320,000,000","319,000,000","304,000,000","289,000,000","304,000,000","314,000,000","286,000,000","179,000,000","179,000,000","205,000,000","179,000,000","181,000,000","178,000,000","182,000,000","177,000,000","174,000,000","180,000,000","180,000,000","168,000,000","170,000,000","167,000,000","138,000,000","191,000,000","183,000,000","184,000,000","182,000,000","187,000,000","184,000,000","187,000,000","189,000,000","193,000,000","189,000,000","174,000,000","155,000,000","160,000,000","159,000,000","157,000,000","154,300,000","152,000,000","151,500,000","152,200,000","137,900,000","141,700,000","141,800,000","139,200,000","138,400,000","139,500,000","120,800,000","121,100,000","119,900,000","71,700,000","68,400,000","66,800,000","65,800,000","64,800,000","63,100,000","63,100,000","112,100,000","52,500,000","51,400,000","50,700,000"
NetIncomeFromContinuingOperationNetMinorityInterest,"1,613,000,000","286,000,000","743,000,000","239,000,000","345,000,000","103,000,000","160,000,000","-91,000,000","-431,000,000","-3,581,000,000","340,000,000","2,000,000","86,000,000","136,000,000","740,000,000","62,000,000","166,000,000","139,000,000","1,325,000,000","36,000,000","116,000,000","71,000,000","475,000,000","17,000,000","11,000,000","116,000,000","544,000,000","118,000,000","217,000,000","193,000,000","793,000,000","217,000,000","292,000,000","224,000,000","811,000,000","177,000,000","281,000,000","217,000,000","730,000,000","145,000,000","279,000,000","181,000,000","745,000,000","139,000,000","241,000,000","131,000,000","667,000,000","10,000,000","147,000,000","23,000,000","466,000,000","-35,000,000","7,000,000","-88,000,000","-4,773,000,000","-44,000,000","73,000,000","-59,000,000","750,000,000","33,000,000","74,000,000","52,000,000","760,000,000","20,000,000","282,000,000","-74,000,000","669,000,000","433,000,000","148,000,000","123,000,000","440,000,000","74,000,000","78,000,000","96,000,000","460,000,000","67,000,000","120,000,000","46,000,000","341,000,000","75,000,000","133,000,000","89,000,000","337,000,000","13,000,000","110,000,000","58,000,000","332,000,000","-668,000,000","63,000,000","89,000,000","448,000,000","123,000,000","137,000,000","87,000,000","408,000,000","110,000,000","107,000,000","60,000,000","379,500,000","105,100,000","66,400,000","24,100,000","289,200,000","41,800,000","-27,200,000","-37,900,000","244,900,000","-46,400,000","-66,900,000","-57,000,000","107,300,000","44,300,000","3,800,000","32,200,000","146,000,000","20,300,000","8,900,000","21,700,000","105,100,000","31,600,000","-15,800,000","11,800,000"
TotalUnusualItemsExcludingGoodwill,"-111,000,000","3,000,000","21,000,000","-135,000,000","1,000,000","-24,000,000","-94,000,000","-17,000,000","-242,000,000","-3,168,000,000","-273,000,000","4,000,000","5,000,000","42,000,000","153,000,000","39,000,000","24,000,000","5,000,000","225,000,000","32,000,000","45,000,000","-3,000,000","-230,000,000","0","-249,000,000",,"-177,000,000","-111,000,000",,,,,,,"-88,000,000",,,,,,,,,,,,"0","0","0","0","-391,000,000","0","0",,"-5,602,000,000","-16,000,000","-76,000,000","-87,000,000","-69,000,000","-17,000,000","-97,000,000","-36,000,000","-167,000,000","-117,000,000","148,000,000","-123,000,000","63,000,000","417,000,000",,,,,,,,,,,,,,,"-137,000,000","-23,000,000","-28,000,000","-27,000,000","-132,000,000","-795,000,000",,,,,,"3,000,000","2,000,000","2,000,000","2,000,000","6,000,000","8,500,000","9,100,000","7,100,000","10,300,000","-295,300,000","11,100,000","11,400,000","11,000,000","-70,000,000","-27,200,000","-103,800,000","-71,400,000","-47,600,000","10,900,000","-16,400,000","11,000,000","11,800,000","12,700,000","12,100,000","12,800,000","12,200,000","12,700,000","14,700,000","20,900,000"
TotalUnusualItems,"-111,000,000","3,000,000","21,000,000","-135,000,000","1,000,000","-24,000,000","-94,000,000","-17,000,000","-242,000,000","-3,168,000,000","-273,000,000","4,000,000","5,000,000","42,000,000","153,000,000","39,000,000","24,000,000","5,000,000","225,000,000","32,000,000","45,000,000","-3,000,000","-230,000,000","0","-249,000,000",,"-177,000,000","-111,000,000",,,,,,,"-88,000,000",,,,,,,,,,,,"0","0","0","0","-391,000,000","0","0",,"-5,602,000,000","-16,000,000","-76,000,000","-87,000,000","-69,000,000","-17,000,000","-97,000,000","-36,000,000","-167,000,000","-117,000,000","148,000,000","-123,000,000","63,000,000","417,000,000",,,,,,,,,,,,,,,"-137,000,000","-23,000,000","-28,000,000","-27,000,000","-132,000,000","-795,000,000",,,,,,"3,000,000","2,000,000","2,000,000","2,000,000","6,000,000","8,500,000","9,100,000","7,100,000","10,300,000","-295,300,000","11,100,000","11,400,000","11,000,000","-70,000,000","-27,200,000","-103,800,000","-71,400,000","-47,600,000","10,900,000","-16,400,000","11,000,000","11,800,000","12,700,000","12,100,000","12,800,000","12,200,000","12,700,000","14,700,000","20,900,000"
NormalizedEBITDA,"3,313,000,000","643,000,000","1,214,000,000","706,000,000","749,000,000","467,000,000","734,000,000","130,000,000","-182,000,000","-703,000,000","1,029,000,000","301,000,000","399,000,000","411,000,000","1,121,000,000","347,000,000","477,000,000","484,000,000","1,262,000,000","345,000,000","458,000,000","465,000,000","1,339,000,000","375,000,000","627,000,000","537,000,000","1,405,000,000","640,000,000","698,000,000","668,000,000","1,625,000,000","686,000,000","826,000,000","696,000,000","1,623,000,000","618,000,000","788,000,000","686,000,000","1,541,000,000","595,000,000","811,000,000","648,000,000","1,575,000,000","574,000,000","775,000,000","599,000,000","1,430,000,000","469,000,000","659,000,000","491,000,000","1,570,000,000","358,000,000","551,000,000","191,000,000","1,168,000,000","434,000,000","669,000,000","512,000,000","1,680,000,000","531,000,000","763,000,000","600,000,000","1,913,000,000","672,000,000","606,000,000","580,000,000","1,368,000,000","633,000,000","470,000,000","431,000,000","968,000,000","354,000,000","426,000,000","394,000,000","940,000,000","350,000,000","438,000,000","326,000,000","814,000,000","356,000,000","470,000,000","388,000,000","929,000,000","363,000,000","450,000,000","435,000,000","1,114,000,000","1,186,000,000","404,000,000","440,000,000","1,045,000,000","495,000,000","507,000,000","396,000,000","903,000,000","415,000,000","424,000,000","332,000,000","858,900,000","410,900,000","356,200,000","290,000,000","1,316,700,000","317,900,000","206,100,000","183,500,000","836,100,000","310,800,000","341,000,000","286,600,000","484,200,000","190,100,000","170,800,000","159,200,000","341,700,000","155,100,000","109,400,000","133,400,000","322,700,000","139,300,000","63,900,000","110,000,000"
TaxRateForCalcs,"0.238","0.271","0.243","0.187","0.233","0.263","0.27","0.27","0.27","0.139","0.243","0","0.259","0.166","0.234","0.162","0.168","0.284","0.27","0.277","0.362","0.4","0.352","0.4","0.4","0.354","0.356","0.346","0.366","0.385","0.366","0.335","0.379","0.347","0.351","0.33","0.359","0.358","0.366","0.345","0.381","0.349","0.366","0.24","0.39","0.388","0.35","0.231","0.388","0.35","0.366","0.35","0.35","0.35","0.022","0.35","0.397","0.35","0.309","0.132","0.345","0.373","0.372","0.333","0.127","0.373","0.365","0.221","0.376","0.379","0.383","0.383","0.381","0.385","0.34","0.4","0.397","0.395","0.395","0.348","0.4","0.395","0.379","0.4","0.009","0.4","0.395","0.048","0.4","0.4","0.4","0.4","0.4","0.4","0.4","0.4","0.4","0.4","0.393","0.4","0.4","0.4","0.377","0.4","0.318","0.335","0.4","0.4","0.34","0.343","0.4","0.4","0.4","0.4","0.4","0.4","0.4","0.4","0.4","0.4","0.298","0.4"
TaxEffectOfUnusualItems,"-26,466,005.666","813,000","5,110,997.963","-25,245,000","233,000","-6,312,000","-25,380,000","-4,590,000","-65,340,000","-440,352,000","-66,273,942.094","0","1,295,000","6,972,000","35,795,031.056","6,318,000","4,032,000","1,420,000","60,750,000","8,864,000","16,290,000","-1,200,000","-80,879,120.879","0","-99,600,000","0","-62,989,323.843","-38,406,000","0","0","0","0","0","0","0","0","0","0","0","0","0","0","0","0","0","0","0","0","0","0","-143,100,680.272","0","0","0","-120,584,255.843","-5,600,000","-30,148,760.331","-30,450,000","-21,348,066.298","-2,236,842.105","-33,477,876.106","-13,445,783.133","-62,194,054.5","-39,000,000","18,786,377.709","-45,864,406.78","22,974,358.974","92,250,000","0","0","0","0","0","0","0","0","0","0","0","0","0","0","-51,974,217.311","-9,200,000","-252,252.252","-10,800,000","-52,174,863.388","-38,504,273.504","0","0","0","0","0","1,200,000","800,000","800,000","800,000","2,400,000","3,344,574.077","3,640,000","2,840,000","4,120,000","-111,405,167.959","4,440,000","3,628,571.429","3,685,964.912","-28,000,000","-10,880,000","-35,248,963.475","-24,458,823.529","-19,040,000","4,360,000","-6,560,000","4,400,000","4,720,000","5,080,000","4,840,000","5,120,000","4,880,000","5,080,000","4,377,333.333","8,360,000"