name,ttm,03/31/2022,12/31/2021,09/30/2021,06/30/2021,03/31/2021,12/31/2020,09/30/2020,06/30/2020,03/31/2020,12/31/2019,09/30/2019,06/30/2019,03/31/2019,12/31/2018,09/30/2018,06/30/2018,03/31/2018,12/31/2017,09/30/2017,06/30/2017,03/31/2017,12/31/2016,09/30/2016,06/30/2016,03/31/2016,12/31/2015,09/30/2015,06/30/2015,03/31/2015,12/31/2014,09/30/2014,06/30/2014,03/31/2014,12/31/2013,09/30/2013,06/30/2013,03/31/2013,12/31/2012,09/30/2012,06/30/2012,03/31/2012,12/31/2011,09/30/2011,06/30/2011,03/31/2011,12/31/2010,09/30/2010,06/30/2010,03/31/2010,12/31/2009,09/30/2009,06/30/2009,03/31/2009,12/31/2008,09/30/2008,06/30/2008,03/31/2008,12/31/2007,09/30/2007,06/30/2007,03/31/2007,12/31/2006,09/30/2006,06/30/2006,03/31/2006,12/31/2005,09/30/2005,06/30/2005,03/31/2005,12/31/2004,09/30/2004,06/30/2004,03/31/2004,12/31/2003,09/30/2003,06/30/2003,03/31/2003,12/31/2002,09/30/2002,06/30/2002,03/31/2002,12/31/2001,09/30/2001,06/30/2001,03/31/2001,12/31/2000,09/30/2000,06/30/2000,03/31/2000,12/31/1999,09/30/1999,06/30/1999,03/31/1999,12/31/1998,09/30/1998,06/30/1998,03/31/1998,12/31/1997,09/30/1997,06/30/1997,03/31/1997,12/31/1996,09/30/1996,06/30/1996,03/31/1996,12/31/1995,09/30/1995,06/30/1995,03/31/1995,12/31/1994,09/30/1994,06/30/1994,03/31/1994
TotalRevenue,"873,157,000","216,144,000","229,403,000","212,137,000","215,473,000","190,424,000","194,643,000","185,844,000","178,587,000","226,952,000","241,841,000","231,127,000","227,972,000","226,522,000","246,874,000","242,198,000","234,545,000","236,734,000","256,743,000","242,451,000","247,423,000","247,045,000","272,000,000","253,367,000","259,904,000","256,000,000","320,758,000","326,262,000","322,794,000","318,335,000","322,909,000","263,492,000","254,337,000","264,512,000","256,568,000","266,556,000","256,977,000","262,782,000","251,163,000","215,669,000","204,545,000","214,729,000","207,576,000","202,683,000","190,940,000","191,069,000","203,885,000","190,679,000","181,881,000","182,114,000","192,161,000","200,296,000","205,915,000","210,779,000","239,234,000","225,807,000","209,297,000","210,944,000","244,927,000","223,984,000","215,788,000","211,671,000","203,252,000","212,106,000","207,834,000","212,656,000","224,203,000","205,423,000","186,384,000","151,379,000","166,584,000","128,363,000","128,796,000","123,668,000","138,126,000","117,363,000","117,712,000","114,957,000","121,323,000","101,543,000","79,108,000","76,950,000","93,232,000","82,887,000","80,691,000","77,763,000","91,596,000","76,937,000","76,255,000","75,303,000","67,844,000","89,500,000","86,000,000","84,200,000","77,761,000","78,000,000","65,600,000","62,600,000","67,514,000","49,900,000","53,100,000","50,700,000","41,159,000","38,500,000","38,700,000","36,500,000","29,900,000","27,100,000","24,900,000","23,900,000","27,700,000","22,900,000","20,500,000","19,800,000"
	OperatingRevenue,"838,284,000","209,817,000","220,927,000","203,922,000","203,618,000","185,103,000","188,996,000","181,510,000","175,584,000","217,694,000","234,016,000","224,238,000","220,141,000","221,188,000","227,123,000","228,678,000","221,656,000","222,925,000","241,408,000","230,750,000","233,904,000","231,781,000","255,657,000","241,319,000","242,115,000","242,852,000","302,089,000","311,785,000","307,473,000","305,332,000","302,321,000","252,878,000","243,743,000","254,082,000","242,096,000","255,550,000","245,479,000","249,006,000","205,617,000","215,669,000","204,545,000","214,729,000","207,576,000","202,683,000","190,940,000","191,069,000","203,885,000","190,679,000","181,881,000","182,114,000","192,161,000","200,296,000","205,915,000","210,779,000","239,234,000","225,807,000","209,297,000","210,944,000","244,927,000","223,984,000","215,788,000","211,671,000","203,252,000","212,106,000","207,834,000","212,656,000","224,203,000","205,423,000","186,384,000","151,379,000","166,584,000","128,363,000","128,796,000","123,668,000","138,126,000","117,363,000","117,712,000","114,957,000","121,323,000","101,543,000","78,208,000","76,950,000","93,232,000","82,887,000","80,691,000","77,763,000","91,596,000","76,937,000","76,255,000","75,303,000","67,844,000","89,500,000","86,000,000","84,200,000","77,761,000","78,000,000","65,600,000","62,600,000","61,100,000","49,900,000","53,100,000","50,700,000","44,500,000","38,500,000","38,700,000","36,500,000","29,900,000","27,100,000","24,900,000","23,900,000","27,700,000","22,900,000","20,500,000","19,800,000"
CostOfRevenue,"382,196,000","97,476,000","103,910,000","91,497,000","89,313,000","96,164,000","90,122,000","83,255,000","80,228,000","94,374,000","92,365,000","92,004,000","87,461,000","96,123,000","85,506,000","93,627,000","89,038,000","112,833,000","96,005,000","97,644,000","97,248,000","104,414,000","100,918,000","99,595,000","98,209,000","107,224,000","113,945,000","115,962,000","114,116,000","128,132,000","119,161,000","106,860,000","102,761,000","113,148,000","105,320,000","109,220,000","105,322,000","108,521,000","100,930,000","88,373,000","88,804,000","89,943,000","80,708,000","88,506,000","85,001,000","88,630,000","85,717,000","86,398,000","81,176,000","83,008,000","76,940,000","81,352,000","86,426,000","94,201,000","91,881,000","93,112,000","87,784,000",,,,,,,,,,,,,,,,,,,,,,,,,,,,,,,,,,,,,,,,,,,,,,,,,,,,,,,,,
GrossProfit,"490,961,000","118,668,000","125,493,000","120,640,000","126,160,000","94,260,000","104,521,000","102,589,000","98,359,000","132,578,000","149,476,000","139,123,000","140,511,000","130,399,000","161,368,000","148,571,000","145,507,000","123,901,000","160,738,000","144,807,000","150,175,000","142,631,000","171,082,000","153,772,000","161,695,000","148,776,000","206,813,000","210,300,000","208,678,000","190,203,000","203,748,000","156,632,000","151,576,000","151,364,000","151,248,000","157,336,000","151,655,000","154,261,000","150,233,000","127,296,000","115,741,000","124,786,000","126,868,000","114,177,000","105,939,000","102,439,000","118,168,000","104,281,000","100,705,000","99,106,000","115,221,000","118,944,000","119,489,000","116,578,000","147,353,000","132,695,000","121,513,000",,,,,,,,,,,,,,,,,,,,,,,,,,,,,,,,,,,,,,,,,,,,,,,,,,,,,,,,,
OperatingExpense,"334,420,000","79,718,000","87,329,000","83,064,000","84,309,000","86,483,000","86,194,000","86,194,000","88,536,000","89,034,000","89,885,000","88,072,000","86,974,000","88,429,000","92,574,000","87,242,000","103,193,000","87,956,000","93,000,000","88,434,000","90,701,000","91,536,000","94,368,000","93,906,000","92,871,000","95,560,000","114,245,000","124,174,000","126,883,000","129,040,000","124,590,000","95,080,000","92,924,000","95,534,000","93,569,000","97,301,000","99,026,000","99,184,000","90,182,000","77,283,000","77,142,000","80,357,000","73,037,000","72,486,000","69,204,000","72,270,000","69,881,000","67,347,000","63,555,000","66,733,000","81,714,000","68,900,000","68,388,000","70,169,000","97,390,000","69,518,000","60,946,000","152,370,000","156,441,000","153,902,000","152,109,000","148,837,000","126,090,000","143,807,000","144,258,000","146,822,000","146,122,000","141,888,000","128,836,000","39,621,000","113,404,000","42,179,000","49,804,000","80,161,000","86,536,000","69,739,000","70,140,000","65,612,000","66,970,000","58,930,000","46,792,000","43,740,000","49,414,000","46,193,000","46,044,000","41,937,000","46,935,000","41,037,000","40,960,000","39,897,000","286,198,000","-41,200,000","-39,300,000","-38,500,000","248,505,000","-39,400,000","-31,200,000","-30,400,000","196,795,000","-30,000,000","-26,400,000","-25,300,000","113,070,000","-20,400,000","-20,700,000","-18,800,000","-15,600,000","-14,800,000","-13,500,000","-13,400,000",,,,
	SellingGeneralAndAdministration,"28,831,000","6,862,000","7,691,000","7,599,000","6,679,000","8,087,000","7,687,000","7,589,000","8,242,000","6,821,000","5,799,000","5,285,000","4,589,000","6,961,000","5,746,000","5,439,000","4,956,000","8,019,000","7,032,000","5,287,000","7,458,000","8,463,000","4,977,000","6,930,000","7,681,000","8,629,000","7,210,000","6,688,000","7,550,000","8,422,000","12,073,000","5,339,000","5,123,000","6,877,000","9,100,000","5,955,000","6,693,000","6,024,000","5,177,000","5,063,000","5,655,000","4,518,000","5,237,000","4,490,000","3,742,000","7,644,000","4,999,000","4,546,000","3,642,000","7,518,000","8,944,000","7,085,000","4,648,000","5,258,000","5,101,000","2,881,000","4,135,000","4,403,000","4,823,000","1,992,000","4,412,000","5,373,000","3,992,000","2,551,000","3,292,000","3,698,000","2,169,000","3,420,000","3,865,000","2,652,000","2,993,000","2,788,000","2,271,000","3,024,000","1,892,000","2,811,000","3,684,000","2,336,000","3,711,000","1,015,000","2,012,000","1,533,000","2,302,000","963,000","1,832,000","1,682,000","1,477,000","851,000","1,712,000","1,469,000","1,388,000","1,200,000","1,400,000","1,400,000","1,273,000","900,000","1,200,000","1,000,000","659,000","900,000","400,000","800,000","478,000","500,000","600,000","800,000","300,000","500,000","500,000","700,000",,,,
		GeneralAndAdministrativeExpense,"28,831,000","6,862,000","7,691,000","7,599,000","6,679,000","8,087,000","7,687,000","7,589,000","8,242,000","6,821,000","5,799,000","5,285,000","4,589,000","6,961,000","5,746,000","5,439,000","4,956,000","8,019,000","7,032,000","5,287,000","7,458,000","8,463,000","4,977,000","6,930,000","7,681,000","8,629,000","7,210,000","6,688,000","7,550,000","8,422,000","12,073,000","5,339,000","5,123,000","6,877,000","9,100,000","5,955,000","6,693,000","6,024,000","5,187,000",,,,,,,,,,,,,,,,,,,"4,403,000","4,823,000","1,992,000","4,412,000","5,373,000",,"2,551,000","3,292,000","3,698,000","2,169,000","3,420,000","3,865,000","2,652,000","2,993,000","2,788,000","2,271,000","3,024,000","1,892,000","2,811,000","3,684,000","2,336,000","3,711,000","1,015,000","2,012,000","1,533,000","2,302,000","963,000","1,832,000","1,682,000","1,477,000","851,000","1,712,000","1,469,000","1,388,000","1,200,000","1,400,000","1,400,000","1,273,000","900,000","1,200,000","1,000,000","659,000","900,000","400,000","800,000","478,000","500,000","600,000","800,000","300,000","500,000","500,000","700,000",,,,
			SalariesAndWages,,,,,,,,,,,,,,,,,,,,,,,,,,,,,,,,,,,,,,,,,,,,,,,,,,,,,,,,,,"4,403,000","4,823,000","1,992,000","4,412,000","5,373,000",,"2,551,000","3,292,000","3,698,000","2,169,000","3,420,000","3,865,000","2,652,000","2,993,000","2,788,000","2,271,000","3,024,000","1,892,000","2,811,000","3,684,000","2,336,000","3,711,000","1,015,000","2,012,000","1,533,000","2,302,000","963,000","1,832,000","1,682,000","1,477,000","851,000","1,712,000","1,469,000","1,400,000","1,200,000","1,400,000","1,400,000","1,300,000","900,000","1,200,000","1,000,000","700,000","900,000","400,000","800,000","500,000","500,000","600,000","800,000","300,000","500,000","500,000","700,000",,,,
			OtherGandA,"28,831,000","6,862,000","7,691,000","7,599,000","6,679,000","8,087,000","7,687,000","7,589,000","8,242,000","6,821,000","5,799,000","5,285,000","4,589,000","6,961,000","5,746,000","5,439,000","4,956,000","8,019,000","7,032,000","5,287,000","7,458,000","8,463,000","4,977,000","6,930,000","7,681,000","8,629,000","7,210,000","6,688,000","7,550,000","8,422,000","12,073,000","5,339,000","5,123,000","6,877,000","9,100,000","5,955,000","6,693,000","6,024,000","5,187,000",,,,,,,,,,,,,,,,,,,,,,,,,,,,,,,,,,,,,,,,,,,,,,,,,,,,,,,,,,,,,,,,,,,,,,,,,,,
	DepreciationAmortizationDepletionIncomeStatement,"305,589,000","72,856,000","79,638,000","75,465,000","77,630,000","78,396,000","78,507,000","78,605,000","80,294,000","82,213,000","84,086,000","82,787,000","82,385,000","81,468,000","86,828,000","81,803,000","78,868,000","79,937,000","85,968,000","83,147,000","83,243,000","83,073,000","89,391,000","86,976,000","85,190,000","86,931,000","107,035,000","117,486,000","119,333,000","120,618,000","112,517,000","89,741,000","87,801,000","88,657,000","84,469,000","91,346,000","92,333,000","93,160,000","85,005,000","72,220,000","71,487,000","75,839,000","67,800,000","67,996,000","65,462,000","64,626,000","64,882,000","62,801,000","59,913,000","59,215,000","72,770,000","61,815,000","63,740,000","64,911,000","92,289,000","66,637,000","56,811,000","60,707,000","58,576,000","60,171,000","60,404,000","57,087,000","48,299,000","55,843,000","59,411,000","61,949,000","58,488,000","57,182,000","53,446,000","36,969,000","36,888,000","35,641,000","35,311,000","34,301,000","35,178,000","25,315,000","24,575,000","23,914,000","23,608,000","21,479,000","17,126,000","16,509,000","16,891,000","16,601,000","16,387,000","16,104,000","17,015,000","15,064,000","15,040,000","14,528,000",,,,,,,,,,,,,,,,,,,,,,,,
		DepreciationAndAmortizationInIncomeStatement,"305,589,000","72,856,000","79,638,000","75,465,000","77,630,000","78,396,000","78,507,000","78,605,000","80,294,000","82,213,000","84,086,000","82,787,000","82,385,000","81,468,000","86,828,000","81,803,000","78,868,000","79,937,000","85,968,000","83,147,000","83,243,000","83,073,000","89,391,000","86,976,000","85,190,000","86,931,000","107,035,000","117,486,000","119,333,000","120,618,000","112,517,000","89,741,000","87,801,000","88,657,000","84,469,000","91,346,000","92,333,000","93,160,000","85,005,000","72,220,000","71,487,000","75,839,000","67,800,000","67,996,000","65,462,000","64,626,000","64,882,000","62,801,000","59,913,000","59,215,000","72,770,000","61,815,000","63,740,000","64,911,000","92,289,000","66,637,000","56,811,000","60,707,000","58,576,000","60,171,000","60,404,000","57,087,000","48,299,000","55,843,000","59,411,000","61,949,000","58,488,000","57,182,000","53,446,000","36,969,000","36,888,000","35,641,000","35,311,000","34,301,000","35,178,000","25,315,000","24,575,000","23,914,000","23,608,000","21,479,000","17,126,000","16,509,000","16,891,000","16,601,000","16,387,000","16,104,000","17,015,000","15,064,000","15,040,000","14,528,000",,,,,,,,,,,,,,,,,,,,,,,,
	OtherTaxes,,,,,,,,,,,,,,,,,,,,,,,,,,,,,,,,,,,,,,,,,,,,,,,,,,,,,,,,,,,,,,,,,,,,,,,,,,,,,,,,,"-49,325,000",,,,,,,,,,,"-42,400,000","-40,700,000","-39,900,000",,"-40,300,000","-32,400,000","-31,400,000","-31,500,000","-30,900,000","-26,800,000","-26,100,000","-24,000,000","-20,900,000","-21,300,000","-19,600,000","-15,900,000","-15,300,000","-14,000,000","-14,100,000",,,,
	OtherOperatingExpenses,,,,,,,,,,,,,,,"0",,"19,369,000",,,,,,,,,,,,,,,,,,,,,,,,,,,,,,,,,,,,,,,,,"87,260,000","93,042,000","91,739,000","87,293,000","86,377,000","73,799,000","85,413,000","81,555,000","81,175,000","85,465,000","81,286,000","71,525,000",,"73,523,000","3,750,000","12,222,000","42,836,000","49,466,000","41,613,000","41,881,000","39,362,000","39,651,000","36,436,000","76,979,000","25,698,000","30,221,000","28,629,000","27,825,000","24,151,000","28,443,000","25,122,000","24,208,000","23,900,000",,,,,,,,,,,,,,,,,,,,,,,,
OperatingIncome,"156,541,000","38,950,000","38,164,000","37,576,000","41,851,000","7,777,000","18,327,000","16,395,000","9,823,000","43,544,000","59,591,000","51,051,000","53,537,000","41,970,000","68,794,000","61,329,000","42,314,000","35,945,000","67,738,000","56,373,000","59,474,000","51,095,000","76,714,000","59,866,000","68,824,000","53,216,000","92,568,000","86,126,000","81,795,000","61,163,000","79,158,000","61,552,000","58,652,000","55,830,000","57,679,000","60,035,000","52,629,000","55,077,000","60,051,000","50,013,000","38,599,000","44,429,000","53,831,000","41,691,000","36,735,000","30,169,000","48,287,000","36,934,000","37,150,000","32,373,000","33,507,000","50,044,000","51,101,000","46,409,000","49,963,000","63,177,000","60,567,000","58,574,000","88,486,000","70,082,000","63,679,000","62,834,000","77,162,000","68,299,000","63,576,000","65,834,000","78,081,000","63,535,000","57,548,000","111,758,000","53,180,000","86,184,000","78,992,000","43,507,000","51,590,000","47,624,000","47,572,000","49,345,000","54,353,000","42,613,000","32,316,000","33,210,000","43,818,000","36,694,000","34,647,000","35,826,000","44,661,000","35,900,000","35,295,000","35,406,000","-218,354,000","130,700,000","125,300,000","122,700,000","-170,744,000","117,400,000","96,800,000","93,000,000","-129,281,000","79,900,000","79,500,000","76,000,000","-71,911,000","58,900,000","59,400,000","55,300,000","45,500,000","41,900,000","38,400,000","37,300,000","69,100,000","22,900,000","20,500,000","19,800,000"
NetNonOperatingInterestIncomeExpense,"-190,644,000","-51,861,000","-43,533,000","-40,336,000","-54,914,000","-53,896,000","-10,258,000","-37,184,000","-20,034,000","-8,074,000","-47,989,000","-14,799,000","-37,109,000","-38,357,000","-46,485,000","-44,927,000","-38,915,000","-52,635,000","-44,889,000","-43,265,000","-42,321,000","-41,301,000","-42,721,000","-39,983,000","-41,195,000","-39,776,000","-48,805,000","-54,956,000","-54,896,000","-53,286,000","-50,748,000","-47,803,000","-45,800,000","-46,338,000","-38,528,000","-52,656,000","-54,439,000","-53,696,000","-48,335,000","-42,622,000","-43,297,000","-44,019,000","-45,103,000","-49,153,000","-49,032,000","-51,997,000","-53,507,000","-51,662,000","-52,238,000","-55,411,000","-59,414,000","-65,779,000","-71,914,000","-69,939,000","-71,717,000","-70,306,000","-68,506,000","-70,827,000",,,,,,,,,,,,,,,,,,,,,,,,,,,,,,,,,,,,,,,,,,,,,,,,,,,,,,,,
	InterestIncomeNonOperating,,,,,,,,,"32,807,000",,,,,,,,,,,,,,,,,,,,,,,,,,,,,,,,,,,,,,,,,,,,,,,,,,,,,,,,,,,,,,,,,,,,,,,,,,,,,,,,,,,,,,,,,,,,,,,,,,,,,,,,,
	InterestExpenseNonOperating,"190,644,000","51,861,000","43,533,000","40,336,000","54,914,000","53,896,000","10,258,000","37,184,000","52,841,000","8,074,000","47,989,000","14,799,000","37,109,000","38,357,000","46,485,000","44,927,000","38,915,000","52,635,000","44,889,000","43,265,000","42,321,000","41,301,000","42,721,000","39,983,000","41,195,000","39,776,000","48,805,000","54,956,000","54,896,000","53,286,000","50,748,000","47,803,000","45,800,000","46,338,000","38,528,000","52,656,000","54,439,000","53,696,000","48,335,000","42,622,000","43,297,000","44,019,000","45,103,000","49,153,000","49,032,000","51,997,000","53,507,000","51,662,000","52,238,000","55,411,000","59,414,000","65,779,000","71,914,000","69,939,000","71,717,000","70,306,000","68,506,000","70,827,000",,,,,,,,,,,,,,,,,,,,,,,,,,,,,,,,,,,,,,,,,,,,,,,,,,,,,,,,
OtherIncomeExpense,"87,151,000","-22,644,000","-22,139,000","115,826,000","16,108,000","-19,373,000","-212,676,000","-727,000","-18,040,000","-27,005,000","18,023,000","14,451,000","-1,802,000","5,576,000","-10,868,000","65,305,000","6,151,000","-20,640,000","31,507,000","8,989,000","12,336,000","61,531,000","4,827,000","-5,782,000","22,319,000","439,252,000","399,276,000","4,285,000","-11,436,000","17,855,000","1,501,638,000","24,306,000","2,236,000","9,980,000","-13,680,000","34,865,000","91,208,000","20,902,000","213,264,000","17,249,000","17,387,000","48,113,000","205,002,000","19,793,000","-10,469,000","19,441,000","19,728,000","21,506,000","12,698,000","15,075,000","16,267,000","18,710,000","21,683,000","39,173,000","-100,218,000","19,389,000","24,068,000","22,446,000","-50,768,000","17,927,000","21,249,000","13,866,000",,"18,129,000","17,320,000",,,"10,000",,,,,,,,"270,000","8,794,000","128,000",,,,"-152,000",,,"132,000",,,,,,,,,,,,,,,,,,,,,,,,,,,,,
	EarningsFromEquityInterest,"-15,318,000","-29,097,000","-4,523,000","-1,733,000","20,035,000","1,910,000","-10,050,000","-12,513,000","-14,173,000","9,698,000","14,426,000","14,582,000","7,257,000","12,243,000","20,443,000","18,789,000","15,669,000","16,872,000","28,774,000","23,993,000","16,936,000","15,843,000","19,404,000","11,261,000","14,616,000","11,660,000","16,979,000","10,817,000","9,094,000","8,274,000","16,019,000","16,935,000","13,903,000","13,769,000","22,103,000","35,161,000","92,201,000","18,115,000","10,657,000","19,315,000","18,691,000","30,618,000","219,156,000","20,039,000","25,207,000","30,275,000","27,621,000","19,687,000","15,762,000","16,459,000","18,513,000","19,165,000","14,556,000","15,926,000","26,659,000","19,928,000","24,946,000",,,,,,,,,,,,,,,,,,,,,,,,,,,,,,,,,,,,,,,,,,,,,,,,,,,,,,,,,
	SpecialIncomeCharges,"102,469,000","6,453,000","-17,616,000","117,559,000","-3,927,000","-21,283,000","-39,328,000","11,786,000","-3,867,000","-36,703,000","3,597,000","-131,000","-9,059,000","-6,667,000","-31,311,000","46,516,000","-9,518,000","-37,512,000","5,212,000","-11,854,000","-477,000","49,565,000","-10,702,000","-14,037,000","10,915,000","430,881,000","386,204,000","-3,578,000","-17,703,000","-10,392,000","64,294,000","-46,000","0","-358,000","-506,000","-6,000","1,943,000","4,828,000","4,462,000","-2,066,000","-1,304,000","17,495,000","-14,154,000","-246,000","-35,676,000","-10,834,000","-7,893,000","1,819,000","-3,064,000","-1,384,000","-2,246,000","-455,000","7,127,000","23,247,000","-126,877,000","-539,000","-878,000","22,446,000","-50,768,000","17,927,000","21,249,000","13,866,000",,"18,129,000","17,320,000",,,"10,000",,,,,,,,"270,000","8,794,000","128,000",,,,"-152,000",,,"132,000",,,,,,,,,,,,,,,,,,,,,,,,,,,,,
		RestructuringAndMergernAcquisition,,,,,,,,,,,,,,,,,,,,,,,,,"0","0","0","209,000","11,423,000","13,572,000","-1,424,640,000","-9,561,000","9,455,000","1,611,000","32,645,000","-1,763,000","798,000","-4,828,000","-164,065,000",,,,,,,,,,,,,,,,,,,,,,,,,,,,,,,,,,,,,,,,,,,,,,,,,,,,,,,,,,,,,,,,,,,,,,,,,,,
		ImpairmentOfCapitalAssets,,,,,,,,,,,,,,,,,,,,,,,,,,,,,,,,,,,,,,,,,,,,,,,,"-333,000",,,,,,,,,,,,,,,,,,,,,,,,,,,,,,,,,,,,,,,,,,,,,,,,,,,,,,,,,,,,,,,,,,
		WriteOff,,,,,,,,,,,,,,,,,,,,,,,,,,,,,,,,,,,,,,,,,,,,,,,,,"582,000","0",,,,,,,,,,,,,,,,,,,,,,,,,,,,,,,,,,,,,,,,,,,,,,,,,,,,,,,,,,,,,,,,
		OtherSpecialCharges,,,"0","1,007,000",,,,,,,"0",,,"351,000",,,,,,,,,"0","-5,284,000",,"3,575,000","-878,000","27,000","1,609,000","-2,245,000","9,146,000","46,000",,"358,000","506,000","6,000","-1,943,000",,,"2,066,000","1,304,000","-17,495,000",,"246,000","35,676,000","10,834,000",,"-1,819,000","2,482,000","1,384,000",,,,"-23,247,000",,,,,,,"-18,970,000","-12,114,000",,,,,,,,,,,,,,,,,,,,,,,,,,,,,,,,,,,,,,,,,,,,,,,,,,,,
		GainOnSaleOfPPE,"103,476,000","6,453,000","-17,616,000","118,566,000","-3,927,000","-21,283,000","-39,328,000","11,786,000","-3,867,000","-36,703,000","3,597,000","-131,000","-9,059,000","-6,316,000","-31,311,000","46,516,000","-9,518,000","-37,512,000","5,212,000","-11,854,000","-477,000","49,565,000","-10,702,000","-19,321,000","10,915,000","434,456,000","385,326,000","-3,342,000","-4,671,000","935,000","74,944,000",,"-9,455,000","-1,611,000",,,,"4,000",,,,,,,,,,,,,,,,,,,,,,,"2,279,000","1,752,000",,,,,,"10,000",,,,,,,,"270,000","8,794,000","128,000",,,,"-152,000",,,"132,000",,,,,,,,,,,,,,,,,,,,,,,,,,,,,
	OtherNonOperatingIncomeExpenses,,,,,,,"-163,298,000",,,,,,,,,,,,"-2,479,000","-3,150,000","-4,123,000","-3,877,000","-3,875,000","-3,006,000","-3,212,000","-3,289,000","-3,907,000","-2,954,000","-2,827,000","19,973,000","1,421,325,000","7,417,000","-11,667,000","-3,431,000","-35,277,000","-290,000","-2,936,000","2,787,000","162,004,000",,,,,,,,,,,,,,,,,,,,,,,,,,,,,,,,,,,,,,,,,,,,,,,,,,,,,,,,,,,,,,,,,,,,,,,,,,,
PretaxIncome,"53,048,000","-35,555,000","-27,508,000","113,066,000","3,045,000","-65,492,000","-204,607,000","-21,516,000","-28,251,000","8,465,000","29,625,000","50,703,000","14,626,000","9,189,000","11,441,000","81,707,000","9,550,000","-37,330,000","54,356,000","22,097,000","29,489,000","71,325,000","38,820,000","14,101,000","49,948,000","452,692,000","443,039,000","35,455,000","15,463,000","25,732,000","1,530,048,000","38,055,000","15,088,000","19,472,000","5,471,000","42,244,000","89,398,000","22,283,000","224,980,000","24,640,000","11,830,000","48,523,000","213,730,000","12,331,000","-22,766,000","2,569,000","40,234,000","6,778,000","-1,226,000","-7,963,000","152,297,000","2,975,000","870,000","15,643,000","100,377,000","12,260,000","16,129,000","10,193,000","53,665,000","28,027,000","22,667,000","9,145,000",,"16,273,000","10,374,000",,,,,,,,,,,,,,,,,,,,,,,,,,,,,,,,,,,,,,,,,,,,,,,,,
TaxProvision,"6,509,000","1,799,000","-2,504,000","107,000","7,107,000","2,238,000","237,000","1,106,000","-1,524,000","-266,000","-114,000","678,000","679,000","346,000","-1,805,000","466,000","684,000","-2,949,000","15,772,000","2,869,000","437,000","-3,484,000","-2,014,000","905,000","514,000","1,317,000","-1,146,000","-859,000","-283,000","-935,000","-510,000","-689,000","-2,898,000","-172,000","571,000","-543,000","-1,477,000","-243,000","-2,000,000","-934,000","-3,075,000","1,850,000","-299,000","-1,566,000","-1,768,000","2,478,000","14,454,000","-2,662,000","-1,375,000","-1,215,000","-3,883,000","302,000","-380,000","-801,000","1,876,000","-362,000","-689,000","301,000","8,000","429,000","-787,000","-120,000",,"535,000","218,000",,,,,,,,,,,,,,,,,,,,,,,,,,,,,,,,,,,,,,,,,,,,,,,,,
EarningsFromEquityInterestNetOfTax,,,,,,,,,,,,,,,,,,,,,,,,,,,,,,,,,,,,,,,,"21,964,000",,,,,,,,,,,,,,,,,,,,,,,,,,,,,,,,,,,,,,,,,,,,,,,,,,,,,,,,,,,,,,,,,,,,,,,,,,
NetIncomeCommonStockholders,"39,823,000","-37,405,000","-17,282,000","106,412,000","-11,979,000","-63,818,000","-190,632,000","-22,406,000","-25,413,000","7,200,000","26,570,000","46,074,000","15,443,000","7,543,000","11,467,000","73,750,000","7,512,000","-33,817,000","32,561,000","17,305,000","26,450,000","69,059,000","36,935,000","13,560,000","45,052,000","420,495,000","413,908,000","33,450,000","14,248,000","24,463,000","1,428,018,000","35,792,000","15,968,000","17,691,000","144,738,000","38,043,000","218,780,000","18,026,000","173,670,000","43,893,000","133,354,000","-14,068,000","163,107,000","12,941,000","-19,216,000","34,000","23,558,000","8,429,000","-440,000","-6,357,000","-14,376,000","142,838,000","-21,736,000","14,016,000","63,231,000","5,663,000","18,794,000","95,628,000","38,365,000","17,280,000","13,448,000","2,566,000","147,930,000","46,968,000","25,672,000","7,453,000","23,634,000","4,064,000","6,747,000","18,140,000","29,965,000","17,298,000","17,113,000","18,116,000","25,490,000","39,732,000","28,574,000","19,425,000","33,217,000","11,676,000","-1,277,000","17,350,000","35,520,000","9,268,000","6,826,000","6,419,000","16,881,000","7,169,000","7,597,000","6,326,000","83,973,000","9,200,000","9,000,000","8,900,000","13,728,000","4,600,000","7,300,000","6,900,000","7,246,000","1,800,000","6,100,000","6,800,000","5,511,000","4,700,000","4,300,000","4,400,000","4,100,000","2,800,000","2,100,000","2,300,000","3,000,000","2,500,000","2,600,000","2,200,000"
	NetIncome,"40,685,000","-37,182,000","-17,070,000","106,702,000","-11,765,000","-63,604,000","-190,418,000","-22,191,000","-25,116,000","7,522,000","26,891,000","46,371,000","15,734,000","7,824,000","11,749,000","74,028,000","7,816,000","-33,573,000","32,751,000","17,498,000","26,638,000","69,243,000","37,128,000","13,730,000","45,222,000","420,915,000","414,959,000","33,597,000","14,395,000","24,611,000","1,429,221,000","35,914,000","16,088,000","17,819,000","144,878,000","38,123,000","218,997,000","18,092,000","174,247,000","43,893,000","133,354,000","-14,068,000","163,107,000","12,941,000","-19,216,000","34,000","23,558,000","8,429,000","-440,000","-6,357,000","-14,376,000","142,838,000","-21,736,000","14,016,000","63,231,000","6,498,000","19,629,000","98,082,000","44,273,000","24,007,000","19,570,000","8,688,000","154,127,000","53,167,000","31,642,000","13,423,000","29,535,000","10,338,000","11,313,000","20,498,000","32,322,000","19,656,000","19,326,000","20,328,000","27,848,000","41,799,000","33,769,000","24,620,000","38,412,000","16,871,000","3,736,000","22,363,000","40,533,000","14,281,000","11,657,000","11,250,000","21,894,000","11,817,000","12,245,000","10,974,000","88,511,000","13,900,000","13,400,000","13,300,000","18,375,000","8,800,000","9,400,000","7,500,000","7,246,000","1,800,000","6,100,000","6,800,000","5,511,000","4,700,000","4,300,000","4,400,000","4,100,000","2,800,000","2,100,000","2,300,000","3,000,000","2,500,000","2,600,000","2,200,000"
		NetIncomeIncludingNoncontrollingInterests,"46,539,000","-37,354,000","-25,004,000","112,959,000","-4,062,000","-67,730,000","-204,844,000","-22,622,000","-26,727,000","8,731,000","29,739,000","50,025,000","13,947,000","8,843,000","13,246,000","81,241,000","8,866,000","-34,381,000","38,584,000","19,228,000","29,052,000","74,809,000","40,834,000","13,196,000","49,434,000","451,375,000","444,185,000","36,314,000","15,746,000","26,667,000","1,530,558,000","38,744,000","17,986,000","19,644,000","150,789,000","40,825,000","234,816,000","22,530,000","186,295,000","47,275,000","144,543,000","-11,723,000","175,640,000","14,256,000","-20,911,000","91,000","25,758,000","9,468,000","55,000","-6,861,000","-17,174,000","164,371,000","-24,366,000","16,421,000","42,631,000","7,442,000","22,687,000","114,680,000","51,013,000","27,077,000","21,968,000","9,155,000","181,817,000","62,068,000","36,412,000","14,883,000","34,900,000","11,744,000","12,793,000","24,697,000","39,542,000","23,836,000","23,396,000","24,728,000","33,842,000","52,013,000","26,215,000","29,765,000","58,601,000","16,871,000","4,129,000","27,936,000","52,192,000","17,246,000","13,906,000","13,378,000","27,340,000","14,118,000","14,628,000","13,013,000","136,646,000","10,600,000","10,100,000","10,100,000","38,977,000","7,200,000","6,200,000","4,500,000","25,013,000","900,000","2,900,000","3,600,000","2,611,000","1,900,000","1,700,000","1,700,000","1,600,000","600,000","400,000","500,000","-3,800,000","2,500,000","2,600,000","2,200,000"
			NetIncomeContinuousOperations,"46,539,000","-37,354,000","-25,004,000","112,959,000","-4,062,000","-67,730,000","-204,844,000","-22,622,000","-26,727,000","8,731,000","29,739,000","50,025,000","13,947,000","8,843,000","13,246,000","81,241,000","8,866,000","-34,381,000","38,584,000","19,228,000","29,052,000","74,809,000","40,834,000","13,196,000","49,434,000","451,375,000","444,185,000","36,314,000","15,746,000","26,667,000","1,530,558,000","38,744,000","17,986,000","19,644,000","4,900,000","42,787,000","90,875,000","22,526,000","186,377,000","47,538,000","14,905,000","46,673,000","214,029,000","13,897,000","-20,998,000","91,000","25,780,000","9,440,000","149,000","-6,748,000","-3,596,000","160,285,000","-24,355,000","16,444,000","70,643,000","7,498,000","17,307,000","9,892,000","50,353,000","27,745,000","23,454,000","9,265,000","40,722,000","15,738,000","10,156,000","13,949,000","34,163,000","11,022,000","12,142,000","23,422,000","27,307,000","23,809,000","23,016,000","24,619,000","34,371,000","29,162,000","38,526,000","29,931,000","39,822,000","21,895,000","3,847,000","14,240,000","54,039,000","17,246,000","13,907,000","13,564,000","26,660,000","15,102,000","14,628,000","13,976,000","127,324,000","13,900,000","13,400,000","14,300,000","31,312,000","11,100,000","9,400,000","7,600,000","17,768,000","1,900,000","6,600,000","6,800,000","16,501,000","4,700,000","4,300,000","4,400,000","4,100,000","2,800,000","3,400,000","2,300,000","3,000,000","2,500,000","2,600,000","2,200,000"
			NetIncomeDiscontinuousOperations,,,,,,,,,,,,,,,,,,,,,,,,,,,,,,,"0","0","0","0","145,889,000","-1,962,000","143,941,000","4,000","-82,000","-263,000","129,638,000","-58,396,000","-38,389,000","359,000","87,000","0","-22,000","28,000","-94,000","-113,000","-13,578,000","4,086,000","-11,000","-23,000","2,753,000","-56,000","5,380,000","104,788,000","660,000","-668,000","-1,486,000","-110,000","141,095,000","46,330,000","26,256,000","934,000","737,000","722,000","651,000","1,275,000","12,235,000","27,000","380,000","109,000","-529,000","22,851,000","2,797,000","-166,000","12,150,000","30,000","-504,000","13,696,000",,,,,,,,,,,,,,,,,,,,,,,,,,,,,,,,
			NetIncomeExtraordinary,,,,,,,,,,,,,,,,,,,,,,,,,,,,,,,,,,,,,,,,,,,,,,,,,,,,,,,,,,,,,,,,,,,,,,,,,,,,,,,"-2,735,000","-870,000","0","0","-1,847,000","0","-1,000","-186,000","680,000","-984,000","0","-963,000",,,,,,,,,,,,,,,,,,,,,,,,
			NetIncomeFromTaxLossCarryforward,,,,,,,,,,,,,,,,,,,,,,,,,,,,,,,,,,,,,,,,,,,,,,,,,,,,,,,,,,,,,,,,,,,,,,,,,,,,,,,,,,,,,,,,,,,,,,"-1,000,000",,"-2,300,000",,"-100,000","0","-100,000","-500,000",,"0",,,,"0",,"-1,300,000",,,,,
		MinorityInterests,"-5,854,000","172,000","7,934,000","-6,257,000","-7,703,000","4,126,000","14,426,000","431,000","1,611,000","-1,209,000","-2,848,000","-3,654,000","1,787,000","-1,019,000","-1,497,000","-7,213,000","-1,050,000","808,000","-5,833,000","-1,730,000","-2,414,000","-5,566,000","-3,706,000","534,000","-4,212,000","-30,460,000","-29,226,000","-2,717,000","-1,351,000","-2,056,000","-101,337,000","-2,830,000","-1,898,000","-1,825,000","-5,911,000","-2,702,000","-15,819,000","-4,438,000","-12,048,000","-3,382,000","-11,189,000","-2,345,000","-12,533,000","-1,315,000","1,695,000","-57,000","-2,200,000","-1,039,000","-495,000","504,000","2,798,000","-21,533,000","2,630,000","-2,405,000","-10,165,000","-944,000","-3,058,000","-16,598,000","-6,740,000","-3,070,000","-2,398,000","-467,000","-27,690,000","-8,901,000","-4,770,000","-1,460,000","-5,365,000","-1,406,000","-1,480,000","-4,199,000","-7,220,000","-4,180,000","-4,070,000","-4,400,000","-5,994,000","-10,214,000","7,554,000","-5,145,000",,,"-393,000","-5,573,000","-11,659,000","-2,965,000","-2,249,000","-2,128,000","-5,446,000","-2,301,000","-2,383,000","-2,039,000","-48,135,000","3,300,000","3,300,000","3,200,000","-20,602,000","1,600,000","3,200,000","3,000,000","-17,767,000","900,000","3,200,000","3,200,000","2,900,000","2,800,000","2,600,000","2,700,000","2,500,000","2,200,000","1,700,000","1,800,000",,,,
	PreferredStockDividends,,,,,,,,,,,,,,,,,,,,,,,,,,,,,,,,,,,,,,,,,,,,,,,,,,,,,,,"0","835,000","835,000","2,454,000","5,908,000","6,727,000","6,122,000","6,122,000","6,197,000","6,199,000","5,970,000","5,970,000","5,901,000","6,274,000","4,566,000","2,358,000","2,357,000","2,358,000","2,213,000","2,212,000","2,358,000","2,067,000","5,195,000","5,195,000","5,195,000","5,195,000","5,013,000","5,013,000","5,013,000","5,013,000","4,831,000","4,831,000","5,013,000","4,648,000","4,648,000","4,648,000","4,538,000","4,700,000","4,400,000","4,400,000","4,647,000","4,200,000","2,100,000","600,000",,,,,,,,,,,,,,,,
	OtherunderPreferredStockDividend,"862,000","223,000","212,000","290,000","214,000","214,000","214,000","215,000","297,000","322,000","321,000","297,000","291,000","281,000","282,000","278,000","304,000","244,000","190,000","193,000","188,000","184,000","193,000","170,000","170,000","420,000","1,051,000","147,000","147,000","148,000","1,203,000","122,000","120,000","128,000","140,000","80,000","217,000","66,000",,,,,,,,,,,,,,,,,,,,,,,,,,,,,,,,,,,,,,,,,,,,,,,,,,,,,,,,,,,,,,,,,,,,,,,,,,,,
DilutedNIAvailtoComStockholders,"39,823,000","-37,405,000","-17,282,000","106,412,000","-11,979,000","-63,818,000","-190,632,000","-22,406,000","-25,413,000","7,200,000","26,570,000","46,074,000","15,443,000","7,543,000","11,467,000","73,750,000","7,512,000","-33,817,000","32,561,000","17,305,000","26,450,000","69,059,000","36,935,000","13,560,000","45,052,000","420,495,000","413,908,000","33,450,000","14,248,000","24,463,000","1,428,018,000","35,792,000","15,968,000","17,691,000","144,738,000","38,043,000","218,780,000","18,026,000","173,670,000","43,893,000","133,354,000","-14,068,000","163,107,000","12,941,000","-19,216,000","34,000","23,558,000","8,429,000","-440,000","-6,357,000","-14,376,000","142,838,000","-21,736,000","14,016,000","63,231,000","5,663,000","18,794,000","95,628,000","38,365,000","17,280,000","13,448,000","2,566,000","147,930,000","46,968,000","25,672,000","7,453,000","23,634,000","4,064,000","6,747,000","18,140,000","29,965,000","17,298,000","17,113,000","18,116,000","25,490,000","39,732,000","28,574,000","19,425,000","33,217,000","11,676,000","-1,277,000","17,350,000","35,520,000","9,268,000","6,826,000","6,419,000","16,881,000","7,169,000","7,597,000","6,326,000","83,973,000","9,200,000","9,000,000","8,900,000","13,728,000","4,600,000","7,300,000","6,900,000","7,246,000","1,800,000","6,100,000","6,800,000","5,511,000","4,700,000","4,300,000","4,400,000","4,100,000","2,800,000","2,100,000","2,300,000","3,000,000","2,500,000","2,600,000","2,200,000"
BasicEPS,,"-0.17","-0.079","0.5","-0.06","-0.4","-1.271","-0.15","-0.18","0.05","0.19","0.33","0.111","0.055","0.083","0.524","0.055","-0.24","0.232","0.124","0.188","0.48","0.258","0.095","0.313","2.77","2.687","0.212","0.09","0.155","9.034","0.255","0.114","0.126",,"0.271","1.556","0.131","1.267","0.33","1","-0.11",,"0.1","-0.15","0",,"0.06","-0.01","-0.08",,"1.719","-0.279","0.173",,"0.077","0.241","1.272",,"0.231","0.183","0.039",,"0.636","0.347","0.106",,"0.067","0.106","0.299",,"0.279","0.279","0.299",,"0.713","0.53","0.366",,"0.308","-0.039","0.482",,"0.26","0.193","0.183",,"0.202","0.212","0.183",,"0.26","0.25","0.25",,"0.135","0.231","0.241",,"0.067","0.231","0.25",,"0.222","0.212","0.212",,"0.193","0.145","0.154",,"0.164","0.173","0.087"
DilutedEPS,,"-0.17","-0.079","0.5","-0.06","-0.4","-1.271","-0.15","-0.18","0.05","0.19","0.33","0.111","0.055","0.083","0.524","0.055","-0.24","0.232","0.124","0.188","0.48","0.258","0.095","0.313","2.76","2.687","0.212","0.09","0.155","9.034","0.255","0.114","0.126",,"0.271","1.556","0.131","1.267","0.33","1","-0.11",,"0.1","-0.15","0",,"0.06","-0.01","-0.08",,"1.719","-0.279","0.173",,"0.077","0.241","1.252",,"0.231","0.183","0.039",,"0.636","0.347","0.106",,"0.067","0.106","0.289",,"0.279","0.279","0.299",,"0.665","0.53","0.356",,"0.308","-0.039","0.482",,"0.26","0.193","0.183",,"0.202","0.212","0.183",,"0.26","0.25","0.25",,"0.135","0.231","0.241",,"0.067","0.222","0.25",,"0.222","0.202","0.212",,"0.193","0.145","0.154",,"0.164","0.173","0.087"
BasicAverageShares,,"214,819,000","214,797,057","213,214,000","205,757,000","158,580,000","149,770,575","149,626,000","144,102,000","141,437,000","141,407,650","141,368,000","141,364,568","141,332,786","141,221,712","141,199,860","141,184,335","141,024,000","140,993,985","140,918,189","141,570,272","143,596,000","143,985,036","143,853,637","144,678,083","151,984,000","154,404,986","158,518,091","158,501,000","158,492,995","158,201,996","140,920,484","140,907,420","140,879,384",,"140,716,198","140,709,202","137,628,403","137,507,010","134,220,000","132,768,000","132,273,000",,"132,096,000","131,691,000","130,574,000",,"130,213,000","123,446,000","96,951,000",,"80,927,722","80,211,266","79,824,068",,"77,783,233","76,588,420","75,095,683",,"74,402,256","74,250,698","74,397,065",,"74,199,833","74,178,034","71,354,498",,"61,502,225","61,348,591","61,105,684",,"60,906,375","60,843,053","60,612,603",,"55,428,507","53,848,573","53,743,728",,"37,640,229","37,620,506","36,056,142",,"35,168,597","35,056,486","34,920,499",,"35,462,369","35,447,836","35,388,666",,"35,371,097","35,933,012","35,533,757",,"34,107,843","31,574,471","21,497,056",,"26,693,095","26,384,147","17,089,946",,"21,212,628","20,289,448","20,761,296",,"14,532,907","14,532,907","14,922,181",,"15,265,659","14,994,269","25,374,917"
DilutedAverageShares,,"223,501,000","214,797,057","223,033,000","215,576,000","158,580,000","149,770,575","160,509,000","144,102,000","141,437,000","141,407,650","151,784,000","141,364,568","141,332,786","141,221,712","141,199,860","141,184,335","141,024,000","140,993,985","140,918,189","141,570,272","154,246,000","143,985,036","143,853,637","144,678,083","162,924,000","154,404,986","158,518,091","158,633,000","158,492,995","158,201,996","140,920,484","140,907,420","140,879,384",,"140,716,198","140,709,202","137,628,403","137,507,010","134,330,000","132,877,000","132,273,000",,"132,096,000","143,140,000","130,574,000",,"142,020,000","123,446,000","96,951,000",,"81,129,288","80,211,266","91,921,675",,"90,767,347","90,084,301","91,650,740",,"87,746,579","87,770,454","88,270,801",,"88,257,307","88,259,383","85,659,030",,"76,463,852","76,418,178","76,073,540",,"75,995,685","75,988,419","75,765,235",,"78,173,545","68,603,626","68,432,345",,"51,608,429","49,197,004","47,633,679",,"46,746,133","46,634,022","46,501,150",,"46,823,988","46,809,455","47,076,238",,"35,371,097","35,933,012","35,533,757",,"34,107,843","31,574,471","21,497,056",,"26,693,095","27,531,284","17,089,946",,"21,212,628","21,255,613","20,761,296",,"14,532,907","14,532,907","14,922,181",,"15,265,659","14,994,269","25,374,917"
RentExpenseSupplemental,"27,283,000","7,611,000","6,835,000","6,200,000","6,637,000","5,166,000","5,569,000","5,544,000","6,653,000","7,425,000","7,267,000","7,162,000","7,677,000","7,505,000",,,,,,,,,,,,,,,,,,,,,,,,,,,,,,,,,,,,,,,,,,,,,,,,,,,,,,,,,,,,,,,,,,,,,,,,,,,,,,,,,,,,,,,,,,,,,,,,,,,,
TotalExpenses,"716,616,000","177,194,000","191,239,000","174,561,000","173,622,000","182,647,000","176,316,000","169,449,000","168,764,000","183,408,000","182,250,000","180,076,000","174,435,000","184,552,000","178,080,000","180,869,000","192,231,000","200,789,000","189,005,000","186,078,000","187,949,000","195,950,000","195,286,000","193,501,000","191,080,000","202,784,000","228,190,000","240,136,000","240,999,000","257,172,000","243,751,000","201,940,000","195,685,000","208,682,000","198,889,000","206,521,000","204,348,000","207,705,000","191,112,000","165,656,000","165,946,000","170,300,000","153,745,000","160,992,000","154,205,000","160,900,000","155,598,000","153,745,000","144,731,000","149,741,000","158,654,000","150,252,000","154,814,000","164,370,000","189,271,000","162,630,000","148,730,000","152,370,000","156,441,000","153,902,000","152,109,000","148,837,000","126,090,000","143,807,000","144,258,000","146,822,000","146,122,000","141,888,000","128,836,000","39,621,000","113,404,000","42,179,000","49,804,000","80,161,000","86,536,000","69,739,000","70,140,000","65,612,000","66,970,000","58,930,000","46,792,000","43,740,000","49,414,000","46,193,000","46,044,000","41,937,000","46,935,000","41,037,000","40,960,000","39,897,000","286,198,000","-41,200,000","-39,300,000","-38,500,000","248,505,000","-39,400,000","-31,200,000","-30,400,000","196,795,000","-30,000,000","-26,400,000","-25,300,000","113,070,000","-20,400,000","-20,700,000","-18,800,000","-15,600,000","-14,800,000","-13,500,000","-13,400,000",,,,
NetIncomeFromContinuingAndDiscontinuedOperation,"40,685,000","-37,182,000","-17,070,000","106,702,000","-11,765,000","-63,604,000","-190,418,000","-22,191,000","-25,116,000","7,522,000","26,891,000","46,371,000","15,734,000","7,824,000","11,749,000","74,028,000","7,816,000","-33,573,000","32,751,000","17,498,000","26,638,000","69,243,000","37,128,000","13,730,000","45,222,000","420,915,000","414,959,000","33,597,000","14,395,000","24,611,000","1,429,221,000","35,914,000","16,088,000","17,819,000","144,878,000","38,123,000","218,997,000","18,092,000","174,247,000","43,893,000","133,354,000","-14,068,000","163,107,000","12,941,000","-19,216,000","34,000","23,558,000","8,429,000","-440,000","-6,357,000","-14,376,000","142,838,000","-21,736,000","14,016,000","93,996,000","6,498,000","19,629,000","98,082,000","44,273,000","24,007,000","19,570,000","8,688,000","154,127,000","53,167,000","31,642,000","13,423,000","29,535,000","10,338,000","11,313,000","20,498,000","32,322,000","19,656,000","19,326,000","20,328,000","27,848,000","41,799,000","33,769,000","24,620,000","41,147,000","17,741,000","3,736,000","22,363,000","42,380,000","14,281,000","11,658,000","11,436,000","21,214,000","12,801,000","12,245,000","11,937,000","88,989,000","13,900,000","13,400,000","14,300,000","18,410,000","11,100,000","9,400,000","7,600,000","7,801,000","1,900,000","6,600,000","6,800,000","5,826,000","4,700,000","4,300,000","4,400,000","4,100,000","2,800,000","3,400,000","2,300,000","3,000,000","2,500,000","2,600,000","2,200,000"
NormalizedIncome,"-49,211,033.611","-41,053,800","-1,057,550.385","-10,745,748.05","-8,898,290","-48,067,410","-161,708,560","-30,794,780","-21,457,605.288","34,315,190","24,265,190","46,500,248.269","24,372,443.388","14,239,962.673","34,606,030","27,777,294.969","16,652,291.937","975,622.341","29,051,319.965","27,812,916.595","27,107,931.296","39,504,000","43,549,200","26,866,107.51","34,419,323.016","-8,712,453.931","183,236,600","35,743,800","25,016,800","30,846,200","1,387,429,900","35,943,900","16,088,000","18,051,700","-557,810.455","40,088,900","73,793,050","18,088,000","171,428,700","45,498,900","4,563,600","27,500,018.733","210,696,100","12,741,900","13,602,413.687","7,076,100","28,637,452.403","7,218,650","1,645,600","-5,071,171.669","661,900","139,160,811.765","-26,357,550","-1,071,550","215,748,727.179","6,904,350","14,819,700","-28,489,168.057","94,373,431.864","7,022,402.647","7,244,150","-214,900","13,032,000","-10,695,981.134","-11,570,036.244","12,489,000","28,798,000","9,610,000","10,662,000","19,223,000","20,087,000","19,629,000","18,946,000","20,219,000","28,377,000","18,786,000","25,695,600","24,709,200","28,997,000","17,711,000","4,240,000","8,758,200","42,380,000","14,281,000","11,578,800","11,436,000","21,214,000","12,801,000","12,245,000","11,937,000","88,989,000","13,900,000","13,400,000","14,300,000","18,410,000","11,100,000","9,400,000","7,600,000","7,801,000","1,900,000","6,600,000","6,800,000","5,826,000","4,700,000","4,300,000","4,400,000","4,100,000","2,800,000","3,400,000","2,300,000","3,000,000","2,500,000","2,600,000","2,200,000"
InterestIncome,,,,,,,,,"32,807,000",,,,,,,,,,,,,,,,,,,,,,,,,,,,,,,,,,,,,,,,,,,,,,,,,,,,,,,,,,,,,,,,,,,,,,,,,,,,,,,,,,,,,,,,,,,,,,,,,,,,,,,,,
InterestExpense,"190,644,000","51,861,000","43,533,000","40,336,000","54,914,000","53,896,000","10,258,000","37,184,000","52,841,000","8,074,000","47,989,000","14,799,000","37,109,000","38,357,000","46,485,000","44,927,000","38,915,000","52,635,000","44,889,000","43,265,000","42,321,000","41,301,000","42,721,000","39,983,000","41,195,000","39,776,000","48,805,000","54,956,000","54,896,000","53,286,000","50,748,000","47,803,000","45,800,000","46,338,000","38,528,000","52,656,000","54,439,000","53,696,000","48,335,000","42,622,000","43,297,000","44,019,000","45,103,000","49,153,000","49,032,000","51,997,000","53,507,000","51,662,000","52,238,000","55,411,000","59,414,000","65,779,000","71,914,000","69,939,000","71,717,000","70,306,000","68,506,000","70,827,000",,,,,,,,,,,,,,,,,,,,,,,,,,,,,,,,,,,,,,,,,,,,,,,,,,,,,,,,
NetInterestIncome,"-190,644,000","-51,861,000","-43,533,000","-40,336,000","-54,914,000","-53,896,000","-10,258,000","-37,184,000","-20,034,000","-8,074,000","-47,989,000","-14,799,000","-37,109,000","-38,357,000","-46,485,000","-44,927,000","-38,915,000","-52,635,000","-44,889,000","-43,265,000","-42,321,000","-41,301,000","-42,721,000","-39,983,000","-41,195,000","-39,776,000","-48,805,000","-54,956,000","-54,896,000","-53,286,000","-50,748,000","-47,803,000","-45,800,000","-46,338,000","-38,528,000","-52,656,000","-54,439,000","-53,696,000","-48,335,000","-42,622,000","-43,297,000","-44,019,000","-45,103,000","-49,153,000","-49,032,000","-51,997,000","-53,507,000","-51,662,000","-52,238,000","-55,411,000","-59,414,000","-65,779,000","-71,914,000","-69,939,000","-71,717,000","-70,306,000","-68,506,000","-70,827,000",,,,,,,,,,,,,,,,,,,,,,,,,,,,,,,,,,,,,,,,,,,,,,,,,,,,,,,,
EBIT,"243,692,000","16,306,000","16,025,000","153,402,000","57,959,000","-11,596,000","-194,349,000","15,668,000","24,590,000","16,539,000","77,614,000","65,502,000","51,735,000","47,546,000","57,926,000","126,634,000","48,465,000","15,305,000","99,245,000","65,362,000","71,810,000","112,626,000","81,541,000","54,084,000","91,143,000","492,468,000","491,844,000","90,411,000","70,359,000","79,018,000","1,580,796,000","85,858,000","60,888,000","65,810,000","43,999,000","94,900,000","143,837,000","75,979,000","273,315,000","67,262,000","55,127,000","92,542,000","258,833,000","61,484,000","26,266,000","54,566,000","93,741,000","58,440,000","51,012,000","47,448,000","211,711,000","68,754,000","72,784,000","85,582,000","172,094,000","82,566,000","84,635,000","81,020,000","88,486,000","70,082,000","63,679,000","62,834,000","77,162,000","68,299,000","63,576,000","65,834,000","78,081,000","63,535,000","57,548,000","111,758,000","53,180,000","86,184,000","78,992,000","43,507,000","51,590,000","47,624,000","47,572,000","49,345,000","54,353,000","42,613,000","32,316,000","33,210,000","43,818,000","36,694,000","34,647,000","35,826,000","44,661,000","35,900,000","35,295,000","35,406,000","-218,354,000","130,700,000","125,300,000","122,700,000","-170,744,000","117,400,000","96,800,000","93,000,000","-129,281,000","79,900,000","79,500,000","76,000,000","-71,911,000","58,900,000","59,400,000","55,300,000","45,500,000","41,900,000","38,400,000","37,300,000","69,100,000","22,900,000","20,500,000","19,800,000"
EBITDA,"562,956,000"
ReconciledCostOfRevenue,"368,521,000","94,659,000","100,595,000","88,115,000","85,152,000","93,748,000","89,071,000","81,111,000","78,598,000","92,760,000","90,730,000","90,216,000","85,708,000","94,358,000","83,175,000","92,489,000","88,946,000","111,094,000","95,047,000","95,540,000","97,101,000","102,743,000","102,165,000","103,084,000","99,020,000","107,622,000","114,946,000","118,414,000","117,459,000","130,998,000","121,011,000","106,221,000","101,979,000","112,733,000","99,446,000","106,064,000","101,689,000","106,216,000","97,625,000","83,026,000","84,450,000","84,780,000","74,697,000","85,022,000","81,114,000","85,253,000","82,065,000","82,749,000","77,727,000","80,317,000","71,418,000","78,548,000","83,001,000","91,716,000","82,709,000","95,835,000","84,913,000",,,,,,,,,,,,,,,,,,,,,,,,,,,,,,,,,,,,,,,,,,,,,,,,,,,,,,,,,
ReconciledDepreciation,"319,264,000","75,673,000","82,953,000","78,847,000","81,791,000","80,812,000","79,558,000","80,749,000","81,924,000","83,827,000","85,721,000","84,575,000","84,138,000","83,233,000","89,159,000","82,941,000","78,960,000","81,676,000","86,926,000","85,251,000","83,390,000","84,744,000","88,144,000","83,487,000","84,379,000","86,533,000","106,034,000","115,034,000","115,990,000","117,752,000","110,667,000","90,380,000","88,583,000","89,072,000","90,343,000","94,502,000","95,966,000","95,465,000","88,310,000","77,567,000","75,841,000","81,002,000","73,811,000","71,480,000","69,349,000","68,003,000","68,534,000","66,450,000","63,362,000","61,906,000","78,292,000","64,619,000","67,165,000","67,396,000","101,461,000","63,914,000","59,682,000","62,860,000","65,430,000","60,174,000","60,406,000","57,085,000","57,600,000","51,774,000","63,759,000","63,537,000","59,165,000","57,944,000","54,170,000","37,653,000","41,120,000","35,646,000","35,311,000","34,301,000","35,176,000","25,364,000","24,575,000","23,914,000","23,608,000","21,479,000","17,126,000","16,624,000","16,891,000","16,601,000","16,387,000","16,104,000","17,015,000","15,064,000","15,040,000","14,528,000","14,783,000","15,900,000","15,300,000","15,400,000","14,541,000","15,000,000","11,900,000","11,700,000","11,735,000","10,100,000","10,200,000","9,500,000","8,791,000","7,800,000","8,100,000","7,900,000","7,100,000","6,700,000","6,200,000","6,300,000",,,,
NetIncomeFromContinuingOperationNetMinorityInterest,"40,685,000","-37,182,000","-17,070,000","106,702,000","-11,765,000","-63,604,000","-190,418,000","-22,191,000","-25,116,000","7,522,000","26,891,000","46,371,000","15,734,000","7,824,000","11,749,000","74,028,000","7,816,000","-33,573,000","32,751,000","17,498,000","26,638,000","69,243,000","37,128,000","13,730,000","45,222,000","420,915,000","414,959,000","33,597,000","14,395,000","24,611,000","1,429,221,000","35,914,000","16,088,000","17,819,000","-1,011,000","40,085,000","75,056,000","18,088,000","174,329,000","44,156,000","3,716,000","44,328,000","201,496,000","12,582,000","-19,303,000","34,000","23,580,000","8,401,000","-346,000","-6,244,000","-798,000","138,752,000","-21,725,000","14,039,000","91,243,000","6,554,000","14,249,000","-6,706,000","43,613,000","24,675,000","21,056,000","8,798,000","13,032,000","6,837,000","5,386,000","12,489,000","28,798,000","9,616,000","10,662,000","19,223,000","20,087,000","19,629,000","18,946,000","20,219,000","28,377,000","18,948,000","30,972,000","24,786,000","28,997,000","17,711,000","4,240,000","8,667,000","42,380,000","14,281,000","11,658,000","11,436,000","21,214,000","12,801,000","12,245,000","11,937,000","88,989,000","13,900,000","13,400,000","14,300,000","18,410,000","11,100,000","9,400,000","7,600,000","7,801,000","1,900,000","6,600,000","6,800,000","5,826,000","4,700,000","4,300,000","4,400,000","4,100,000","2,800,000","3,400,000","2,300,000","3,000,000","2,500,000","2,600,000","2,200,000"
TotalUnusualItemsExcludingGoodwill,"102,469,000","6,453,000","-17,616,000","117,559,000","-3,927,000","-21,283,000","-39,328,000","11,786,000","-3,867,000","-36,703,000","3,597,000","-131,000","-9,059,000","-6,667,000","-31,311,000","46,516,000","-9,518,000","-37,512,000","5,212,000","-11,854,000","-477,000","49,565,000","-10,702,000","-14,037,000","10,915,000","430,881,000","386,204,000","-3,578,000","-17,703,000","-10,392,000","64,294,000","-46,000","0","-358,000","-506,000","-6,000","1,943,000","4,828,000","4,462,000","-2,066,000","-1,304,000","17,495,000","-14,154,000","-246,000","-35,676,000","-10,834,000","-7,893,000","1,819,000","-3,064,000","-1,384,000","-2,246,000","-455,000","7,127,000","23,247,000","-126,877,000","-539,000","-878,000","22,446,000","-50,768,000","17,927,000","21,249,000","13,866,000",,"18,129,000","17,320,000",,,"10,000",,,,,,,,"270,000","8,794,000","128,000",,,,"-152,000",,,"132,000",,,,,,,,,,,,,,,,,,,,,,,,,,,,,
TotalUnusualItems,"102,469,000","6,453,000","-17,616,000","117,559,000","-3,927,000","-21,283,000","-39,328,000","11,786,000","-3,867,000","-36,703,000","3,597,000","-131,000","-9,059,000","-6,667,000","-31,311,000","46,516,000","-9,518,000","-37,512,000","5,212,000","-11,854,000","-477,000","49,565,000","-10,702,000","-14,037,000","10,915,000","430,881,000","386,204,000","-3,578,000","-17,703,000","-10,392,000","64,294,000","-46,000","0","-358,000","-506,000","-6,000","1,943,000","4,828,000","4,462,000","-2,066,000","-1,304,000","17,495,000","-14,154,000","-246,000","-35,676,000","-10,834,000","-7,893,000","1,819,000","-3,064,000","-1,384,000","-2,246,000","-455,000","7,127,000","23,247,000","-126,877,000","-539,000","-878,000","22,446,000","-50,768,000","17,927,000","21,249,000","13,866,000",,"18,129,000","17,320,000",,,"10,000",,,,,,,,"270,000","8,794,000","128,000",,,,"-152,000",,,"132,000",,,,,,,,,,,,,,,,,,,,,,,,,,,,,
NormalizedEBITDA,"460,487,000","85,526,000","116,594,000","114,690,000","143,677,000","90,499,000","-75,463,000","84,631,000","110,381,000","137,069,000","159,738,000","150,208,000","144,932,000","137,446,000","178,396,000","163,059,000","136,943,000","134,493,000","180,959,000","162,467,000","155,677,000","147,805,000","181,634,000","155,097,000","165,418,000","148,518,000","212,675,000","211,475,000","207,395,000","210,028,000","1,629,019,000","176,284,000","149,471,000","155,240,000","134,848,000","189,408,000","237,860,000","171,444,000","357,163,000","146,895,000","132,272,000","156,049,000","346,798,000","133,210,000","131,291,000","133,403,000","170,168,000","123,071,000","117,438,000","110,738,000","292,249,000","133,828,000","132,822,000","129,731,000","400,432,000","149,742,000","145,195,000","121,434,000","204,684,000","112,329,000","102,836,000","106,055,000","134,762,000","106,013,000","110,015,000","129,371,000","137,246,000","121,469,000","111,718,000","149,411,000","94,300,000","121,830,000","114,303,000","77,808,000","86,768,000","72,718,000","63,353,000","73,131,000","77,961,000","64,092,000","49,442,000","49,986,000","60,709,000","53,295,000","50,902,000","51,930,000","61,676,000","50,964,000","50,335,000","49,934,000","-203,571,000","146,600,000","140,600,000","138,100,000","-156,203,000","132,400,000","108,700,000","104,700,000","-117,546,000","90,000,000","89,700,000","85,500,000","-63,120,000","66,700,000","67,500,000","63,200,000","52,600,000","48,600,000","44,600,000","43,600,000","69,100,000","22,900,000","20,500,000","19,800,000"
TaxRateForCalcs,"0.123","0.4","0.091","0.001","0.27","0.27","0.27","0.27","0.054","0.27","0.27","0.013","0.046","0.038","0.27","0.006","0.072","0.079","0.29","0.13","0.015","0.4","0.4","0.064","0.01","0.003","0.4","0.4","0.4","0.4","0.35","0.35","0.35","0.35","0.104","0.35","0.35","0.35","0.35","0.35","0.35","0.038","0.35","0.35","0.078","0.35","0.359","0.35","0.35","0.153","0.35","0.102","0.35","0.35","0.019","0.35","0.35","0.03","0","0.015","0.35","0.35","0.4","0.033","0.021","0.4","0.4","0.4","0.4","0.4","0.4","0.4","0.4","0.4","0.4","0.4","0.4","0.4","0.4","0.4","0.4","0.4","0.4","0.4","0.4","0.4","0.4","0.4","0.4","0.4","0.4","0.4","0.4","0.4","0.4","0.4","0.4","0.4","0.4","0.4","0.4","0.4","0.4","0.4","0.4","0.4","0.4","0.4","0.4","0.4","0.4","0.4","0.4","0.4"
TaxEffectOfUnusualItems,"12,572,966.389","2,581,200","-1,603,550.385","111,251.95","-1,060,290","-5,746,410","-10,618,560","3,182,220","-208,605.288","-9,909,810","971,190","-1,751.731","-420,556.612","-251,037.327","-8,453,970","265,294.969","-681,708.063","-2,963,377.659","1,512,319.965","-1,539,083.405","-7,068.704","19,826,000","-4,280,800","-900,892.49","112,323.016","1,253,546.069","154,481,600","-1,431,200","-7,081,200","-4,156,800","22,502,900","-16,100","0","-125,300","-52,810.455","-2,100","680,050","0","1,561,700","-723,100","-456,400","667,018.733","-4,953,900","-86,100","-2,770,586.313","-3,791,900","-2,835,547.597","636,650","-1,072,400","-211,171.669","-786,100","-46,188.235","2,494,450","8,136,450","-2,371,272.821","-188,650","-307,300","662,831.943","-7,568.136","274,402.647","7,437,150","4,853,100","0","596,018.866","363,963.756","0","0","4,000","0","0","0","0","0","0","0","108,000","3,517,600","51,200","0","0","0","-60,800","0","0","52,800","0","0","0","0","0","0","0","0","0","0","0","0","0","0","0","0","0","0","0","0","0","0","0","0","0","0","0","0","0"