name,ttm,03/31/2022,12/31/2021,09/30/2021,06/30/2021,03/31/2021,12/31/2020,09/30/2020,06/30/2020,03/31/2020,12/31/2019,09/30/2019,06/30/2019,03/31/2019,12/31/2018,09/30/2018,06/30/2018,03/31/2018,12/31/2017,09/30/2017,06/30/2017,03/31/2017,12/31/2016,09/30/2016,06/30/2016,03/31/2016,12/31/2015,09/30/2015,06/30/2015,03/31/2015,12/31/2014,09/30/2014,06/30/2014,03/31/2014,12/31/2013,09/30/2013,06/30/2013,03/31/2013,12/31/2012,09/30/2012,06/30/2012,03/31/2012,12/31/2011,09/30/2011,06/30/2011,03/31/2011,12/31/2010,09/30/2010,06/30/2010,03/31/2010,12/31/2009,09/30/2009,06/30/2009,03/31/2009,12/31/2008,09/30/2008,06/30/2008,03/31/2008,12/31/2007,09/30/2007,06/30/2007,03/31/2007,12/31/2006,09/30/2006,06/30/2006,03/31/2006,12/31/2005,09/30/2005,06/30/2005,03/31/2005,12/31/2004,09/30/2004,06/30/2004,03/31/2004,12/31/2003,09/30/2003,06/30/2003,03/31/2003,12/31/2002,09/30/2002,06/30/2002,03/31/2002,12/31/2001,09/30/2001,06/30/2001,03/31/2001,12/31/2000,09/30/2000,06/30/2000,03/31/2000,12/31/1999,09/30/1999,06/30/1999,03/31/1999,12/31/1998,09/30/1998,06/30/1998,03/31/1998,12/31/1997,09/30/1997,06/30/1997,03/31/1997,12/31/1996,09/30/1996,06/30/1996,03/31/1996,12/31/1995,09/30/1995,06/30/1995,03/31/1995,12/31/1994,09/30/1994,06/30/1994,03/31/1994,12/31/1993,09/30/1993,06/30/1993,03/31/1993,12/31/1992,09/30/1992,06/30/1992,03/31/1992,12/31/1991,09/30/1991,06/30/1991,03/31/1991,07/31/1990,04/30/1990,01/31/1990
TotalRevenue,"20,943,300,000","5,143,300,000","5,382,300,000","5,140,600,000","5,277,100,000","4,924,400,000","5,054,900,000","4,584,800,000","3,742,200,000","4,619,100,000","5,196,600,000","5,248,900,000","5,373,100,000","5,044,900,000","5,393,200,000","5,418,700,000","5,656,900,000","5,522,400,000","5,637,500,000","5,464,800,000","5,174,800,000","4,757,200,000","4,956,100,000","5,088,200,000","5,022,100,000","4,587,700,000","4,953,900,000","4,972,500,000","4,861,300,000","4,542,200,000","5,121,100,000","5,416,000,000","5,321,700,000","4,904,000,000","5,252,100,000","5,188,800,000","5,040,700,000","4,768,900,000","5,202,600,000","5,172,300,000","5,206,700,000","5,096,400,000","5,484,000,000","5,782,300,000","5,667,300,000","5,072,400,000","5,209,600,000","4,972,000,000","4,585,600,000","4,099,300,000","4,402,900,000","4,192,100,000","3,796,600,000","3,647,100,000","4,592,900,000","5,668,400,000","5,904,900,000","5,386,600,000","5,634,900,000","5,295,400,000","5,034,400,000","4,535,600,000","4,547,800,000","4,644,800,000","4,440,000,000","3,929,900,000","4,123,200,000","4,144,800,000","4,053,700,000","3,758,700,000","4,072,700,000","3,900,800,000","3,622,400,000","3,334,100,000","3,289,200,000","3,203,200,000","3,013,400,000","2,679,000,000","2,838,100,000","2,885,900,000","2,602,900,000","2,284,000,000","2,536,600,000","2,675,400,000","2,620,100,000","2,651,900,000","2,739,500,000","2,820,900,000","2,714,100,000","2,568,300,000","2,660,500,000","2,606,800,000","2,327,600,000","2,175,200,000","2,427,600,000","2,377,800,000","2,136,100,000","1,872,900,000","1,972,300,000","1,973,000,000","1,792,200,000","1,521,000,000","1,615,600,000","1,694,500,000","1,460,600,000","1,309,200,000","1,392,600,000","1,520,900,000","1,371,100,000","1,199,600,000","1,255,700,000","1,241,300,000","988,000,000","811,500,000","826,300,000","875,400,000","778,200,000","700,500,000","788,100,000","938,000,000","769,700,000","690,800,000","709,000,000","736,900,000","672,700,000","681,300,000","865,000,000","723,600,000","723,000,000"
	OperatingRevenue,"20,943,300,000","5,143,300,000","5,382,300,000","5,140,600,000","5,277,100,000","4,924,400,000","5,054,900,000","4,584,800,000","3,742,200,000","4,619,100,000","5,196,600,000","5,248,900,000","5,373,100,000","5,044,900,000","5,393,200,000","5,418,700,000","5,656,900,000","5,522,400,000","5,637,500,000","5,464,800,000","5,174,800,000","4,757,200,000","4,956,100,000","5,088,200,000","5,022,100,000","4,587,700,000","4,953,900,000","4,972,500,000","4,861,300,000","4,542,200,000","5,121,100,000","5,416,000,000","5,321,700,000","4,904,000,000","5,252,100,000","5,188,800,000","5,040,700,000","4,768,900,000","5,202,600,000","5,172,300,000","5,206,700,000","5,096,400,000","5,484,000,000","5,782,300,000","5,667,300,000","5,072,400,000","5,209,600,000","4,972,000,000","4,585,600,000","4,099,300,000","4,402,900,000","4,192,100,000","3,796,600,000","3,647,100,000","4,592,900,000","5,668,400,000","5,904,900,000","5,386,600,000","5,634,900,000","5,295,400,000","5,034,400,000","4,535,600,000","4,547,800,000","4,644,800,000","4,440,000,000","3,929,900,000","4,123,200,000","4,144,800,000","4,053,700,000","3,758,700,000","4,072,700,000","3,900,800,000","3,622,400,000","3,334,100,000","3,289,200,000","3,203,200,000","3,013,400,000","2,679,000,000","2,838,100,000","2,885,900,000","2,602,900,000","2,284,000,000","2,536,600,000","2,675,400,000","2,620,100,000","2,651,900,000","2,739,500,000","2,820,900,000","2,714,100,000","2,568,300,000","2,660,500,000","2,606,800,000","2,327,600,000","2,175,200,000","2,427,600,000","2,377,800,000","2,136,100,000","1,872,900,000","1,972,300,000","1,973,000,000","1,792,200,000","1,521,000,000","1,615,600,000","1,694,500,000","1,460,600,000","1,309,200,000","1,392,600,000","1,520,900,000","1,371,100,000","1,199,600,000","1,255,700,000","1,241,300,000","988,000,000","811,500,000","826,300,000","875,400,000","778,200,000","700,500,000","788,100,000","938,000,000","769,700,000","690,800,000","709,000,000","736,900,000","672,700,000","681,300,000","865,000,000","723,600,000","723,000,000"
CostOfRevenue,"17,406,800,000","4,246,200,000","4,456,000,000","4,287,600,000","4,417,000,000","4,156,300,000","4,256,000,000","3,859,700,000","3,165,500,000","3,895,100,000","4,337,000,000","4,408,600,000","4,502,700,000","4,240,100,000","4,512,900,000","4,528,100,000","4,734,200,000","4,637,000,000","4,703,000,000","4,564,200,000","4,313,100,000","3,969,400,000","4,115,100,000","4,229,900,000","4,161,400,000","3,813,900,000","4,102,800,000","4,120,400,000","4,030,700,000","3,780,200,000","4,252,300,000","4,510,400,000","4,424,400,000","4,087,500,000","4,365,500,000","4,335,200,000","4,204,300,000","3,978,800,000","4,325,900,000","4,316,100,000","4,345,000,000","4,249,000,000","4,548,800,000","4,831,000,000","4,705,100,000","4,214,800,000","4,303,900,000","4,130,800,000","3,788,600,000","3,397,800,000","3,656,500,000","3,485,500,000","3,101,200,000","2,977,300,000","3,639,200,000","4,640,800,000","4,751,300,000","4,418,900,000","4,584,800,000","4,321,000,000","4,010,300,000","3,735,600,000","3,779,800,000","3,800,600,000","3,623,600,000","3,212,500,000","3,352,400,000","3,388,200,000","3,314,500,000","3,076,700,000","3,308,500,000","3,172,700,000","2,943,100,000","2,717,600,000","2,689,500,000","2,653,600,000","2,491,900,000","2,213,000,000","2,322,400,000","2,373,600,000","2,135,300,000","1,869,200,000","2,057,200,000","2,170,800,000","2,131,000,000","2,149,800,000","2,209,100,000","2,296,900,000","2,218,800,000","2,104,400,000","2,179,900,000","2,136,900,000","1,907,400,000","1,777,300,000","1,994,600,000","1,966,500,000","1,761,600,000","1,533,000,000","1,597,300,000","1,611,900,000","1,462,900,000","1,234,500,000","1,287,700,000","1,369,600,000","1,182,700,000","1,056,300,000","1,123,100,000","1,236,500,000","1,118,800,000","977,200,000","1,017,700,000","1,010,300,000","799,100,000","652,000,000","657,600,000","681,600,000","619,700,000","556,500,000","565,000,000","771,400,000","608,500,000","542,000,000","553,700,000","572,600,000","523,200,000","518,700,000","647,000,000","539,400,000","549,500,000"
GrossProfit,"3,536,500,000","897,100,000","926,300,000","853,000,000","860,100,000","768,100,000","798,900,000","725,100,000","576,700,000","724,000,000","859,600,000","840,300,000","870,400,000","804,800,000","880,300,000","890,600,000","922,700,000","885,400,000","934,500,000","900,600,000","861,700,000","787,800,000","841,000,000","858,300,000","860,700,000","773,800,000","851,100,000","852,100,000","830,600,000","762,000,000","868,800,000","905,600,000","897,300,000","816,500,000","886,600,000","853,600,000","836,400,000","790,100,000","876,700,000","856,200,000","861,700,000","847,400,000","935,200,000","951,300,000","962,200,000","857,600,000","905,700,000","841,200,000","797,000,000","701,500,000","746,400,000","706,600,000","695,400,000","669,800,000","953,700,000","1,027,600,000","1,153,600,000","967,700,000","1,050,100,000","974,400,000","1,024,100,000","800,000,000","768,000,000","844,200,000","816,400,000","717,400,000","770,800,000","756,600,000","739,200,000","682,000,000","764,200,000","728,100,000","679,300,000","616,500,000","599,700,000","549,600,000","521,500,000","466,000,000","515,700,000","512,300,000","467,600,000","414,800,000","479,400,000","504,600,000","489,100,000","502,100,000","530,400,000","524,000,000","495,300,000","463,900,000","480,600,000","469,900,000","420,200,000","397,900,000","433,000,000","411,300,000","374,500,000","339,900,000","375,000,000","361,100,000","329,300,000","286,500,000","327,900,000","324,900,000","277,900,000","252,900,000","269,500,000","284,400,000","252,300,000","222,400,000","238,000,000","231,000,000","188,900,000","159,500,000","168,700,000","193,800,000","158,500,000","144,000,000","223,100,000","166,600,000","161,200,000","148,800,000","155,300,000","164,300,000","149,500,000","162,600,000","218,000,000","184,200,000","173,500,000"
OperatingExpense,"2,910,800,000","758,400,000","759,700,000","702,500,000","690,200,000","669,700,000","660,600,000","663,500,000","559,900,000","686,300,000","668,000,000","623,300,000","675,600,000","699,300,000","662,400,000","673,900,000","714,400,000","731,600,000","695,800,000","672,700,000","667,100,000","660,800,000","629,000,000","647,200,000","664,700,000","642,100,000","670,000,000","645,800,000","651,900,000","639,200,000","675,500,000","693,300,000","709,900,000","689,600,000","719,600,000","691,200,000","708,300,000","735,700,000","771,800,000","737,600,000","767,300,000","753,600,000","805,400,000","793,300,000","811,400,000","772,000,000","819,500,000","732,300,000","717,900,000","668,900,000","713,300,000","664,600,000","673,300,000","664,300,000","641,700,000","1,006,600,000","946,300,000","835,700,000","826,900,000","752,500,000","747,100,000","696,700,000","603,600,000","675,300,000","677,300,000","657,700,000","638,500,000","624,600,000","629,500,000","619,500,000","646,700,000","601,200,000","584,100,000","560,300,000","510,600,000","470,800,000","464,500,000","433,000,000","428,600,000","435,100,000","415,800,000","396,100,000","424,600,000","436,200,000","426,400,000","449,900,000","435,500,000","428,100,000","425,600,000","413,400,000","397,000,000","387,000,000","392,800,000","361,100,000","363,000,000","340,500,000","329,600,000","303,100,000","306,000,000","277,200,000","267,200,000","246,100,000","264,100,000","247,800,000","227,300,000","217,400,000","213,800,000","209,900,000","203,000,000","190,300,000","190,000,000","172,900,000","156,700,000","146,000,000","159,700,000","202,300,000","162,500,000","155,700,000","222,700,000","151,700,000","164,100,000","160,200,000","215,400,000","133,600,000","136,300,000","154,800,000","198,800,000","176,600,000","186,100,000"
	SellingGeneralAndAdministration,"2,910,800,000","758,400,000","759,700,000","702,500,000","690,200,000","669,700,000","660,600,000","663,500,000","559,900,000","686,300,000","668,000,000","623,300,000","675,600,000","699,300,000","662,400,000","673,900,000","714,400,000","731,600,000","695,800,000","672,700,000","667,100,000","660,800,000","629,000,000","647,200,000","664,700,000","642,100,000","670,000,000","645,800,000","651,900,000","639,200,000","675,500,000","693,300,000","709,900,000","689,600,000","719,600,000","691,200,000","708,300,000","735,700,000","771,800,000","737,600,000","767,300,000","753,600,000","805,400,000","793,300,000","811,400,000","772,000,000","819,500,000","732,300,000","717,900,000","668,900,000","713,300,000","664,600,000","673,300,000","664,300,000","804,800,000","843,500,000","946,300,000","835,700,000","826,900,000","752,500,000","747,100,000","696,700,000","603,600,000","675,300,000","677,300,000","657,700,000","638,500,000","624,600,000","629,500,000","619,500,000","646,700,000","601,200,000","584,100,000","560,300,000","510,600,000","470,800,000","464,500,000","433,000,000","428,600,000","435,100,000","415,800,000","396,100,000","424,600,000","436,200,000","426,400,000","431,700,000","420,700,000","411,500,000","408,100,000","395,500,000","384,600,000","368,900,000","377,300,000","343,400,000","347,100,000","327,400,000","315,500,000","290,600,000","294,500,000","267,000,000","257,000,000","236,300,000","255,000,000","238,200,000","218,600,000","209,200,000","207,200,000","203,500,000","195,100,000","183,400,000","183,000,000","165,700,000","149,700,000","139,500,000","139,600,000","156,200,000","136,800,000","150,800,000","217,500,000","151,700,000","138,900,000","135,200,000","133,500,000","128,400,000","131,700,000","145,300,000","160,800,000","146,700,000","157,300,000"
	DepreciationAmortizationDepletionIncomeStatement,,,,,,,,,,,,,,,,,,,,,,,,,,,,,,,,,,,,,,,,,,,,,,,,,,,,,,,,,,,,,,,,,,,,,,,,,,,,,,,,,,,,,,"18,200,000","14,800,000","16,600,000","17,500,000","17,900,000","12,400,000","18,100,000","15,500,000","17,700,000","15,900,000","13,100,000","14,100,000","12,500,000","11,500,000","10,200,000","10,200,000","9,800,000","9,100,000","9,600,000","8,700,000","8,200,000","6,600,000","6,400,000","7,900,000","6,900,000","7,000,000","7,200,000","7,000,000","6,500,000","20,100,000","46,100,000","25,700,000","4,900,000","5,200,000",,"25,200,000","25,000,000","81,900,000","5,200,000","4,600,000","9,500,000","38,000,000","29,900,000","28,800,000"
		DepreciationAndAmortizationInIncomeStatement,,,,,,,,,,,,,,,,,,,,,,,,,,,,,,,,,,,,,,,,,,,,,,,,,,,,,,,,,,,,,,,,,,,,,,,,,,,,,,,,,,,,,,"18,200,000","14,800,000","16,600,000","17,500,000","17,900,000","12,400,000","18,100,000","15,500,000","17,700,000","15,900,000","13,100,000","14,100,000","12,500,000","11,500,000","10,200,000","10,200,000","9,800,000","9,100,000","9,600,000","8,700,000","8,200,000","6,600,000","6,400,000","7,900,000","6,900,000","7,000,000","7,200,000","7,000,000","6,500,000","20,100,000","46,100,000","25,700,000","4,900,000","5,200,000",,"25,200,000","25,000,000","81,900,000","5,200,000","4,600,000","9,500,000","38,000,000","29,900,000","28,800,000"
	OtherOperatingExpenses,,,,,,,,,,,,,,,,,,,,,,,,,,,,,,,,,,,,,,,,,,,,,,,,,,,,,,,,"163,100,000",,,,,,,,,,,,,,,,,,,,,,,,,,,,,,,,,,,,,,,,,,,,,,,,,,,,,,,,,,,,,,,,,,,,,,,,,
OperatingIncome,"625,700,000","138,700,000","166,600,000","150,500,000","169,900,000","98,400,000","138,300,000","61,600,000","16,800,000","37,700,000","191,600,000","217,000,000","194,800,000","105,500,000","217,900,000","216,700,000","208,300,000","153,800,000","238,700,000","227,900,000","194,600,000","127,000,000","212,000,000","211,100,000","196,000,000","131,700,000","181,100,000","206,300,000","178,700,000","122,800,000","193,300,000","212,300,000","187,400,000","126,900,000","167,000,000","162,400,000","128,100,000","54,400,000","104,900,000","118,600,000","94,400,000","93,800,000","129,800,000","158,000,000","150,800,000","85,600,000","86,200,000","108,900,000","79,100,000","32,600,000","33,100,000","42,000,000","22,100,000","5,500,000","312,000,000","21,000,000","207,300,000","132,000,000","223,200,000","221,900,000","277,000,000","103,300,000","164,400,000","168,900,000","139,100,000","59,700,000","132,300,000","132,000,000","109,700,000","62,500,000","117,500,000","126,900,000","95,200,000","56,200,000","89,100,000","78,800,000","57,000,000","33,000,000","87,100,000","77,200,000","51,800,000","18,700,000","54,800,000","68,400,000","62,700,000","52,200,000","94,900,000","95,900,000","69,700,000","50,500,000","83,600,000","82,900,000","27,400,000","36,800,000","70,000,000","70,800,000","44,900,000","36,800,000","69,000,000","83,900,000","62,100,000","40,400,000","63,800,000","77,100,000","50,600,000","35,500,000","55,700,000","74,500,000","49,300,000","32,100,000","48,000,000","58,100,000","32,200,000","13,500,000","9,000,000","-8,500,000","-4,000,000","-11,700,000","400,000","14,900,000","-2,900,000","-11,400,000","-60,100,000","30,700,000","13,200,000","7,800,000","19,200,000","7,600,000","-12,600,000"
NetNonOperatingInterestIncomeExpense,"-27,300,000","-7,600,000","-6,400,000","-6,700,000","-6,600,000","-7,100,000","-7,800,000","-7,700,000","-7,300,000","-7,400,000","-8,300,000","-11,300,000","-10,100,000","-8,700,000","-8,000,000","-8,700,000","-11,900,000","-12,400,000","-8,700,000","-8,500,000","-7,900,000","-8,300,000","-8,900,000","-8,200,000","-8,400,000","-8,800,000","-10,000,000","-8,500,000","-7,500,000","-7,500,000","-7,400,000","-8,200,000","-8,200,000","-7,700,000","-7,200,000","-7,000,000","-9,400,000","-9,800,000","-8,800,000","-8,800,000","-11,300,000","-11,800,000","-8,000,000","-9,200,000","-9,500,000","-11,100,000","-8,100,000","-8,800,000","-11,100,000","-9,500,000","-10,800,000","-19,800,000","-10,700,000","-8,700,000",,,,,,,,,,,,,,,,,,,,,,,,,,,,,,,,,,,,,,,,,,,,,,,,,,,,,,,,,,,,,,,,,,,,,,,,,,,
	InterestIncomeNonOperating,"11,700,000","2,800,000","2,900,000","2,900,000","3,100,000","3,100,000","3,200,000","3,100,000","3,100,000","3,700,000","2,800,000","600,000","1,100,000","1,500,000","1,900,000","1,500,000","1,400,000","1,200,000","1,400,000","1,200,000","1,200,000","1,000,000","1,100,000","1,000,000","800,000","700,000","600,000","700,000","700,000","500,000","1,000,000","1,400,000","1,100,000","900,000","1,000,000","900,000","900,000","900,000","1,900,000","1,500,000",,,"2,300,000","2,000,000","1,600,000","1,400,000","2,000,000","1,200,000","1,400,000","1,600,000","2,400,000","1,700,000","3,200,000","4,400,000",,,,,,,,,,,,,,,,,,,,,,,,,,,,,,,,,,,,,,,,,,,,,,,,,,,,,,,,,,,,,,,,,,,,,,,,,,,
	InterestExpenseNonOperating,"39,000,000","10,400,000","9,300,000","9,600,000","9,700,000","10,200,000","11,000,000","10,800,000","10,400,000","11,100,000","11,100,000","11,900,000","11,200,000","10,200,000","9,900,000","10,200,000","13,300,000","13,600,000","10,100,000","9,700,000","9,100,000","9,300,000","10,000,000","9,200,000","9,200,000","9,500,000","10,600,000","9,200,000","8,200,000","8,000,000","8,400,000","9,600,000","9,300,000","8,600,000","8,200,000","7,900,000","10,300,000","10,700,000","10,700,000","10,300,000","11,300,000","11,800,000","10,300,000","11,200,000","11,100,000","12,500,000","10,100,000","10,000,000","12,500,000","11,100,000","13,200,000","21,500,000","13,900,000","13,100,000",,,,,,,,,,,,,,,,,,,,,,,,,,,,,,,,,,,,,,,,,,,,,,,,,,,,,,,,,,,,,,,,,,,,,,,,,,,
OtherIncomeExpense,"12,700,000","4,900,000","2,200,000","1,800,000","3,800,000","1,700,000","200,000","1,700,000","-65,300,000","-13,100,000","2,800,000","-900,000","16,300,000","-3,200,000","4,400,000","-3,100,000","1,400,000","-3,700,000","-6,000,000","-2,400,000","-2,500,000","-6,600,000","-6,200,000","-3,200,000","-1,900,000","-3,900,000","9,000,000","-900,000","300,000","-3,100,000","-3,900,000","-1,700,000","300,000","-1,500,000","-2,000,000","1,600,000","-900,000","-1,700,000","-1,300,000","-1,300,000",,,,"-1,800,000","-2,300,000","-2,300,000","-430,700,000","400,000","-800,000","-3,400,000","-1,800,000","-70,500,000","-100,000","-3,200,000","-9,100,000","-163,100,000","-2,800,000","-800,000","-1,000,000","-800,000","-800,000","-2,600,000","-35,200,000","-600,000","-3,200,000",,,,"-2,700,000",,,,,,,,,,,,,,,,,,,,,,,,,,,,,,,"-1,100,000",,,"13,400,000","-600,000","8,800,000",,,,,,,,,,,,"-3,100,000",,,,"-400,000",,"49,200,000","-19,900,000","-13,600,000","-19,800,000","-5,900,000",,
	GainOnSaleOfSecurity,"-4,500,000","-1,800,000","-700,000","-1,400,000","-600,000","-2,500,000","-700,000","-600,000","-500,000","-3,100,000","-200,000","-4,100,000","500,000","-2,900,000","1,400,000","-3,000,000","100,000","100,000","-400,000","-100,000","-200,000","-100,000","-1,200,000",,"-700,000","-900,000","5,200,000","200,000",,"-700,000","800,000","-700,000","900,000","1,200,000","-800,000","300,000","-1,400,000","-400,000","-300,000","-300,000",,,,"-1,700,000","200,000",,,,,,,,,,,,,,,,,,,,,,,,,,,,,,,,,,,,,,,,,,,,,,,,,,,,,,,,,,,,,,,,,,,,,,,,,,,,,,,,,,,,
	SpecialIncomeCharges,,,,"0","0",,"0","0","-66,800,000",,"0","0","-64,000,000",,,,,,,,,,,,,,,,,,,,,,,,,,"6,200,000","-1,000,000",,,"4,400,000","-100,000","-2,500,000","-2,300,000","-427,400,000","400,000","-800,000","-3,400,000","-1,800,000","-70,500,000","-100,000","-3,200,000","-9,100,000","-163,100,000","-2,800,000","-800,000","-1,000,000","-800,000","-800,000","-2,600,000","-35,200,000","-600,000","-3,200,000",,,,"-2,700,000",,,,,,,,,,,,,,,,,,,,,,,,,,,,,,,"-1,100,000",,,"13,400,000","-600,000","8,800,000",,,,,,,,,,,,"-3,100,000",,,,"-400,000",,"49,200,000","-19,900,000","-13,600,000","-19,800,000","-5,900,000",,
		ImpairmentOfCapitalAssets,,,,"0","0",,"0","0","66,800,000",,"0","0","64,000,000",,,,,,,,,,,,,,,,,,,,,,,,,,,,,,,,,,"428,800,000","0",,,"0","61,000,000",,,,,,,,,,,,,,,,,,,,,,,,,,,,,,,,,,,,,,,,,,,,,,,,,,,,,,,,,,,,,,,,,,,,,,,,,,,,,
		OtherSpecialCharges,,,,,,,,,,,,,,,,,,,,,,,,,,,,,,,,,,,,,,,,,,,,,,,"-1,400,000","-400,000",,,"1,800,000","9,500,000",,,,,,,,,,,,,,,,,,,,,,,,,,,,,,,,,,,,,,,,,,,,,,,,,,,,,,,,,,,,,,,,,,,,,,,,,,,,,
	OtherNonOperatingIncomeExpenses,"17,200,000","6,700,000","2,900,000","3,200,000","4,400,000","4,200,000","900,000","2,300,000","2,000,000","-10,000,000","3,000,000","3,200,000","79,800,000","-300,000","3,000,000","-100,000","1,300,000","-3,800,000","-5,600,000","-2,300,000","-2,300,000","-6,500,000","-5,000,000","-3,200,000","-1,200,000","-3,000,000","3,800,000","-1,100,000","300,000","-2,400,000","-4,700,000","-1,000,000","-600,000","-2,700,000","-1,200,000","1,300,000","500,000","-1,300,000","-1,000,000",,,,,,,,,,,,,,,,,,,,,,,,,,,,,,,,,,,,,,,,,,,,,,,,,,,,,,,,,,,,,,,,,,,,,,,,,,,,,,,,,,,,,,,,,,
PretaxIncome,"611,100,000","136,000,000","162,400,000","145,600,000","167,100,000","93,000,000","130,700,000","55,600,000","-55,800,000","17,200,000","186,100,000","204,800,000","201,000,000","93,600,000","214,300,000","204,900,000","197,800,000","137,700,000","224,000,000","217,000,000","184,200,000","112,100,000","196,900,000","199,700,000","185,700,000","119,000,000","180,100,000","196,900,000","171,500,000","112,200,000","182,000,000","202,400,000","179,500,000","117,700,000","157,800,000","157,000,000","117,800,000","42,900,000","94,800,000","108,500,000","83,100,000","82,000,000","119,400,000","147,000,000","139,000,000","74,500,000","-352,600,000","100,500,000","67,200,000","19,700,000","20,500,000","-48,300,000","11,300,000","-6,400,000","136,600,000","7,600,000","193,400,000","120,700,000","215,400,000","212,800,000","269,300,000","93,700,000","121,000,000","158,300,000","126,600,000","76,000,000","125,400,000","120,100,000","98,400,000","50,800,000","108,600,000","117,800,000","82,900,000","60,200,000","2,079,400,000","69,400,000","47,800,000","24,000,000","69,200,000","65,900,000","42,200,000","10,700,000","44,000,000","58,000,000","54,100,000","41,900,000","82,700,000","83,800,000","59,000,000","39,700,000","75,700,000","75,800,000","22,400,000","31,900,000","-27,000,000","66,500,000","40,600,000","33,600,000","65,700,000","82,800,000","61,000,000","39,700,000","70,700,000","76,500,000","59,400,000","35,700,000","56,200,000","72,100,000","45,800,000","29,600,000","43,300,000","53,900,000","28,800,000","10,600,000","6,400,000","-11,900,000","-7,200,000","-14,800,000","-4,100,000","11,200,000","-3,300,000","-17,200,000","-13,700,000","6,400,000","-6,900,000",,"3,800,000","300,000","-12,400,000"
TaxProvision,"199,100,000","44,400,000","51,300,000","47,900,000","55,500,000","31,000,000","54,500,000","45,300,000","8,600,000","15,500,000","47,300,000","58,700,000","73,700,000","40,100,000","56,000,000","46,900,000","54,400,000","40,700,000","7,700,000","79,300,000","67,200,000","37,700,000","69,500,000","70,500,000","70,300,000","47,300,000","56,200,000","73,000,000","65,800,000","46,500,000","64,800,000","71,900,000","69,700,000","47,600,000","56,600,000","62,300,000","49,600,000","19,000,000","41,500,000","45,400,000","42,100,000","41,800,000","55,800,000","67,400,000","66,300,000","38,800,000","-2,200,000","49,200,000","34,500,000","16,900,000","900,000","2,100,000","-8,000,000","-8,700,000","57,400,000","50,800,000","86,000,000","45,200,000","82,300,000","81,100,000","108,900,000","34,200,000","48,900,000","57,700,000","46,200,000","23,400,000","36,300,000","43,800,000","35,900,000","18,600,000","39,000,000","34,400,000","29,800,000","20,600,000","30,600,000","25,600,000","18,700,000","10,000,000","29,100,000","25,400,000","16,500,000","3,800,000","17,600,000","20,900,000","19,500,000","15,100,000","29,200,000","29,700,000","21,000,000","14,100,000","27,000,000","26,900,000","-9,400,000","11,300,000","-11,900,000","23,600,000","14,400,000","11,900,000","22,000,000","30,100,000","20,100,000","13,100,000","22,600,000","24,100,000","20,800,000","12,500,000","19,700,000","27,100,000","17,600,000","11,400,000","16,400,000","20,300,000","11,700,000","4,300,000","2,100,000","11,400,000","5,400,000","2,500,000","5,900,000","12,700,000","6,700,000","1,000,000","6,300,000","10,300,000","2,700,000",,"16,500,000","8,900,000","3,800,000"
NetIncomeCommonStockholders,"412,000,000","91,600,000","111,100,000","97,700,000","111,600,000","62,000,000","76,200,000","10,300,000","-64,400,000","1,700,000","138,800,000","146,100,000","127,300,000","53,500,000","158,300,000","158,000,000","143,400,000","97,000,000","216,300,000","137,700,000","117,000,000","74,400,000","127,400,000","129,200,000","115,400,000","71,700,000","123,900,000","123,900,000","105,700,000","65,700,000","117,200,000","130,500,000","109,800,000","70,100,000","101,200,000","94,700,000","68,200,000","23,900,000","53,300,000","63,100,000","41,000,000","40,200,000","63,600,000","79,600,000","72,700,000","35,700,000","-350,400,000","51,300,000","32,700,000","2,800,000","19,600,000","-50,400,000","19,300,000","2,300,000","79,200,000","-43,200,000","107,400,000","75,500,000","133,100,000","131,700,000","160,400,000","59,500,000","164,400,000","100,600,000","80,400,000","52,600,000","89,100,000","76,300,000","62,500,000","32,200,000","69,600,000","83,400,000","53,100,000","39,600,000","49,900,000","43,800,000","29,100,000","15,000,000","40,100,000","40,500,000","25,700,000","6,900,000","26,400,000","37,100,000","34,600,000","26,800,000","53,500,000","54,100,000","38,000,000","25,600,000","48,700,000","48,900,000","31,800,000","20,600,000","-15,100,000","42,900,000","26,200,000","21,700,000","43,700,000","52,700,000","40,900,000","26,600,000","48,100,000","52,400,000","38,600,000","23,200,000","36,500,000","45,000,000","28,200,000","18,200,000","26,900,000","33,600,000","17,100,000","6,300,000","4,300,000","-23,300,000","-12,600,000","-17,300,000","-17,100,000","-1,500,000","-10,000,000","-18,200,000","-20,000,000","-3,900,000","-9,600,000","-19,800,000","-12,700,000","-8,600,000","-16,200,000"
	NetIncome,"412,000,000","91,600,000","111,100,000","97,700,000","111,600,000","62,000,000","76,200,000","10,300,000","-64,400,000","1,700,000","138,800,000","146,100,000","127,300,000","53,500,000","158,300,000","158,000,000","143,400,000","97,000,000","216,300,000","137,700,000","117,000,000","74,400,000","127,400,000","129,200,000","115,400,000","71,700,000","123,900,000","123,900,000","105,700,000","65,700,000","117,200,000","130,500,000","109,800,000","70,100,000","101,200,000","94,700,000","68,200,000","23,900,000","53,300,000","63,100,000","41,000,000","40,200,000","63,600,000","79,600,000","72,700,000","35,700,000","-350,400,000","51,300,000","32,700,000","2,800,000","19,600,000","-50,400,000","19,300,000","2,300,000","79,200,000","-43,200,000","107,400,000","75,500,000","133,100,000","131,700,000","160,400,000","59,500,000","164,400,000","100,600,000","80,400,000","52,600,000","89,100,000","76,300,000","62,500,000","32,200,000","69,600,000","83,400,000","53,100,000","39,600,000","49,900,000","43,800,000","29,100,000","15,000,000","40,100,000","40,500,000","25,700,000","6,900,000","26,400,000","37,100,000","34,600,000","26,800,000","53,500,000","54,100,000","38,000,000","25,600,000","48,700,000","48,900,000","31,800,000","20,600,000","-15,100,000","42,900,000","26,200,000","21,700,000","43,700,000","52,700,000","40,900,000","26,600,000","48,100,000","52,400,000","38,600,000","23,200,000","36,500,000","45,000,000","28,200,000","18,200,000","26,900,000","33,600,000","17,100,000","6,300,000","4,300,000","-23,300,000","-12,600,000","-17,300,000","-17,100,000","-1,500,000","-10,000,000","-18,200,000","-20,000,000","-3,900,000","-9,600,000","-19,800,000","-12,700,000","-8,600,000","-16,200,000"
		NetIncomeIncludingNoncontrollingInterests,"412,000,000","91,600,000","111,100,000","97,700,000","111,600,000","62,000,000","76,200,000","10,300,000","-64,400,000","1,700,000","138,800,000","146,100,000","127,300,000","53,500,000","158,300,000","158,000,000","143,400,000","97,000,000","216,300,000","137,700,000","117,000,000","74,400,000","127,400,000","129,200,000","115,400,000","71,700,000","123,900,000","123,900,000","105,700,000","65,700,000","117,200,000","130,500,000","109,800,000","70,100,000","101,200,000","94,700,000","68,200,000","23,900,000","53,300,000","63,100,000","41,000,000","40,200,000","63,600,000","79,600,000","72,700,000","35,700,000","-350,400,000","51,300,000","32,700,000","2,800,000","19,600,000","-50,400,000","19,300,000","2,300,000","79,200,000","-43,200,000","107,400,000","75,500,000","133,100,000","131,700,000","160,400,000","59,500,000","164,400,000","100,600,000","80,400,000","52,600,000","89,100,000","76,300,000","62,500,000","32,200,000","69,600,000","83,400,000","53,100,000","39,600,000","49,900,000","43,800,000","29,100,000","15,000,000","40,100,000","40,500,000","25,700,000","6,900,000","26,400,000","37,100,000","34,600,000","26,800,000","53,500,000","54,100,000","38,000,000","25,600,000","48,700,000","48,900,000","31,800,000","20,600,000","-15,100,000","42,900,000","26,200,000","21,700,000","43,700,000","52,700,000","40,900,000","26,600,000","48,100,000","52,400,000","38,600,000","23,200,000","36,500,000","45,000,000","28,200,000","18,200,000","26,900,000","33,600,000","17,100,000","6,300,000","4,300,000","-23,300,000","-12,600,000","-17,300,000","-17,100,000","-1,500,000","-10,000,000","-18,200,000","-20,000,000","-3,900,000","-9,600,000","-19,800,000","-12,700,000","-8,600,000","-16,200,000"
			NetIncomeContinuousOperations,"412,000,000","91,600,000","111,100,000","97,700,000","111,600,000","62,000,000","76,200,000","10,300,000","-64,400,000","1,700,000","138,800,000","146,100,000","127,300,000","53,500,000","158,300,000","158,000,000","143,400,000","97,000,000","216,300,000","137,700,000","117,000,000","74,400,000","127,400,000","129,200,000","115,400,000","71,700,000","123,900,000","123,900,000","105,700,000","65,700,000","117,200,000","130,500,000","109,800,000","70,100,000","101,200,000","94,700,000","68,200,000","23,900,000","53,300,000","63,100,000","41,000,000","40,200,000","63,600,000","79,600,000","72,700,000","35,700,000","-350,400,000","51,300,000","32,700,000","2,800,000","19,600,000","-50,400,000","19,300,000","2,300,000","79,200,000","-43,200,000","107,400,000","75,500,000","133,100,000","131,700,000","160,400,000","59,500,000","72,100,000","100,600,000","80,400,000","52,600,000","89,100,000","76,300,000","62,500,000","32,200,000","69,600,000","83,400,000","53,100,000","39,600,000","49,900,000","43,800,000","29,100,000","15,000,000","40,100,000","40,500,000","25,700,000","6,900,000","26,400,000","37,100,000","34,600,000","26,800,000","53,500,000","54,100,000","38,000,000","25,600,000","48,700,000","48,900,000","31,800,000","20,600,000","-15,100,000","42,900,000","26,200,000","21,700,000","43,700,000","52,700,000","40,900,000","26,600,000","48,100,000","52,400,000","38,600,000","23,200,000","36,500,000","45,000,000","28,200,000","18,200,000","26,900,000","33,600,000","17,100,000","6,300,000","4,300,000","-23,300,000","-12,600,000","-17,300,000","-10,000,000","-1,500,000","-10,000,000","-18,200,000","-20,000,000","-3,900,000","-9,600,000","-19,800,000","-12,700,000","-8,600,000","-16,200,000"
DilutedNIAvailtoComStockholders,"412,000,000","91,600,000","111,100,000","97,700,000","111,600,000","62,000,000","76,200,000","10,300,000","-64,400,000","1,700,000","138,800,000","146,100,000","127,300,000","53,500,000","158,300,000","158,000,000","143,400,000","97,000,000","216,300,000","137,700,000","117,000,000","74,400,000","127,400,000","129,200,000","115,400,000","71,700,000","123,900,000","123,900,000","105,700,000","65,700,000","117,200,000","130,500,000","109,800,000","70,100,000","101,200,000","94,700,000","68,200,000","23,900,000","53,300,000","63,100,000","41,000,000","40,200,000","63,600,000","79,600,000","72,700,000","35,700,000","-350,400,000","51,300,000","32,700,000","2,800,000","19,600,000","-50,400,000","19,300,000","2,300,000","79,200,000","-43,200,000","107,400,000","75,500,000","133,100,000","131,700,000","160,400,000","59,500,000","164,400,000","100,600,000","80,400,000","52,600,000","89,100,000","76,300,000","62,500,000","32,200,000","69,600,000","83,400,000","53,100,000","39,600,000","49,900,000","43,800,000","29,100,000","15,000,000","40,100,000","40,500,000","25,700,000","6,900,000","26,400,000","37,100,000","34,600,000","26,800,000","53,500,000","54,100,000","38,000,000","25,600,000","48,700,000","48,900,000","31,800,000","20,600,000","-15,100,000","42,900,000","26,200,000","21,700,000","43,700,000","52,700,000","40,900,000","26,600,000","48,100,000","52,400,000","38,600,000","23,200,000","36,500,000","45,000,000","28,200,000","18,200,000","26,900,000","33,600,000","17,100,000","6,300,000","4,300,000","-23,300,000","-12,600,000","-17,300,000","-17,100,000","-1,500,000","-10,000,000","-18,200,000","-20,000,000","-3,900,000","-9,600,000","-19,800,000","-12,700,000","-8,600,000","-16,200,000"
BasicEPS,,"1.71","2.05","1.8","2.05","1.12","1.34","0.18","-1.11","0.03","2.35","2.44","2.12","0.88","2.56","2.45","2.18","1.46","3.26","2.06","1.74","1.1","1.89","1.89","1.61","0.98","1.67","1.63","1.35","0.83","1.49","1.64","1.37","0.88","1.28","1.21","0.88","0.31","0.68","0.79","0.51","0.5",,"0.97","0.89","0.44",,"0.63","0.4","0.04",,"-0.64","0.25","0.03",,"-0.55","1.36","0.95",,"1.59","1.9","0.7",,"1.18","0.92","0.6",,"0.88","0.71","0.36",,"0.93","0.59","0.46",,"0.56","0.38","0.19",,"0.53","0.34","0.09",,"0.49","0.46","0.35",,"0.71","0.5","0.34",,"0.64","0.41","0.26",,"0.54","0.32","0.27",,"0.63","0.49","0.32",,"0.63","0.46","0.28",,"0.59","0.37","0.24",,"0.45","0.23","0.08",,"-0.32","-0.17","-0.23",,"-0.02","-0.14","-0.25",,"-0.06","-0.13","-0.27","-0.19","-0.12","-0.19"
DilutedEPS,,"1.68","2.02","1.77","2.02","1.11","1.33","0.18","-1.11","0.03","2.33","2.42","2.11","0.88","2.54","2.43","2.17","1.45","3.22","2.04","1.72","1.09","1.87","1.87","1.6","0.98","1.66","1.61","1.33","0.83","1.47","1.61","1.35","0.86","1.25","1.18","0.87","0.31","0.68","0.79","0.51","0.5",,"0.97","0.87","0.43",,"0.62","0.4","0.04",,"-0.64","0.25","0.03",,"-0.55","1.34","0.94",,"1.57","1.86","0.69",,"1.16","0.91","0.59",,"0.87","0.7","0.35",,"0.89","0.56","0.45",,"0.56","0.37","0.19",,"0.52","0.33","0.09",,"0.48","0.45","0.35",,"0.7","0.49","0.33",,"0.63","0.4","0.26",,"0.53","0.32","0.26",,"0.63","0.49","0.32",,"0.63","0.46","0.28",,"0.59","0.37","0.24",,"0.45","0.23","0.08",,"-0.32","-0.17","-0.23",,"-0.02","-0.14","-0.25",,"-0.06","-0.13","-0.27","-0.19","-0.12","-0.19"
BasicAverageShares,,"53,600,000","54,200,000","54,300,000","54,500,000","55,100,000","57,000,000","58,200,000","58,200,000","58,700,000","59,000,000","59,900,000","60,000,000","61,100,000","61,900,000","63,310,420","65,700,000","66,300,000","66,400,000","66,800,000","67,400,000","67,700,000","67,500,000","68,400,000","71,600,000","72,800,000","74,100,000","76,100,000","78,300,000","78,700,000","78,800,000","79,700,000","79,900,000","79,800,000","79,300,000","78,400,000","77,400,000","77,100,000","78,100,000","79,500,000","80,100,000","80,200,000",,"81,700,000","82,000,000","81,900,000",,"81,900,000","81,500,000","78,600,000",,"78,400,000","78,300,000","78,100,000",,"78,600,000","79,200,000","79,500,000",,"82,700,000","84,400,000","84,900,000",,"85,300,000","87,300,000","87,400,000",,"87,000,000","88,600,000","89,800,000",,"90,000,000","89,600,000","85,900,000",,"77,700,000","77,500,000","77,300,000",,"76,600,000","75,900,000","76,100,000",,"76,000,000","75,800,000","75,800,000",,"75,800,000","76,000,000","76,100,000",,"76,406,250","77,560,976","79,230,769",,"79,444,444","81,875,000","80,370,370",,"83,650,794","83,469,388","83,125,000",,"83,174,603","83,913,043","82,857,143",,"76,271,186","76,216,216","75,833,333",,"74,666,667","74,347,826","78,750,000",,"72,812,500","74,117,647","75,217,391",,"75,000,000","71,428,571","72,800,000",,"65,000,000","73,846,154","73,333,333","66,842,105","71,666,667","85,263,158"
DilutedAverageShares,,"54,400,000","55,000,000","55,200,000","55,400,000","55,700,000","57,400,000","58,500,000","58,500,000","59,000,000","59,500,000","60,300,000","60,400,000","61,100,000","62,300,000","63,310,420","66,100,000","66,900,000","67,300,000","67,600,000","68,000,000","68,400,000","68,300,000","69,000,000","72,300,000","73,500,000","74,900,000","77,000,000","79,300,000","79,600,000","79,800,000","81,100,000","81,400,000","81,200,000","80,800,000","80,000,000","78,600,000","78,200,000","78,600,000","80,000,000","80,400,000","80,900,000",,"82,400,000","83,300,000","83,600,000",,"82,700,000","82,500,000","79,900,000",,"78,400,000","78,800,000","78,300,000",,"78,600,000","80,300,000","80,300,000",,"84,100,000","86,200,000","86,500,000",,"86,700,000","88,700,000","88,700,000",,"88,200,000","89,500,000","96,900,000",,"93,900,000","97,400,000","87,800,000",,"78,800,000","78,300,000","77,900,000",,"77,400,000","77,500,000","77,300,000",,"76,900,000","76,900,000","76,900,000",,"77,100,000","77,100,000","77,200,000",,"77,619,048","79,500,000","79,230,769",,"80,943,396","81,875,000","83,461,538",,"83,650,794","83,469,388","83,125,000",,"83,174,603","83,913,043","82,857,143",,"76,271,186","76,216,216","75,833,333",,"74,666,667","74,347,826","78,750,000",,"72,812,500","74,117,647","75,217,391",,"75,000,000","71,428,571","72,800,000",,"65,000,000","73,846,154","73,333,333","66,842,105","71,666,667","85,263,158"
TotalOperatingIncomeAsReported,"625,700,000","138,700,000","166,600,000","150,500,000","169,900,000","98,400,000","138,300,000","61,600,000","-50,000,000","37,700,000","191,600,000","217,000,000","130,800,000","105,500,000","217,900,000","216,700,000","208,300,000","153,800,000","238,700,000","227,900,000","194,600,000","127,000,000","212,000,000","211,100,000","196,000,000","131,700,000","181,100,000","206,300,000","178,700,000","122,800,000","193,300,000","212,300,000","187,400,000","126,900,000","167,000,000","162,400,000","128,100,000","54,400,000","104,900,000","118,600,000","94,400,000","93,800,000","129,800,000","158,000,000","150,800,000","85,600,000","-342,600,000","108,900,000","79,100,000","32,600,000","33,100,000","-19,000,000","22,100,000","5,500,000","148,900,000","21,000,000","207,300,000","132,000,000","223,200,000","221,900,000","277,000,000","103,300,000","164,400,000","168,900,000","139,100,000","59,700,000","132,300,000","132,000,000","109,700,000","62,500,000","117,500,000","126,900,000","95,200,000","56,200,000","89,100,000","78,800,000","57,000,000","33,000,000","87,100,000","77,200,000","51,800,000","18,700,000","54,800,000","68,400,000","62,700,000","34,000,000","94,900,000","95,900,000","69,700,000","50,500,000","83,600,000","82,900,000","27,400,000","36,800,000","70,000,000","70,800,000","44,900,000","36,800,000","69,000,000","83,900,000","62,100,000","40,400,000","63,800,000","77,100,000","50,600,000","35,500,000","55,700,000","74,500,000","49,300,000","32,100,000","48,000,000","58,100,000","32,200,000","13,500,000","9,000,000","-8,500,000","-4,000,000","-11,700,000","400,000","14,900,000","-2,900,000","-11,400,000","-60,100,000","30,700,000","13,200,000","7,800,000","19,200,000","7,600,000","-12,600,000"
TotalExpenses,"20,317,600,000","5,004,600,000","5,215,700,000","4,990,100,000","5,107,200,000","4,826,000,000","4,916,600,000","4,523,200,000","3,725,400,000","4,581,400,000","5,005,000,000","5,031,900,000","5,178,300,000","4,939,400,000","5,175,300,000","5,202,000,000","5,448,600,000","5,368,600,000","5,398,800,000","5,236,900,000","4,980,200,000","4,630,200,000","4,744,100,000","4,877,100,000","4,826,100,000","4,456,000,000","4,772,800,000","4,766,200,000","4,682,600,000","4,419,400,000","4,927,800,000","5,203,700,000","5,134,300,000","4,777,100,000","5,085,100,000","5,026,400,000","4,912,600,000","4,714,500,000","5,097,700,000","5,053,700,000","5,112,300,000","5,002,600,000","5,354,200,000","5,624,300,000","5,516,500,000","4,986,800,000","5,123,400,000","4,863,100,000","4,506,500,000","4,066,700,000","4,369,800,000","4,150,100,000","3,774,500,000","3,641,600,000","4,280,900,000","5,647,400,000","5,697,600,000","5,254,600,000","5,411,700,000","5,073,500,000","4,757,400,000","4,432,300,000","4,383,400,000","4,475,900,000","4,300,900,000","3,870,200,000","3,990,900,000","4,012,800,000","3,944,000,000","3,696,200,000","3,955,200,000","3,773,900,000","3,527,200,000","3,277,900,000","3,200,100,000","3,124,400,000","2,956,400,000","2,646,000,000","2,751,000,000","2,808,700,000","2,551,100,000","2,265,300,000","2,481,800,000","2,607,000,000","2,557,400,000","2,599,700,000","2,644,600,000","2,725,000,000","2,644,400,000","2,517,800,000","2,576,900,000","2,523,900,000","2,300,200,000","2,138,400,000","2,357,600,000","2,307,000,000","2,091,200,000","1,836,100,000","1,903,300,000","1,889,100,000","1,730,100,000","1,480,600,000","1,551,800,000","1,617,400,000","1,410,000,000","1,273,700,000","1,336,900,000","1,446,400,000","1,321,800,000","1,167,500,000","1,207,700,000","1,183,200,000","955,800,000","798,000,000","817,300,000","883,900,000","782,200,000","712,200,000","787,700,000","923,100,000","772,600,000","702,200,000","769,100,000","706,200,000","659,500,000","673,500,000","845,800,000","716,000,000","735,600,000"
NetIncomeFromContinuingAndDiscontinuedOperation,"412,000,000","91,600,000","111,100,000","97,700,000","111,600,000","62,000,000","76,200,000","10,300,000","-64,400,000","1,700,000","138,800,000","146,100,000","127,300,000","53,500,000","158,300,000","158,000,000","143,400,000","97,000,000","216,300,000","137,700,000","117,000,000","74,400,000","127,400,000","129,200,000","115,400,000","71,700,000","123,900,000","123,900,000","105,700,000","65,700,000","117,200,000","130,500,000","109,800,000","70,100,000","101,200,000","94,700,000","68,200,000","23,900,000","53,300,000","63,100,000","41,000,000","40,200,000","63,600,000","79,600,000","72,700,000","35,700,000","-350,400,000","51,300,000","32,700,000","2,800,000","19,600,000","-50,400,000","19,300,000","2,300,000","79,200,000","-43,200,000","107,400,000","75,500,000","133,100,000","131,700,000","160,400,000","59,500,000","164,400,000","100,600,000","80,400,000","52,600,000","89,100,000","76,300,000","62,500,000","32,200,000","69,600,000","83,400,000","53,100,000","39,600,000","49,900,000","43,800,000","29,100,000","15,000,000","40,100,000","40,500,000","25,700,000","6,900,000","26,400,000","37,100,000","34,600,000","26,800,000","53,500,000","54,100,000","38,000,000","25,600,000","48,700,000","48,900,000","31,800,000","20,600,000","-15,100,000","42,900,000","26,200,000","21,700,000","43,700,000","52,700,000","40,900,000","26,600,000","48,100,000","52,400,000","38,600,000","23,200,000","36,500,000","45,000,000","28,200,000","18,200,000","26,900,000","33,600,000","17,100,000","6,300,000","4,300,000","-23,300,000","-12,600,000","-17,300,000","-10,000,000","-1,500,000","-10,000,000","-18,200,000","-20,000,000","-3,900,000","-9,600,000","-19,800,000","-12,700,000","-8,600,000","-16,200,000"
NormalizedIncome,"415,033,873.343","92,813,200","111,578,879.31","98,639,400","112,000,800","63,667,500","76,711,000","10,738,000","-15,271,000","3,963,000","138,949,167.114","149,027,400","167,495,500","55,617,000","157,265,842.277","160,310,000","143,327,500","96,929,600","216,686,250","137,763,500","117,127,000","74,466,400","128,176,434.738","129,200,000","115,835,400","72,241,800","120,322,654.081","123,774,200","105,700,000","66,120,000","116,684,835.165","130,951,500","109,249,200","69,380,000","101,713,054.499","94,519,100","69,110,000","24,160,000","49,465,000","63,945,000","41,000,000","40,200,000","59,440,000","80,770,000","74,195,000","35,700,000","77,612,705.615","51,040,000","33,220,000","5,010,000","21,320,975.61","-4,575,000","19,365,000","4,380,000","85,115,000","62,815,000","109,220,000","76,000,414.25","133,717,920.149","132,195,112.782","160,880,000","61,151,013.874","93,220,000","100,981,301.327","82,432,227.488","52,600,000","89,100,000","76,300,000","64,214,939.024","32,200,000","69,600,000","83,400,000","53,100,000","39,600,000","49,900,000","43,800,000","29,100,000","15,000,000","40,100,000","40,500,000","25,700,000","6,900,000","26,400,000","37,100,000","34,600,000","26,800,000","53,500,000","54,100,000","38,000,000","25,600,000","48,700,000","48,900,000","31,800,000","20,600,000","-15,100,000","42,900,000","26,200,000","21,700,000","43,700,000","53,400,120.773","40,900,000","26,600,000","38,983,451.202","52,810,980.392","32,881,481.481","23,200,000","36,500,000","45,000,000","28,200,000","18,200,000","26,900,000","33,600,000","17,100,000","6,300,000","4,300,000","-23,300,000","-10,740,000","-17,300,000","-10,000,000","-1,500,000","-9,760,000","-18,200,000","-49,520,000","8,040,000","-1,440,000","-7,920,000","-9,160,000","-8,600,000","-16,200,000"
InterestIncome,"11,700,000","2,800,000","2,900,000","2,900,000","3,100,000","3,100,000","3,200,000","3,100,000","3,100,000","3,700,000","2,800,000","600,000","1,100,000","1,500,000","1,900,000","1,500,000","1,400,000","1,200,000","1,400,000","1,200,000","1,200,000","1,000,000","1,100,000","1,000,000","800,000","700,000","600,000","700,000","700,000","500,000","1,000,000","1,400,000","1,100,000","900,000","1,000,000","900,000","900,000","900,000","1,900,000","1,500,000",,,"2,300,000","2,000,000","1,600,000","1,400,000","2,000,000","1,200,000","1,400,000","1,600,000","2,400,000","1,700,000","3,200,000","4,400,000",,,,,,,,,,,,,,,,,,,,,,,,,,,,,,,,,,,,,,,,,,,,,,,,,,,,,,,,,,,,,,,,,,,,,,,,,,,
InterestExpense,"39,000,000","10,400,000","9,300,000","9,600,000","9,700,000","10,200,000","11,000,000","10,800,000","10,400,000","11,100,000","11,100,000","11,900,000","11,200,000","10,200,000","9,900,000","10,200,000","13,300,000","13,600,000","10,100,000","9,700,000","9,100,000","9,300,000","10,000,000","9,200,000","9,200,000","9,500,000","10,600,000","9,200,000","8,200,000","8,000,000","8,400,000","9,600,000","9,300,000","8,600,000","8,200,000","7,900,000","10,300,000","10,700,000","10,700,000","10,300,000","11,300,000","11,800,000","10,300,000","11,200,000","11,100,000","12,500,000","10,100,000","10,000,000","12,500,000","11,100,000","13,200,000","21,500,000","13,900,000","13,100,000",,,,,,,,,,,,,,,,,,,,,,,,,,,,,,,,,,,,,,,,,,,,,,,,,,,,,,,,,,,,,,,,,,,,,,,,,,,
NetInterestIncome,"-27,300,000","-7,600,000","-6,400,000","-6,700,000","-6,600,000","-7,100,000","-7,800,000","-7,700,000","-7,300,000","-7,400,000","-8,300,000","-11,300,000","-10,100,000","-8,700,000","-8,000,000","-8,700,000","-11,900,000","-12,400,000","-8,700,000","-8,500,000","-7,900,000","-8,300,000","-8,900,000","-8,200,000","-8,400,000","-8,800,000","-10,000,000","-8,500,000","-7,500,000","-7,500,000","-7,400,000","-8,200,000","-8,200,000","-7,700,000","-7,200,000","-7,000,000","-9,400,000","-9,800,000","-8,800,000","-8,800,000","-11,300,000","-11,800,000","-8,000,000","-9,200,000","-9,500,000","-11,100,000","-8,100,000","-8,800,000","-11,100,000","-9,500,000","-10,800,000","-19,800,000","-10,700,000","-8,700,000",,,,,,,,,,,,,,,,,,,,,,,,,,,,,,,,,,,,,,,,,,,,,,,,,,,,,,,,,,,,,,,,,,,,,,,,,,,
EBIT,"650,100,000","146,400,000","171,700,000","155,200,000","176,800,000","103,200,000","141,700,000","66,400,000","-45,400,000","28,300,000","197,200,000","216,700,000","212,200,000","103,800,000","224,200,000","215,100,000","211,100,000","151,300,000","234,100,000","226,700,000","193,300,000","121,400,000","206,900,000","208,900,000","194,900,000","128,500,000","190,700,000","206,100,000","179,700,000","120,200,000","190,400,000","212,000,000","188,800,000","126,300,000","166,000,000","164,900,000","128,100,000","53,600,000","105,500,000","118,800,000","94,400,000","93,800,000","129,700,000","158,200,000","150,100,000","87,000,000","-342,500,000","110,500,000","79,700,000","30,800,000","33,700,000","-26,800,000","25,200,000","6,700,000","161,900,000","21,000,000","207,300,000","132,000,000","223,200,000","221,900,000","277,000,000","103,300,000","164,400,000","168,900,000","139,100,000","59,700,000","132,300,000","132,000,000","109,700,000","62,500,000","117,500,000","126,900,000","95,200,000","56,200,000","89,100,000","78,800,000","57,000,000","33,000,000","87,100,000","77,200,000","51,800,000","18,700,000","54,800,000","68,400,000","62,700,000","52,200,000","94,900,000","95,900,000","69,700,000","50,500,000","83,600,000","82,900,000","27,400,000","36,800,000","70,000,000","70,800,000","44,900,000","36,800,000","69,000,000","83,900,000","62,100,000","40,400,000","63,800,000","77,100,000","50,600,000","35,500,000","55,700,000","74,500,000","49,300,000","32,100,000","48,000,000","58,100,000","32,200,000","13,500,000","9,000,000","-8,500,000","-4,000,000","-11,700,000","400,000","14,900,000","-2,900,000","-11,400,000","-60,100,000","30,700,000","13,200,000","7,800,000","19,200,000","7,600,000","-12,600,000"
EBITDA,"726,900,000"
ReconciledCostOfRevenue,"17,406,800,000","4,246,200,000","4,456,000,000","4,287,600,000","4,417,000,000","4,156,300,000","4,256,000,000","3,859,700,000","3,165,500,000","3,895,100,000","4,337,000,000","4,408,600,000","4,502,700,000","4,240,100,000","4,512,900,000","4,528,100,000","4,734,200,000","4,637,000,000","4,703,000,000","4,564,200,000","4,313,100,000","3,969,400,000","4,115,100,000","4,229,900,000","4,161,400,000","3,813,900,000","4,102,800,000","4,120,400,000","4,030,700,000","3,780,200,000","4,252,300,000","4,510,400,000","4,424,400,000","4,087,500,000","4,365,500,000","4,335,200,000","4,204,300,000","3,978,800,000","4,325,900,000","4,316,100,000","4,345,000,000","4,249,000,000","4,548,800,000","4,831,000,000","4,705,100,000","4,214,800,000","4,303,900,000","4,130,800,000","3,788,600,000","3,397,800,000","3,656,500,000","3,485,500,000","3,101,200,000","2,977,300,000","3,639,200,000","4,640,800,000","4,751,300,000","4,418,900,000","4,584,800,000","4,321,000,000","4,010,300,000","3,735,600,000","3,779,800,000","3,800,600,000","3,623,600,000","3,212,500,000","3,352,400,000","3,388,200,000","3,314,500,000","3,076,700,000","3,308,500,000","3,172,700,000","2,943,100,000","2,717,600,000","2,689,500,000","2,653,600,000","2,491,900,000","2,213,000,000","2,322,400,000","2,373,600,000","2,135,300,000","1,869,200,000","2,057,200,000","2,170,800,000","2,131,000,000","2,149,800,000","2,209,100,000","2,296,900,000","2,218,800,000","2,104,400,000","2,179,900,000","2,136,900,000","1,907,400,000","1,777,300,000","1,994,600,000","1,966,500,000","1,761,600,000","1,533,000,000","1,597,300,000","1,612,000,000","1,462,900,000","1,234,500,000","1,287,700,000","1,369,600,000","1,182,700,000","1,056,300,000","1,123,100,000","1,236,500,000","1,118,800,000","977,200,000","1,017,700,000","1,010,300,000","799,100,000","652,000,000","657,600,000","702,400,000","598,900,000","556,500,000","565,000,000","771,400,000","608,400,000","542,000,000","553,700,000","572,600,000","523,200,000","518,700,000","645,200,000","538,300,000","549,500,000"
ReconciledDepreciation,"76,800,000","21,300,000","22,500,000","16,500,000","16,500,000","17,900,000","20,900,000","18,400,000","18,400,000","18,600,000","20,100,000","18,100,000","19,600,000","19,400,000","21,000,000","21,900,000","21,200,000","21,700,000","22,100,000","21,600,000","20,400,000","20,300,000","21,300,000","21,400,000","21,300,000","21,300,000","20,600,000","19,500,000","18,900,000","18,700,000","19,500,000","21,100,000","21,600,000","21,600,000","23,400,000","22,900,000","23,800,000","24,200,000","25,500,000","25,800,000","24,900,000","24,300,000","26,100,000","26,200,000","26,200,000","25,900,000","29,900,000","29,700,000","29,100,000","21,400,000","24,400,000","25,900,000","23,700,000","23,200,000","25,200,000","28,500,000","28,700,000","24,700,000","30,800,000","24,100,000","22,600,000","21,500,000","23,000,000","22,000,000","22,000,000","21,800,000","25,200,000","22,200,000","22,400,000","25,000,000","25,900,000","23,100,000","23,700,000","21,600,000","19,900,000","16,900,000","17,200,000","18,000,000","23,800,000","16,100,000","17,900,000","14,900,000","17,700,000","25,200,000","18,900,000","18,200,000","14,800,000","16,600,000","17,500,000","17,900,000","12,400,000","18,100,000","15,500,000","17,700,000","15,900,000","13,100,000","14,100,000","12,500,000","11,500,000","10,100,000","10,200,000","9,800,000","9,100,000","9,600,000","8,700,000","8,200,000","6,600,000","6,400,000","7,900,000","6,900,000","7,000,000","7,200,000","7,000,000","6,500,000","20,100,000","25,300,000","46,500,000","4,900,000","5,200,000","-33,200,000","25,300,000","25,000,000","81,900,000","5,200,000","4,600,000","9,500,000","39,800,000","31,000,000","28,800,000"
NetIncomeFromContinuingOperationNetMinorityInterest,"412,000,000","91,600,000","111,100,000","97,700,000","111,600,000","62,000,000","76,200,000","10,300,000","-64,400,000","1,700,000","138,800,000","146,100,000","127,300,000","53,500,000","158,300,000","158,000,000","143,400,000","97,000,000","216,300,000","137,700,000","117,000,000","74,400,000","127,400,000","129,200,000","115,400,000","71,700,000","123,900,000","123,900,000","105,700,000","65,700,000","117,200,000","130,500,000","109,800,000","70,100,000","101,200,000","94,700,000","68,200,000","23,900,000","53,300,000","63,100,000","41,000,000","40,200,000","63,600,000","79,600,000","72,700,000","35,700,000","-350,400,000","51,300,000","32,700,000","2,800,000","19,600,000","-50,400,000","19,300,000","2,300,000","79,200,000","-43,200,000","107,400,000","75,500,000","133,100,000","131,700,000","160,400,000","59,500,000","72,100,000","100,600,000","80,400,000","52,600,000","89,100,000","76,300,000","62,500,000","32,200,000","69,600,000","83,400,000","53,100,000","39,600,000","49,900,000","43,800,000","29,100,000","15,000,000","40,100,000","40,500,000","25,700,000","6,900,000","26,400,000","37,100,000","34,600,000","26,800,000","53,500,000","54,100,000","38,000,000","25,600,000","48,700,000","48,900,000","31,800,000","20,600,000","-15,100,000","42,900,000","26,200,000","21,700,000","43,700,000","52,700,000","40,900,000","26,600,000","48,100,000","52,400,000","38,600,000","23,200,000","36,500,000","45,000,000","28,200,000","18,200,000","26,900,000","33,600,000","17,100,000","6,300,000","4,300,000","-23,300,000","-12,600,000","-17,300,000","-10,000,000","-1,500,000","-10,000,000","-18,200,000","-20,000,000","-3,900,000","-9,600,000","-19,800,000","-12,700,000","-8,600,000","-16,200,000"
TotalUnusualItemsExcludingGoodwill,"-4,500,000","-1,800,000","-700,000","-1,400,000","-600,000","-2,500,000","-700,000","-600,000","-67,300,000","-3,100,000","-200,000","-4,100,000","-63,500,000","-2,900,000","1,400,000","-3,000,000","100,000","100,000","-400,000","-100,000","-200,000","-100,000","-1,200,000",,"-700,000","-900,000","5,200,000","200,000",,"-700,000","800,000","-700,000","900,000","1,200,000","-800,000","300,000","-1,400,000","-400,000","5,900,000","-1,300,000",,,"6,400,000","-1,800,000","-2,300,000","-2,300,000","-430,700,000","400,000","-800,000","-3,400,000","-1,800,000","-70,500,000","-100,000","-3,200,000","-9,100,000","-163,100,000","-2,800,000","-800,000","-1,000,000","-800,000","-800,000","-2,600,000","-35,200,000","-600,000","-3,200,000",,,,"-2,700,000",,,,,,,,,,,,,,,,,,,,,,,,,,,,,,,"-1,100,000",,,"13,400,000","-600,000","8,800,000",,,,,,,,,,,,"-3,100,000",,,,"-400,000",,"49,200,000","-19,900,000","-13,600,000","-19,800,000","-5,900,000",,
TotalUnusualItems,"-4,500,000","-1,800,000","-700,000","-1,400,000","-600,000","-2,500,000","-700,000","-600,000","-67,300,000","-3,100,000","-200,000","-4,100,000","-63,500,000","-2,900,000","1,400,000","-3,000,000","100,000","100,000","-400,000","-100,000","-200,000","-100,000","-1,200,000",,"-700,000","-900,000","5,200,000","200,000",,"-700,000","800,000","-700,000","900,000","1,200,000","-800,000","300,000","-1,400,000","-400,000","5,900,000","-1,300,000",,,"6,400,000","-1,800,000","-2,300,000","-2,300,000","-430,700,000","400,000","-800,000","-3,400,000","-1,800,000","-70,500,000","-100,000","-3,200,000","-9,100,000","-163,100,000","-2,800,000","-800,000","-1,000,000","-800,000","-800,000","-2,600,000","-35,200,000","-600,000","-3,200,000",,,,"-2,700,000",,,,,,,,,,,,,,,,,,,,,,,,,,,,,,,"-1,100,000",,,"13,400,000","-600,000","8,800,000",,,,,,,,,,,,"-3,100,000",,,,"-400,000",,"49,200,000","-19,900,000","-13,600,000","-19,800,000","-5,900,000",,
NormalizedEBITDA,"731,400,000","169,500,000","194,900,000","173,100,000","193,900,000","123,600,000","163,300,000","85,400,000","40,300,000","50,000,000","217,500,000","238,900,000","295,300,000","126,100,000","243,800,000","240,000,000","232,200,000","172,900,000","256,600,000","248,400,000","213,900,000","141,800,000","229,400,000","230,300,000","216,900,000","150,700,000","206,100,000","225,400,000","198,600,000","139,600,000","209,100,000","233,800,000","209,500,000","146,700,000","190,200,000","187,500,000","153,300,000","78,200,000","125,100,000","145,900,000","119,300,000","118,100,000","149,400,000","186,200,000","178,600,000","112,900,000","118,100,000","139,800,000","109,600,000","55,600,000","59,900,000","69,600,000","49,000,000","33,100,000","196,200,000","212,600,000","238,800,000","157,500,000","255,000,000","246,800,000","300,400,000","127,400,000","222,600,000","191,500,000","164,300,000","81,500,000","157,500,000","154,200,000","134,800,000","87,500,000","143,400,000","150,000,000","118,900,000","77,800,000","109,000,000","95,700,000","74,200,000","51,000,000","110,900,000","93,300,000","69,700,000","33,600,000","72,500,000","93,600,000","81,600,000","70,400,000","109,700,000","112,500,000","87,200,000","68,400,000","96,000,000","101,000,000","42,900,000","54,500,000","85,900,000","83,900,000","59,000,000","49,300,000","80,500,000","95,200,000","72,300,000","50,200,000","59,500,000","87,300,000","50,500,000","43,700,000","62,300,000","80,900,000","57,200,000","39,000,000","55,000,000","65,300,000","39,200,000","20,000,000","29,100,000","37,600,000","45,600,000","-6,800,000","5,600,000","14,900,000","22,800,000","13,600,000","-27,400,000","55,800,000","31,400,000","37,100,000","64,900,000","38,600,000","16,200,000"
TaxRateForCalcs,"0.326","0.326","0.316","0.329","0.332","0.333","0.27","0.27","0.27","0.27","0.254","0.286","0.367","0.27","0.261","0.23","0.275","0.296","0.034","0.365","0.365","0.336","0.353","0.353","0.378","0.398","0.312","0.371","0.383","0.4","0.356","0.355","0.388","0.4","0.359","0.397","0.35","0.35","0.35","0.35","0.35","0.35","0.35","0.35","0.35","0.35","0.006","0.35","0.35","0.35","0.044","0.35","0.35","0.35","0.35","0.35","0.35","0.374","0.382","0.381","0.4","0.365","0.4","0.364","0.365","0.308","0.289","0.365","0.365","0.366","0.359","0.292","0.359","0.342","0.015","0.369","0.391","0.4","0.4","0.385","0.391","0.355","0.4","0.36","0.36","0.36","0.353","0.354","0.356","0.355","0.357","0.355","0.4","0.354","0.4","0.355","0.355","0.354","0.335","0.364","0.33","0.33","0.32","0.315","0.35","0.35","0.351","0.376","0.384","0.385","0.379","0.377","0.4","0.4","0.328","0.4","0.4","0.4","0.4","0.4","0.4","0.4","0.4","0.4","0.4","0.4","0.4","0.4","0.4"
TaxEffectOfUnusualItems,"-1,466,126.657","-586,800","-221,120.69","-460,600","-199,200","-832,500","-189,000","-162,000","-18,171,000","-837,000","-50,832.886","-1,172,600","-23,304,500","-783,000","365,842.277","-690,000","27,500","29,600","-13,750","-36,500","-73,000","-33,600","-423,565.262","0","-264,600","-358,200","1,622,654.081","74,200","0","-280,000","284,835.165","-248,500","349,200","480,000","-286,945.501","119,100","-490,000","-140,000","2,065,000","-455,000","0","0","2,240,000","-630,000","-805,000","0","-2,687,294.385","140,000","-280,000","-1,190,000","-79,024.39","-24,675,000","-35,000","-1,120,000","-3,185,000","-57,085,000","-980,000","-299,585.75","-382,079.851","-304,887.218","-320,000","-948,986.126","-14,080,000","-218,698.673","-1,167,772.512","0","0","0","-985,060.976","0","0","0","0","0","0","0","0","0","0","0","0","0","0","0","0","0","0","0","0","0","0","0","0","0","0","0","0","0","0","-399,879.227","0","0","4,283,451.202","-189,019.608","3,081,481.481","0","0","0","0","0","0","0","0","0","0","0","-1,240,000","0","0","0","-160,000","0","19,680,000","-7,960,000","-5,440,000","-7,920,000","-2,360,000","0","0"