name,ttm,03/31/2022,12/31/2021,09/30/2021,06/30/2021,03/31/2021,12/31/2020,09/30/2020,06/30/2020,03/31/2020,12/31/2019,09/30/2019,06/30/2019,03/31/2019,12/31/2018,09/30/2018,06/30/2018,03/31/2018,12/31/2017,09/30/2017,06/30/2017,03/31/2017,12/31/2016,09/30/2016,06/30/2016,03/31/2016,12/31/2015,09/30/2015,06/30/2015,03/31/2015,12/31/2014,09/30/2014,06/30/2014,03/31/2014,12/31/2013,09/30/2013,06/30/2013,03/31/2013,12/31/2012,09/30/2012,06/30/2012,03/31/2012,12/31/2011,09/30/2011,06/30/2011,03/31/2011,12/31/2010,09/30/2010,06/30/2010,03/31/2010,12/31/2009,09/30/2009,06/30/2009,03/31/2009,12/31/2008,09/30/2008,06/30/2008,03/31/2008,12/31/2007,09/30/2007,06/30/2007,03/31/2007,12/31/2006,09/30/2006,06/30/2006,03/31/2006,12/31/2005,09/30/2005,06/30/2005,03/31/2005,12/31/2004,09/30/2004,06/30/2004,03/31/2004,12/31/2003,09/30/2003,06/30/2003,03/31/2003,12/31/2002,09/30/2002,06/30/2002,03/31/2002,12/31/2001,09/30/2001,06/30/2001,03/31/2001,12/31/2000,09/30/2000,06/30/2000,03/31/2000,12/31/1999,09/30/1999,06/30/1999,03/31/1999,12/31/1998,09/30/1998,06/30/1998,03/31/1998,12/31/1997,09/30/1997,06/30/1997,03/31/1997,12/31/1996,09/30/1996,06/30/1996,03/31/1996,12/31/1995,09/30/1995,06/30/1995,03/31/1995,12/31/1994,09/30/1994,06/30/1994,03/31/1994,12/31/1993,09/30/1993,06/30/1993,03/31/1993,12/31/1992,09/30/1992,06/30/1992,03/31/1992,12/31/1991,09/30/1991,06/30/1991,03/31/1991,12/31/1990,09/30/1990,06/30/1990,03/31/1990,12/31/1989,09/30/1989,06/30/1989,03/31/1989,12/31/1988,09/30/1988,06/30/1988,03/31/1988,12/31/1987,09/30/1987,06/30/1987,03/31/1987,12/31/1986,09/30/1986,06/30/1986,03/31/1986,12/31/1985,09/30/1985
TotalRevenue,"5,624,850,000","1,041,301,000","1,794,890,000","1,762,293,000","1,026,366,000","874,192,000","1,625,763,000","1,631,691,000","732,136,000","594,069,000","1,473,705,000","1,481,557,000","860,063,000","689,246,000","1,524,281,000","1,437,451,000","840,748,000","708,372,000","1,610,873,000","1,560,983,000","974,477,000","735,618,000","1,834,400,000","1,795,575,000","957,276,000","869,399,000","1,999,744,000","1,791,968,000","988,152,000","922,749,000","1,993,966,000","2,021,424,000","1,062,252,000","946,177,000","2,113,216,000","2,206,961,000","1,169,109,000","995,606,000","2,255,905,000","2,077,816,000","1,158,711,000","928,449,000","2,153,754,000","1,998,760,000","1,161,667,000","951,856,000","2,124,554,000","1,833,056,000","1,018,503,000","880,082,000","1,955,128,000","1,791,875,000","898,197,000","785,646,000","1,939,957,000","1,946,315,000","1,112,431,000","919,299,000","2,188,626,000","1,838,574,000","1,002,625,000","940,265,000","2,108,842,000","1,790,312,000","957,655,000","793,347,000","1,842,928,000","1,666,145,000","886,823,000","783,120,000","1,850,379,000","1,667,461,000","804,002,000","780,944,000","1,741,149,000","1,704,674,000","768,994,000","745,283,000","1,669,488,000","1,669,424,000","804,444,000","741,984,000","1,605,081,000","1,612,767,000","854,266,000","731,948,000","1,575,121,000","1,583,763,000","817,797,000","693,261,000","1,770,600,000","1,825,200,000","1,040,200,000","692,100,000","1,543,100,000","1,672,100,000","861,500,000","705,200,000","1,613,100,000","1,555,300,000","972,700,000","693,500,000","1,190,600,000","1,232,200,000","777,400,000","585,900,000","1,155,300,000","1,176,500,000","763,500,000","543,600,000","1,030,400,000","1,037,100,000","650,300,000","487,300,000","1,275,900,000","671,100,000","411,200,000","346,200,000","511,000,000","606,500,000","404,300,000","326,100,000","513,600,000","523,500,000","322,500,000","262,100,000","428,200,000","490,400,000","318,000,000","234,000,000","359,400,000","410,000,000","272,300,000","195,300,000","287,600,000","306,600,000","207,100,000","188,600,000","233,900,000","318,100,000","256,400,000","211,800,000","271,900,000","344,400,000","243,200,000","199,100,000","244,200,000","328,100,000"
	OperatingRevenue,"5,624,850,000","1,041,301,000","1,794,890,000","1,762,293,000","1,026,366,000","874,192,000","1,625,763,000","1,631,691,000","732,136,000","594,069,000","1,473,705,000","1,481,557,000","860,063,000","689,246,000","1,524,281,000","1,437,451,000","840,748,000","708,372,000","1,610,873,000","1,560,983,000","974,477,000","735,618,000","1,834,400,000","1,795,575,000","957,276,000","869,399,000","1,999,744,000","1,791,968,000","988,152,000","922,749,000","1,993,966,000","2,021,424,000","1,062,252,000","946,177,000","2,113,216,000","2,206,961,000","1,169,109,000","995,606,000","2,255,905,000","2,077,816,000","1,158,711,000","928,449,000","2,153,754,000","1,998,760,000","1,161,667,000","951,856,000","2,124,554,000","1,833,056,000","1,018,503,000","880,082,000","1,955,128,000","1,791,875,000","898,197,000","785,646,000","1,939,957,000","1,946,315,000","1,112,431,000","919,299,000","2,188,626,000","1,838,574,000","1,002,625,000","940,265,000","2,108,842,000","1,790,312,000","957,655,000","793,347,000","1,842,928,000","1,666,145,000","886,823,000","783,120,000","1,850,379,000","1,667,461,000","804,002,000","780,944,000","1,741,149,000","1,704,674,000","768,994,000","745,283,000","1,669,488,000","1,669,424,000","804,444,000","741,984,000","1,605,081,000","1,612,767,000","854,266,000","731,948,000","1,575,121,000","1,583,763,000","817,797,000","693,261,000","1,770,600,000","1,825,200,000","1,040,200,000","692,100,000","1,543,100,000","1,672,100,000","861,500,000","705,200,000","1,613,100,000","1,555,300,000","972,700,000","693,500,000","1,190,600,000","1,232,200,000","777,400,000","585,900,000","1,155,300,000","1,176,500,000","763,500,000","543,600,000","1,030,400,000","1,037,100,000","650,300,000","487,300,000","1,275,900,000","671,100,000","411,200,000","346,200,000","511,000,000","606,500,000","404,300,000","326,100,000","513,600,000","523,500,000","322,500,000","262,100,000","428,200,000","490,400,000","318,000,000","234,000,000","359,400,000","410,000,000","272,300,000","195,300,000","287,600,000","306,600,000","207,100,000","188,600,000","233,900,000","318,100,000","256,400,000","211,800,000","271,900,000","344,400,000","243,200,000","199,100,000","244,200,000","328,100,000"
CostOfRevenue,"2,927,130,000","558,406,000","910,609,000","919,754,000","538,361,000","465,188,000","790,584,000","799,307,000","411,288,000","338,886,000","760,527,000","795,130,000","518,679,000","449,456,000","814,687,000","824,395,000","587,546,000","489,499,000","1,115,736,000","913,834,000","574,712,000","456,840,000","973,012,000","924,810,000","523,709,000","480,728,000","996,289,000","912,371,000","515,294,000","472,301,000","988,183,000","1,000,286,000","569,682,000","464,646,000","962,372,000","1,018,981,000","569,101,000","455,555,000","1,029,972,000","962,445,000","564,189,000","455,078,000","993,390,000","1,042,686,000","605,426,000","478,709,000","1,028,580,000","895,525,000","528,887,000","448,230,000","910,978,000","873,260,000","492,137,000","439,774,000","1,047,791,000","1,046,245,000","617,097,000","522,463,000","1,137,886,000","973,862,000","559,463,000","521,579,000","1,096,496,000","938,943,000","541,535,000","461,389,000","962,194,000","904,888,000","500,006,000","439,060,000","954,333,000","870,807,000","437,654,000","429,267,000","876,065,000","864,605,000","412,670,000","377,277,000","835,153,000","829,024,000","450,086,000","410,090,000","817,609,000","839,488,000","475,357,000","404,724,000","713,633,000","866,204,000","402,680,000","330,251,000","929,600,000","907,500,000","487,600,000","329,000,000","740,100,000","763,900,000","410,500,000","331,400,000","761,400,000","705,100,000","461,500,000","316,700,000","546,600,000","553,900,000","363,600,000","264,200,000","535,100,000","563,900,000","364,100,000","253,500,000","469,100,000","475,700,000","308,800,000","225,700,000","606,100,000","299,800,000","180,700,000","164,800,000","241,600,000","278,600,000","183,100,000","155,400,000","247,600,000","243,000,000","149,900,000","126,400,000","215,300,000","237,000,000","151,100,000","115,700,000",,,,,,,,,,,,,,,,,,
GrossProfit,"2,697,720,000","482,895,000","884,281,000","842,539,000","488,005,000","409,004,000","835,179,000","832,384,000","320,848,000","255,183,000","713,178,000","686,427,000","341,384,000","239,790,000","709,594,000","613,056,000","253,202,000","218,873,000","495,137,000","647,149,000","399,765,000","278,778,000","861,388,000","870,765,000","433,567,000","388,671,000","1,003,455,000","879,597,000","472,858,000","450,448,000","1,005,783,000","1,021,138,000","492,570,000","481,531,000","1,150,844,000","1,187,980,000","600,008,000","540,051,000","1,225,933,000","1,115,371,000","594,522,000","473,371,000","1,160,364,000","956,074,000","556,241,000","473,147,000","1,095,974,000","937,531,000","489,616,000","431,852,000","1,044,150,000","918,615,000","406,060,000","345,872,000","892,166,000","900,070,000","495,334,000","396,836,000","1,050,740,000","864,712,000","443,162,000","418,686,000","1,012,346,000","851,369,000","416,120,000","331,958,000","880,734,000","761,257,000","386,817,000","344,060,000","896,046,000","796,654,000","366,348,000","351,677,000","865,084,000","840,069,000","356,324,000","368,006,000","834,335,000","840,400,000","354,358,000","331,894,000","787,472,000","773,279,000","378,909,000","327,224,000","861,488,000","717,559,000","415,117,000","363,010,000","841,000,000","917,700,000","552,600,000","363,100,000","803,000,000","908,200,000","451,000,000","373,800,000","851,700,000","850,200,000","511,200,000","376,800,000","644,000,000","678,300,000","413,800,000","321,700,000","620,200,000","612,600,000","399,400,000","290,100,000","561,300,000","561,400,000","341,500,000","261,600,000","669,800,000","371,300,000","230,500,000","181,400,000","269,400,000","327,900,000","221,200,000","170,700,000","266,000,000","280,500,000","172,600,000","135,700,000","212,900,000","253,400,000","166,900,000","118,300,000",,,,,,,,,,,,,,,,,,
OperatingExpense,"1,921,962,000","402,828,000","626,805,000","453,465,000","438,865,000","377,966,000","642,499,000","448,227,000","366,989,000","404,993,000","645,598,000","536,340,000","392,800,000","370,749,000","602,203,000","491,182,000","442,393,000","495,454,000","747,957,000","561,447,000","448,442,000","405,806,000","598,745,000","553,369,000","445,227,000","437,817,000","709,402,000","578,824,000","472,295,000","504,915,000","768,774,000","611,659,000","491,562,000","475,313,000","671,537,000","659,805,000","505,218,000","474,220,000","852,454,000","628,004,000","463,089,000","444,635,000","662,858,000","558,504,000","446,974,000","436,389,000","667,366,000","578,900,000","420,180,000","386,625,000","626,740,000","582,161,000","373,547,000","401,081,000","659,796,000","674,721,000","464,726,000","433,371,000","688,670,000","554,184,000","406,313,000","398,055,000","623,683,000","528,134,000","366,209,000","363,949,000","559,059,000","452,457,000","358,292,000","338,531,000","582,010,000","435,798,000","323,133,000","338,967,000","561,137,000","459,913,000","311,278,000","306,676,000","542,513,000","468,570,000","299,185,000","292,578,000","547,426,000","455,877,000","330,396,000","315,027,000","606,565,000","514,120,000","381,908,000","406,671,000","835,600,000","701,600,000","441,100,000","361,000,000","703,800,000","528,000,000","346,900,000","331,700,000","554,300,000","493,000,000","376,700,000","341,900,000","459,400,000","399,800,000","292,200,000","262,800,000","426,900,000","371,300,000","280,900,000","241,500,000","490,900,000","334,300,000","239,600,000","211,900,000","610,200,000","230,500,000","167,700,000","145,300,000","213,000,000","204,100,000","171,700,000","139,000,000","201,500,000","175,200,000","126,000,000","114,300,000","177,900,000","165,800,000","124,700,000","100,500,000",,,,,,,,,,,,,,,,,,
	SellingGeneralAndAdministration,"1,921,962,000","402,828,000","626,805,000","453,465,000","438,865,000","377,966,000","642,499,000","448,227,000","366,989,000","404,993,000","645,598,000","536,340,000","392,800,000","370,749,000","602,203,000","491,182,000","442,393,000","495,454,000","747,957,000","561,447,000","448,442,000","405,806,000","598,745,000","553,369,000","445,227,000","437,817,000","709,402,000","578,824,000","472,295,000","504,915,000","768,774,000","611,659,000","491,562,000","475,313,000","671,537,000","659,805,000","505,218,000","474,220,000","852,454,000","628,004,000","463,089,000","444,635,000","662,858,000","558,504,000","446,974,000","436,389,000","667,366,000","578,900,000","420,180,000","386,625,000","626,740,000","582,161,000","373,547,000","401,081,000","659,796,000","584,721,000","464,726,000","433,371,000","688,670,000","554,184,000","406,313,000","398,055,000","623,683,000","529,134,000","366,209,000","363,949,000","559,059,000","452,457,000","358,292,000","338,531,000","582,010,000","435,798,000","323,133,000","338,967,000","561,137,000","459,913,000","311,278,000","306,676,000","542,512,000","468,570,000","299,185,000","292,578,000","534,547,000","443,149,000","317,669,000","302,217,000","540,188,000","449,904,000","317,297,000","345,486,000","750,700,000","628,400,000","381,600,000","301,500,000","641,000,000","472,000,000","300,600,000","281,900,000","520,700,000","443,000,000","324,400,000","287,900,000","420,500,000","360,800,000","257,000,000","226,900,000","387,200,000","341,700,000","248,200,000","210,500,000","449,500,000","301,900,000","212,600,000","188,400,000","568,000,000","214,000,000","149,200,000","130,500,000","196,600,000","189,600,000","154,400,000","123,600,000","186,700,000","160,000,000","111,400,000","101,200,000","165,400,000","150,300,000","111,600,000","91,300,000",,,,,,,,,,,,,,,,,,
		GeneralAndAdministrativeExpense,"1,376,632,000","329,076,000","361,205,000","335,815,000","350,537,000","303,870,000","364,677,000","345,700,000","306,817,000","328,711,000","418,414,000","365,961,000","308,311,000","301,284,000","394,305,000","325,874,000","360,000,000","424,617,000","454,423,000","381,756,000","352,943,000","332,244,000","348,412,000","350,469,000","350,456,000","350,874,000","411,967,000","365,579,000","367,551,000","402,487,000","444,964,000","392,913,000","391,709,000","384,479,000","388,661,000","410,419,000","391,815,000","369,680,000","579,698,000","393,211,000","350,694,000","346,776,000","401,491,000","338,640,000","330,807,000","334,540,000","417,751,000","377,264,000","318,330,000","292,456,000","387,977,000","385,055,000","283,727,000","317,017,000","384,229,000","360,895,000","347,921,000","330,410,000","403,754,000","342,748,000","299,207,000","292,745,000","368,001,000","323,248,000","265,655,000","275,096,000","302,376,000","260,850,000","265,176,000","250,822,000","302,970,000","243,710,000","238,712,000","251,549,000","286,224,000","263,275,000","230,530,000","222,870,000","342,520,000","281,590,000","216,327,000","209,907,000","286,192,000","230,264,000","214,303,000","205,319,000",,,,,,,,,,,,,,,,,,,,,,,,,,,,,,,,,,,,,,,,,,,,,,,,,,,,,,,,,,,,,,
			OtherGandA,"1,376,632,000","329,076,000","361,205,000","335,815,000","350,537,000","303,870,000","364,677,000","345,700,000","306,817,000","328,711,000","418,414,000","365,961,000","308,311,000","301,284,000","394,305,000","325,874,000","360,000,000","424,617,000","454,423,000","381,756,000","352,943,000","332,244,000","348,412,000","350,469,000","350,456,000","350,874,000","411,967,000","365,579,000","367,551,000","402,487,000","444,964,000","392,913,000","391,709,000","384,479,000","388,661,000","410,419,000","391,815,000","369,680,000","579,698,000","393,211,000","350,694,000","346,776,000","401,491,000","338,640,000","330,807,000","334,540,000","417,751,000","377,264,000","318,330,000","292,456,000","387,977,000","385,055,000","283,727,000","317,017,000","384,229,000","360,895,000","347,921,000","330,410,000","403,754,000","342,748,000","299,207,000","292,745,000","368,001,000","323,248,000","265,655,000","275,096,000","302,376,000","260,850,000","265,176,000","250,822,000","302,970,000","243,710,000","238,712,000","251,549,000","286,224,000","263,275,000","230,530,000","222,870,000","342,520,000","281,590,000","216,327,000","209,907,000","286,192,000","230,264,000","214,303,000","205,319,000",,,,,,,,,,,,,,,,,,,,,,,,,,,,,,,,,,,,,,,,,,,,,,,,,,,,,,,,,,,,,,
		SellingAndMarketingExpense,"545,330,000","73,752,000","265,600,000","117,650,000","88,328,000","74,096,000","277,822,000","102,527,000","60,172,000","76,282,000","227,184,000","170,379,000","84,489,000","69,465,000","207,898,000","165,308,000","82,393,000","70,837,000","293,534,000","179,691,000","95,499,000","73,562,000","250,333,000","202,900,000","94,771,000","86,943,000","297,435,000","213,245,000","104,744,000","102,428,000","323,810,000","218,746,000","99,853,000","90,834,000","282,876,000","249,386,000","113,403,000","104,540,000","272,756,000","234,793,000","112,395,000","97,859,000","261,367,000","219,864,000","116,167,000","101,849,000","249,615,000","201,636,000","101,850,000","94,169,000","238,763,000","197,106,000","89,820,000","84,064,000","275,567,000","223,826,000","116,805,000","102,961,000","284,916,000","211,436,000","107,106,000","105,310,000","255,682,000","205,886,000","100,554,000","88,853,000","256,683,000","191,607,000","93,116,000","87,709,000","279,040,000","192,088,000","84,421,000","87,418,000","274,913,000","196,638,000","80,748,000","83,806,000","199,992,000","186,980,000","82,858,000","82,671,000","248,355,000","212,885,000","103,366,000","96,898,000",,,,,,,,,,,,,,,,,,,,,,,,,,,,,,,,,,,,,,,,,,,,,,,,,,,,,,,,,,,,,,
	DepreciationAmortizationDepletionIncomeStatement,,,,,,,,,,,,,,,,,,,,,,,,,,,,,,,,,,,,,,,,,,,,,,,,,,,,,,,,,,,,,,,,,,,,,,,,,,,,,,,,,,,"12,879,000","12,728,000","12,727,000","12,810,000","66,377,000","64,216,000","64,611,000","61,185,000","84,900,000","73,200,000","59,500,000","59,500,000","62,800,000","56,000,000","46,300,000","49,800,000","33,600,000","50,000,000","52,300,000","54,000,000","38,900,000","39,000,000","35,200,000","35,900,000","39,700,000","29,600,000","32,700,000","31,000,000","41,400,000","32,400,000","27,000,000","23,500,000","42,200,000","16,500,000","18,500,000","14,800,000","16,400,000","14,500,000","17,300,000","15,400,000","14,800,000","15,200,000","14,600,000","13,100,000","12,500,000","15,500,000","13,100,000","9,200,000",,,,,,,,,,,,,,,,,,
		DepreciationAndAmortizationInIncomeStatement,,,,,,,,,,,,,,,,,,,,,,,,,,,,,,,,,,,,,,,,,,,,,,,,,,,,,,,,,,,,,,,,,,,,,,,,,,,,,,,,,,,"12,879,000","12,728,000","12,727,000","12,810,000","66,377,000","64,216,000","64,611,000","61,185,000","84,900,000","73,200,000","59,500,000","59,500,000","62,800,000","56,000,000","46,300,000","49,800,000","33,600,000","50,000,000","52,300,000","54,000,000","38,900,000","39,000,000","35,200,000","35,900,000","39,700,000","29,600,000","32,700,000","31,000,000","41,400,000","32,400,000","27,000,000","23,500,000","42,200,000","16,500,000","18,500,000","14,800,000","16,400,000","14,500,000","17,300,000","15,400,000","14,800,000","15,200,000","14,600,000","13,100,000","12,500,000","15,500,000","13,100,000","9,200,000",,,,,,,,,,,,,,,,,,
			Amortization,,,,,,,,,,,,,,,,,,,,,,,,,,,,,,,,,,,,,,,,,,,,,,,,,,,,,,,,,,,,,,,,,,,,,,,,,,,,,,,,,,,"12,879,000","12,728,000","12,727,000","12,810,000",,,,,,,,,,,,,,,,,,,,,,,,,,,,,,,,,,,,,,,,,,,,,,,,,,,,,,,,,,,,,,
				AmortizationOfIntangiblesIncomeStatement,,,,,,,,,,,,,,,,,,,,,,,,,,,,,,,,,,,,,,,,,,,,,,,,,,,,,,,,,,,,,,,,,,,,,,,,,,,,,,,,,,,"12,879,000","12,728,000","12,727,000","12,810,000",,,,,,,,,,,,,,,,,,,,,,,,,,,,,,,,,,,,,,,,,,,,,,,,,,,,,,,,,,,,,,
	OtherOperatingExpenses,,,,,,,,,,,,,,,,,,,,,,,,,,,,,,,,,,,,,,,,,,,,,,,,,,,,,,,,"90,000,000",,,,,,,,"-1,000,000",,,,,,,,,,,,,,,,,,,,,,,,,,,,,,,,,,,,,,,,,,,,,,,,,,,,,,,,,,,,,,,,,,,,,,,,,,,,,,,,,,,,
OperatingIncome,"775,758,000","80,067,000","257,476,000","389,074,000","49,140,000","31,038,000","192,680,000","384,157,000","-46,141,000","-149,810,000","67,580,000","150,087,000","-51,416,000","-130,959,000","107,391,000","121,874,000","-189,191,000","-276,581,000","-252,820,000","85,702,000","-48,677,000","-127,028,000","262,643,000","317,396,000","-11,660,000","-49,146,000","294,053,000","300,773,000","563,000","-54,467,000","237,009,000","409,479,000","1,008,000","6,218,000","479,307,000","528,175,000","94,790,000","65,831,000","373,479,000","487,367,000","131,433,000","28,736,000","497,506,000","397,570,000","109,267,000","36,758,000","428,608,000","358,631,000","69,436,000","45,227,000","417,410,000","336,454,000","32,513,000","-55,209,000","232,370,000","225,349,000","30,608,000","-36,535,000","362,070,000","310,528,000","36,849,000","20,631,000","388,663,000","323,235,000","49,911,000","-31,991,000","321,675,000","308,800,000","28,525,000","5,529,000","314,036,000","360,856,000","43,215,000","12,710,000","303,947,000","380,156,000","45,046,000","61,330,000","291,822,000","371,830,000","55,173,000","39,316,000","240,046,000","317,402,000","48,513,000","12,197,000","254,923,000","203,439,000","33,209,000","-43,661,000","5,400,000","216,100,000","111,500,000","2,100,000","99,200,000","380,200,000","104,100,000","42,100,000","297,400,000","357,200,000","134,500,000","34,900,000","184,600,000","278,500,000","121,600,000","58,900,000","193,300,000","241,300,000","118,500,000","48,600,000","70,400,000","227,100,000","101,900,000","49,700,000","59,600,000","140,800,000","62,800,000","36,100,000","56,400,000","123,800,000","49,500,000","31,700,000","64,500,000","105,300,000","46,600,000","21,400,000","35,000,000","87,600,000","42,200,000","17,800,000","-714,500,000","410,000,000","272,300,000","195,300,000","-602,700,000","306,600,000","207,100,000","188,600,000","-808,400,000","318,100,000","256,400,000","211,800,000","-699,200,000","344,400,000","243,200,000","199,100,000","-669,800,000","328,100,000"
NetNonOperatingInterestIncomeExpense,"-152,619,000","-31,847,000","-31,901,000","-51,309,000","-37,560,000","-129,662,000","-48,941,000","-49,960,000","-48,590,000","-46,896,000","-58,622,000","-46,868,000","-44,702,000","-44,686,000","-48,352,000","-47,371,000","-41,768,000","-37,932,000","-35,217,000","-23,071,000","-19,585,000","-19,564,000","-23,391,000","-22,512,000","-19,911,000","-20,160,000","-21,281,000","-19,419,000","-18,607,000","-18,733,000","-19,907,000","-19,236,000","-16,779,000","-15,967,000","-18,861,000","-18,182,000","-16,970,000","-18,937,000","-21,800,000","-21,251,000","-19,583,000","-19,360,000","-22,084,000","-14,311,000","-15,191,000","-15,653,000","-22,571,000","-12,001,000","-10,662,000","-11,171,000","-18,550,000","-17,807,000","-14,964,000","-12,439,000",,,,,,,,,,,,,,,,,,,,,,,,,,,,,,,,,,,,,,,,,,,,,,,,,,,,,,,,,,,,,,,,,,,,,,,,,,,,,,,,,,,,,,,,,,,,,,
	InterestIncomeNonOperating,"3,885,000","1,202,000","1,347,000","753,000","584,000","820,000","381,000","455,000","1,025,000","2,084,000","1,541,000","821,000","1,532,000","2,272,000","832,000","785,000","1,699,000","3,147,000","1,440,000","1,575,000","2,296,000","2,466,000","1,594,000","2,477,000","2,713,000","2,360,000","1,473,000","1,990,000","2,099,000","1,668,000","2,144,000","1,773,000","2,186,000","1,279,000","1,472,000","1,394,000","1,289,000","1,400,000","1,683,000","1,472,000","1,941,000","1,745,000","1,414,000","1,065,000","2,451,000","3,163,000","1,358,000","1,842,000","2,782,000","2,452,000","570,000","1,510,000","2,525,000","3,478,000",,,,,,,,,,,,,,,,,,,,,,,,,,,,,,,,,,,,,,,,,,,,,,,,,,,,,,,,,,,,,,,,,,,,,,,,,,,,,,,,,,,,,,,,,,,,,,
	InterestExpenseNonOperating,"156,504,000","33,049,000","33,248,000","52,062,000","38,144,000","130,482,000","49,322,000","50,415,000","49,615,000","48,980,000","60,163,000","47,689,000","46,234,000","46,958,000","49,184,000","48,156,000","43,467,000","41,079,000","36,657,000","24,646,000","21,881,000","22,030,000","24,985,000","24,989,000","22,624,000","22,520,000","22,754,000","21,409,000","20,706,000","20,401,000","22,051,000","21,009,000","18,965,000","17,246,000","20,333,000","19,576,000","18,259,000","20,337,000","23,483,000","22,723,000","21,524,000","21,105,000","23,498,000","15,376,000","17,642,000","18,816,000","23,929,000","13,843,000","13,444,000","13,623,000","19,120,000","19,317,000","17,489,000","15,917,000",,,,,,,,,,,,,,,,,,,,,,,,,,,,,,,,,,,,,,,,,,,,,,,,,,,,,,,,,,,,,,,,,,,,,,,,,,,,,,,,,,,,,,,,,,,,,,
OtherIncomeExpense,"-18,562,000","-9,112,000","-5,017,000","-3,901,000","-533,000","1,086,000","-2,825,000","3,877,000","-1,602,000","-2,143,000","224,000","-1,264,000","294,000","-1,904,000","-2,965,000","-1,911,000","-3,063,000","608,000","-58,799,000","-1,368,000","-5,481,000","921,000","-307,000","-856,000","1,819,000","-24,173,000","-1,951,000","4,785,000","-1,854,000","53,000","-580,000","3,937,000","1,400,000","328,000","1,445,000","4,350,000","909,000","-2,729,000","4,990,000","731,000","-489,000","792,000","-6,569,000","2,412,000","812,000","156,000","-1,190,000","-11,000","3,303,000","774,000","-1,813,000","-14,014,000","6,268,000","2,198,000","19,061,000","6,157,000","-6,380,000","-15,765,000","2,881,000","7,312,000","3,266,000","-2,470,000","2,209,000","-1,845,000","2,080,000","1,879,000","1,105,000","15,101,000","4,712,000","8,881,000","6,108,000","5,872,000","1,519,000","10,019,000","9,515,000","11,401,000","-3,278,000","-5,652,000","-25,769,000","1,926,000","-451,000","-16,177,000","-8,538,000","-2,258,000","-15,737,000","-6,483,000","-61,350,000","-25,556,000","11,026,000","6,373,000","8,600,000","800,000","-341,000,000","-2,300,000","25,200,000","-63,100,000","-3,900,000","-7,900,000","-3,000,000","-14,900,000","-8,000,000","-282,900,000","-7,200,000","-7,700,000","-7,300,000",,"-8,300,000","9,000,000","700,000","3,400,000",,"-6,000,000","-1,300,000","-3,300,000",,"1,700,000","1,300,000","2,300,000","7,600,000","1,400,000","300,000","400,000","700,000","1,000,000","-400,000","3,600,000","900,000","-1,100,000","-1,100,000","5,100,000",,,,,,,,,,,,,,,,,,
	SpecialIncomeCharges,,,,,,,,,,,,,,,,,,,,,,,,,,,,,,,,,,,,,,,,"731,000","-489,000","792,000","-6,569,000","2,412,000","812,000","156,000","-1,190,000","-11,000","3,303,000","774,000","-1,813,000","-14,014,000","6,268,000","2,198,000","19,061,000","6,157,000","-6,380,000","-15,765,000","2,881,000","7,312,000","3,266,000","-2,470,000","2,209,000","-1,845,000","2,080,000","1,879,000","1,105,000","15,101,000","4,712,000","8,881,000","6,108,000","5,872,000","1,519,000","10,019,000","9,515,000","11,401,000","-3,278,000","-5,652,000","-25,769,000","1,926,000","-451,000","-16,177,000","-8,538,000","-2,258,000","-15,737,000","-6,483,000","-61,350,000","-25,556,000","11,026,000","6,373,000","8,600,000","800,000","-341,000,000","-2,300,000","25,200,000","-63,100,000","-3,900,000","-7,900,000","-3,000,000","-14,900,000","-8,000,000","-282,900,000","-7,200,000","-7,700,000","-7,300,000",,"-8,300,000","9,000,000","700,000","3,400,000",,"-6,000,000","-1,300,000","-3,300,000",,"1,700,000","1,300,000","2,300,000","7,600,000","1,400,000","300,000","400,000","700,000","1,000,000","-400,000","3,600,000","900,000","-1,100,000","-1,100,000","5,100,000",,,,,,,,,,,,,,,,,,
		RestructuringAndMergernAcquisition,,,,,,,,,,,,,,,,,,,,,,,,,,,,,,,,,,,,,,,,,,,,,,,,,,,,,,,,,,,,,,,,,,,,,,,,,,,"400,000","-7,631,000","3,300,000","8,700,000","2,900,000",,"6,900,000","14,800,000","2,700,000",,"13,000,000",,,,,,,,,,,,,,,,,,,,,,,,,,,,,,,,,,,,,,,,,,,,,,,,,,,,,,,,,,,,,,,
		OtherSpecialCharges,,,,,,,,,,,,,,,,,,,,,,,,,,,,,,,,,,,,,,,,,,,,,,,,,,,,,,,,,,,,,,,,,,,,,,,,,,,"-9,915,000","-3,770,000","-22,000","-3,048,000","22,869,000",,"-6,449,000","1,377,000","5,838,000",,"2,737,000",,,,,,,,,,,,,,,,,,,,,,,,,,,,,,,,,,,,,,,,,,,,,,,,,,,,,,,,,,,,,,,
	OtherNonOperatingIncomeExpenses,"-18,562,000","-9,112,000","-5,017,000","-3,901,000","-533,000","1,086,000","-2,825,000","3,877,000","-1,602,000","-2,143,000","224,000","-1,264,000","294,000","-1,904,000","-2,965,000","-1,911,000","-3,063,000","608,000","-58,799,000","-1,368,000","-5,481,000","921,000","-307,000","-856,000","1,819,000","-24,173,000","-1,951,000","4,785,000","-1,854,000","53,000","-580,000","3,937,000","1,400,000","328,000","1,445,000","4,350,000","909,000","-2,729,000","5,000,000",,,,,,,,,,,,,,,,,,,,,,,,,,,,,,,,,,,,,,,,,,,,,,,,,,,,,,,,,,,,,,,,,,,,,,,,,,,,,,,,,,,,,,,,,,,,,,,,,,,,,,,,,,,,,
PretaxIncome,"604,577,000","39,108,000","220,558,000","333,864,000","11,047,000","-97,538,000","140,914,000","338,074,000","-96,333,000","-198,849,000","9,182,000","101,955,000","-95,824,000","-177,549,000","56,074,000","72,592,000","-234,022,000","-313,905,000","-346,836,000","61,263,000","-73,743,000","-145,671,000","238,945,000","294,028,000","-29,752,000","-93,479,000","270,821,000","286,139,000","-19,898,000","-73,147,000","216,522,000","394,180,000","-14,371,000","-9,421,000","461,891,000","514,343,000","78,729,000","44,165,000","356,669,000","466,847,000","111,361,000","10,168,000","468,853,000","385,671,000","94,888,000","21,261,000","404,847,000","346,619,000","62,077,000","33,282,000","397,047,000","304,633,000","23,817,000","-65,450,000","225,725,000","307,108,000","14,933,000","-59,802,000","343,607,000","307,688,000","36,465,000","15,638,000","373,344,000","304,553,000","42,354,000","-36,495,000","305,756,000","311,339,000","26,006,000","8,948,000","300,241,000","351,119,000","32,490,000","12,404,000","293,949,000","373,432,000","28,822,000","44,651,000","255,148,000","347,168,000","25,649,000","-6,468,000","190,441,000","275,591,000","-6,792,000","-29,230,000","143,520,000","135,258,000","8,290,000","-61,644,000","-35,100,000","175,900,000","-261,800,000","-25,100,000","83,300,000","279,500,000","84,600,000","17,800,000","267,000,000","317,800,000","107,900,000","-267,600,000","154,300,000","248,900,000","98,000,000","44,500,000","163,300,000","227,500,000","101,200,000","40,900,000","63,400,000","202,800,000","89,100,000","38,300,000","27,000,000","129,200,000","52,300,000","28,100,000","48,000,000","107,800,000","36,800,000","23,300,000","48,200,000","90,000,000","34,700,000","16,000,000","21,500,000","73,500,000","31,100,000","13,100,000",,,,,,,,,,,,,,,,,,
TaxProvision,"-416,776,000","23,910,000","-4,576,000","-456,754,000","20,644,000","20,305,000","21,838,000","22,080,000","12,839,000","11,892,000","9,007,000","31,359,000","12,163,000","6,169,000","41,161,000","66,314,000","6,909,000","-2,652,000","-65,553,000","664,510,000","-17,668,000","-32,440,000","65,100,000","57,778,000","-10,638,000","-20,520,000","55,661,000","62,355,000","-8,547,000","-14,970,000","66,591,000","62,344,000","-42,696,000","1,797,000","92,642,000","91,507,000","5,381,000","5,654,000","50,189,000","100,910,000","15,143,000","2,339,000","98,276,000","84,876,000","14,359,000","4,654,000","79,663,000","63,357,000","10,502,000","8,440,000","68,668,000","74,791,000","2,348,000","-14,464,000","49,324,000","69,010,000","3,150,000","-13,156,000","15,131,000","70,938,000","13,661,000","3,675,000","86,992,000","65,528,000","4,974,000","-66,665,000","26,596,000","86,000,000","119,993,000","2,441,000","15,896,000","95,289,000","8,935,000","3,411,000","80,083,000","103,401,000","7,930,000","11,808,000","69,054,000","93,847,000","6,071,000","-2,517,000","52,463,000","75,756,000","-1,937,000","-7,192,000","38,412,000","31,564,000","2,285,000","-17,014,000","-16,700,000","40,600,000","-57,500,000","-7,200,000","23,700,000","79,800,000","24,200,000","5,100,000","71,900,000","94,100,000","32,300,000","-63,000,000","40,900,000","80,900,000","31,700,000","14,600,000","51,300,000","76,200,000","33,700,000","13,900,000","20,600,000","71,000,000","32,000,000","14,200,000","27,300,000","45,300,000","18,300,000","9,800,000","12,400,000","37,700,000","13,400,000","8,500,000","18,900,000","33,400,000","12,600,000","5,900,000","6,800,000","25,700,000","10,800,000","4,700,000",,,,,,,,,,,,,,,,,,
EarningsFromEquityInterestNetOfTax,"15,473,000","6,256,000","699,000","4,458,000","4,060,000","2,625,000","4,300,000",,,,,,,,,,,,,,,,,,,,,,,,,,,,,,,,,,,,,,,,,,,,,,,,,,,,,,,,,,,,,,,,,,,,,,,,,,,,,,,,,,,,,,,,,,,,,,,,,,,,,,,,,,,,,,,,,,,,,,,,,,,,,,,,,,,,,,,,,,,,,
NetIncomeCommonStockholders,"1,036,826,000","21,454,000","225,833,000","795,076,000","-5,537,000","-115,218,000","130,547,000","315,994,000","-109,172,000","-210,741,000","175,000","70,596,000","-107,987,000","-183,718,000","14,913,000","6,278,000","-240,931,000","-311,253,000","-281,283,000","-603,247,000","-56,075,000","-113,231,000","174,096,000","235,640,000","-19,114,000","-72,959,000","214,374,000","222,748,000","-11,351,000","-58,177,000","148,424,000","329,498,000","28,060,000","-11,218,000","365,803,000","419,194,000","72,623,000","38,110,000","298,750,000","365,937,000","96,218,000","7,829,000","370,577,000","300,795,000","80,529,000","16,607,000","325,184,000","283,262,000","51,575,000","24,842,000","328,379,000","229,842,000","21,469,000","-50,986,000","176,401,000","238,098,000","11,783,000","-46,646,000","328,476,000","236,750,000","22,804,000","11,963,000","286,352,000","239,025,000","37,380,000","30,170,000","279,160,000","225,339,000","-93,987,000","6,507,000","284,345,000","255,830,000","23,555,000","8,993,000","213,866,000","270,031,000","20,892,000","32,843,000","186,094,000","280,574,000","19,578,000","-256,145,000","137,978,000","199,835,000","-4,855,000","-34,039,000","71,128,000","-336,866,000","6,005,000","-171,236,000","-18,400,000","135,300,000","-206,300,000","-19,900,000","57,600,000","197,700,000","58,400,000","10,700,000","193,100,000","216,300,000","72,800,000","-207,400,000","113,400,000","168,000,000","66,300,000","29,900,000","112,000,000","150,200,000","66,400,000","25,900,000","41,700,000","130,600,000","55,900,000","22,900,000","-34,800,000","82,700,000","32,800,000","31,700,000","34,400,000","68,900,000","22,200,000","13,400,000","29,300,000","56,600,000","22,100,000","10,100,000","14,700,000","47,800,000","20,300,000","8,400,000",,,,,,,,,,,,,,,,,,
	NetIncome,"1,036,826,000","21,454,000","225,833,000","795,076,000","-5,537,000","-115,218,000","130,547,000","315,994,000","-109,172,000","-210,741,000","175,000","70,596,000","-107,987,000","-183,718,000","14,913,000","6,278,000","-240,931,000","-311,253,000","-281,283,000","-603,247,000","-56,075,000","-113,231,000","173,845,000","236,250,000","-19,114,000","-72,959,000","215,160,000","223,784,000","-11,351,000","-58,177,000","149,931,000","331,836,000","28,325,000","-11,218,000","369,249,000","422,836,000","73,348,000","38,511,000","306,480,000","365,937,000","96,218,000","7,829,000","370,577,000","300,795,000","80,529,000","16,607,000","325,184,000","283,262,000","51,575,000","24,842,000","328,379,000","229,842,000","21,469,000","-50,986,000","176,401,000","238,098,000","11,783,000","-46,646,000","328,476,000","236,750,000","22,804,000","11,963,000","286,352,000","239,025,000","37,380,000","30,170,000","279,160,000","225,339,000","-93,987,000","6,507,000","284,345,000","255,830,000","23,555,000","8,993,000","213,866,000","270,031,000","20,892,000","32,843,000","186,094,000","280,574,000","19,578,000","-256,145,000","137,978,000","199,835,000","-4,855,000","-34,039,000","71,128,000","-336,866,000","6,005,000","-171,236,000","-18,400,000","135,300,000","-204,300,000","-17,900,000","59,600,000","199,700,000","60,400,000","12,700,000","195,100,000","219,100,000","75,600,000","-204,600,000","113,400,000","168,000,000","66,300,000","29,900,000","112,000,000","151,300,000","67,500,000","27,000,000","42,800,000","131,800,000","57,100,000","24,100,000","-33,600,000","83,900,000","34,000,000","32,900,000","35,600,000","70,100,000","23,400,000","14,800,000","29,300,000","56,600,000","22,100,000","10,100,000","14,700,000","47,800,000","20,300,000","8,400,000",,,,,,,,,,,,,,,,,,
		NetIncomeIncludingNoncontrollingInterests,"1,036,826,000","21,454,000","225,833,000","795,076,000","-5,537,000","-115,218,000","130,547,000","315,994,000","-109,172,000","-210,741,000","175,000","70,596,000","-107,987,000","-183,718,000","14,913,000","6,278,000","-240,931,000","-311,253,000","-281,283,000","-603,247,000","-56,075,000","-113,231,000","173,845,000","236,250,000","-19,114,000","-72,959,000","215,160,000","223,784,000","-11,351,000","-58,177,000","149,931,000","331,836,000","28,325,000","-11,218,000","369,249,000","422,836,000","73,348,000","38,511,000","306,480,000","365,937,000","96,218,000","7,829,000","370,577,000","300,795,000","80,529,000","16,607,000","325,184,000","283,262,000","51,575,000","24,842,000","328,379,000","229,842,000","21,469,000","-50,986,000","176,401,000","238,098,000","11,783,000","-46,646,000","328,476,000","236,750,000","22,804,000","11,963,000","286,352,000","239,025,000","37,380,000","30,170,000","279,160,000","225,339,000","-93,987,000","6,507,000","284,345,000","255,830,000","23,555,000","8,993,000","213,866,000","270,031,000","20,892,000","32,843,000","186,094,000","280,574,000","19,578,000","-256,145,000","137,978,000","199,835,000","-4,855,000","-34,039,000","71,128,000","-336,866,000","6,005,000","-171,236,000","-18,400,000","135,300,000","-204,300,000","-17,900,000","59,600,000","199,700,000","60,400,000","12,700,000","195,100,000","219,100,000","75,600,000","-204,600,000","113,400,000","168,000,000","66,300,000","29,900,000","112,000,000","151,300,000","67,500,000","27,000,000","42,800,000","131,800,000","57,100,000","24,100,000","-33,600,000","83,900,000","34,000,000","32,900,000","35,600,000","70,100,000","23,400,000","14,800,000","29,300,000","56,600,000","22,100,000","10,100,000","14,700,000","47,800,000","20,300,000","8,400,000","20,700,000","38,000,000","16,600,000","4,300,000","10,500,000","21,900,000","3,200,000","300,000","-99,700,000","5,400,000","1,700,000",,"-19,600,000","16,300,000","2,100,000","200,000","3,700,000","25,700,000"
			NetIncomeContinuousOperations,"1,036,826,000","21,454,000","225,833,000","795,076,000","-5,537,000","-115,218,000","130,547,000","315,994,000","-109,172,000","-210,741,000","175,000","70,596,000","-107,987,000","-183,718,000","14,913,000","6,278,000","-240,931,000","-311,253,000","-281,283,000","-603,247,000","-56,075,000","-113,231,000","173,845,000","236,250,000","-19,114,000","-72,959,000","215,160,000","223,784,000","-11,351,000","-58,177,000","149,931,000","331,836,000","28,325,000","-11,218,000","369,249,000","422,836,000","73,348,000","38,511,000","306,480,000","365,937,000","96,218,000","7,829,000","370,577,000","300,795,000","80,529,000","16,607,000","325,184,000","283,262,000","51,575,000","24,842,000","328,379,000","229,842,000","21,469,000","-50,986,000","176,401,000","238,098,000","11,783,000","-46,646,000","328,476,000","236,750,000","22,804,000","11,963,000","286,352,000","239,025,000","37,380,000","30,170,000","279,160,000","225,339,000","-93,987,000","6,507,000","284,345,000","255,830,000","23,555,000","8,993,000","213,866,000","270,031,000","20,892,000","32,843,000","186,094,000","253,321,000","19,578,000","-3,951,000","137,978,000","199,835,000","-4,855,000","-22,038,000","105,108,000","103,694,000","6,005,000","-44,630,000","-18,400,000","135,300,000","-204,300,000","-17,900,000","59,600,000","199,700,000","60,400,000","12,700,000","195,100,000","223,700,000","75,600,000","-204,600,000","113,400,000","168,000,000","66,300,000","29,900,000","112,000,000","151,300,000","67,500,000","27,000,000","42,800,000","131,800,000","57,100,000","24,100,000","-300,000","83,900,000","34,000,000","18,300,000","35,600,000","70,100,000","23,400,000","14,800,000","29,300,000","56,600,000","22,100,000","10,100,000","14,700,000","47,800,000","20,300,000","8,400,000","20,700,000","38,000,000","16,600,000","4,300,000","10,500,000","21,900,000","3,200,000","300,000","-99,700,000","5,400,000","1,700,000",,"-19,600,000","16,300,000","2,100,000","200,000","3,700,000","25,700,000"
			NetIncomeDiscontinuousOperations,,,,,,,,,,,,,,,,,,,,,,,,,,,,,,,,,,,,,,,,,,,,,,,,,,,,,,,,,,,,,,,,,,,,,,,,,,,,,,,"0","27,253,000",,,,,,,"-33,980,000","-440,560,000",,"-126,606,000",,,,,,,,,,,,,,,,,,,,,,,,,,,,,,,,,,,,,,,,,,,,,,,,,,,,,,,,,,
			NetIncomeExtraordinary,,,,,,,,,,,,,,,,,,,,,,,,,,,,,,,,,,,,,,,,,,,,,,,,,,,,,,,,,,,,,,,,,,,,,,,,,,,,,,,"0",,,"-252,194,000","0",,,"-12,001,000",,,,,,,,,,,,,,,,,,,,,,,,,,,,,"-18,600,000",,,"14,600,000",,,,,,,,,,,,,,,,,,,,,,,,,,,,,,
			NetIncomeFromTaxLossCarryforward,,,,,,,,,,,,,,,,,,,,,,,,,,,,,,,,,,,,,,,,,,,,,,,,,,,,,,,,,,,,,,,,,,,,,,,,,,,,,,,,,,,,,,,,,,,,,,,,,,,"0","-4,600,000",,,,,,,,,,,,,,,,,,,,,,,,,,,,,,,,,,,,,,,,,,,,,,,,
	PreferredStockDividends,,,,,,,,,,,,,,,,,,,,,,,,,,,,,,,,,,,,,,,,,,,,,,,,,,,,,,,,,,,,,,,,,,,,,,,,,,,,,,,,,,,,,,,,,,,"0",,"2,000,000","2,000,000","2,000,000","2,000,000","2,000,000","2,000,000","2,000,000","2,800,000","2,800,000","2,800,000",,,,,"0","1,100,000","1,100,000","1,100,000","1,100,000","1,200,000","1,200,000","1,200,000","1,200,000","1,200,000","1,200,000","1,200,000","1,200,000","1,200,000","1,200,000","1,400,000",,,,,,,,,,,,,,,,,,,,,,,,,,
	OtherunderPreferredStockDividend,,,,,,,,,,,,,,,,,,,"0","0",,,"-251,000","610,000",,,"786,000","1,036,000","0","0","1,507,000","2,338,000","265,000","0","3,446,000","3,642,000","725,000","401,000",,,,,,,,,,,,,,,,,,,,,,,,,,,,,,,,,,,,,,,,,,,,,,,,,,,,,,,,,,,,,,,,,,,,,,,,,,,,,,,,,,,,,,,,,,,,,,,,,,,,,,,,,,,,,,
AverageDilutionEarnings,,,,,,,,,,,,,,,,,,,"0","0",,,"0","1,000",,,"0","1,000","0","0","2,000","8,000","-5,000","0","27,000","27,000","-5,000","-11,000",,,,,,,,,,,,,,,,,,,,,,,,,,,,,,,,,,,,,,,,,,,,,,,,,,,,,,,,,,,,,,,,,,,,,,,,,,,,,,,,,,,,,,,,,,,,,,,,,,,,,,,,,,,,,,
DilutedNIAvailtoComStockholders,"1,036,826,000","21,454,000","225,833,000","795,076,000","-5,537,000","-115,218,000","130,547,000","315,994,000","-109,172,000","-210,741,000","175,000","70,596,000","-107,987,000","-183,718,000","14,913,000","6,278,000","-240,931,000","-311,253,000","-281,283,000","-603,247,000","-56,075,000","-113,231,000","174,096,000","235,641,000","-19,114,000","-72,959,000","214,374,000","222,749,000","-11,351,000","-58,177,000","148,426,000","329,506,000","28,055,000","-11,218,000","365,830,000","419,221,000","72,618,000","38,099,000","298,798,000","365,937,000","96,218,000","7,829,000","370,577,000","300,795,000","80,529,000","16,607,000","325,184,000","283,262,000","51,575,000","24,842,000","328,379,000","229,842,000","21,469,000","-50,986,000","176,401,000","238,098,000","11,783,000","-46,646,000","328,476,000","236,750,000","22,804,000","11,963,000","286,352,000","239,025,000","37,380,000","30,170,000","279,160,000","225,339,000","-93,987,000","6,507,000","284,345,000","255,830,000","23,555,000","8,993,000","213,866,000","270,031,000","20,892,000","32,843,000","186,094,000","280,574,000","19,578,000","-256,145,000","137,978,000","199,835,000","-4,855,000","-34,039,000","71,128,000","-336,866,000","6,005,000","-171,236,000","-18,400,000","135,300,000","-206,300,000","-19,900,000","57,600,000","197,700,000","58,400,000","10,700,000","193,100,000","216,300,000","72,800,000","-207,400,000","113,400,000","168,000,000","66,300,000","29,900,000","112,000,000","150,200,000","66,400,000","25,900,000","41,700,000","130,600,000","55,900,000","22,900,000","-34,800,000","82,700,000","32,800,000","31,700,000","34,400,000","68,900,000","22,200,000","13,400,000","29,300,000","56,600,000","22,100,000","10,100,000","14,700,000","47,800,000","20,300,000","8,400,000",,,,,,,,,,,,,,,,,,
BasicEPS,,"0.06","0.64","2.32","-0.02","-0.33","0.38","0.91","-0.31","-0.61","0.001","0.2","-0.31","-0.53","0.04","0.02","-0.7","-0.9","-0.82","-1.75","-0.16","-0.33","0.51","0.69","-0.06","-0.21","0.63","0.66","-0.03","-0.17","0.44","0.97","0.08","-0.03",,"1.22","0.21","0.11","0.88","1.06","0.28","0.02",,"0.87","0.23","0.05",,"0.78","0.14","0.07",,"0.63","0.06","-0.14",,"0.66","0.03","-0.13",,"0.61","0.06","0.03",,"0.63","0.1","0.08",,"0.56","-0.23","0.02",,"0.62","0.06","0.02",,"0.61","0.05","0.07",,"0.64","0.04","-0.59",,"0.46","-0.01","-0.08",,"-0.79","0.01","-0.4",,"0.32","-0.5","-0.07",,"0.68","0.2","0.04",,"0.74","0.25","-0.72",,"0.62","0.21","0.07",,"0.54","0.24","0.1",,"0.46","0.2","0.08",,"0.44","0.18","0.17",,"0.37","0.11","0.07",,"0.3","0.12","0.06",,"0.26","0.11","0.05",,"0.21","0.09","0.02",,"0.12","0.02","0.01",,"0.04","0.01","-0.01",,"0.09","0.01","-0.02",,"0.13"
DilutedEPS,,"0.06","0.63","2.29","-0.02","-0.33","0.37","0.91","-0.31","-0.61","0.001","0.2","-0.31","-0.53","0.04","0.02","-0.7","-0.9","-0.82","-1.75","-0.16","-0.33","0.5","0.68","-0.06","-0.21","0.63","0.66","-0.03","-0.17","0.44","0.97","0.08","-0.03",,"1.21","0.21","0.11","0.87","1.04","0.28","0.02",,"0.86","0.23","0.05",,"0.77","0.14","0.07",,"0.63","0.06","-0.14",,"0.66","0.03","-0.13",,"0.61","0.06","0.03",,"0.62","0.1","0.08",,"0.55","-0.23","0.02",,"0.61","0.06","0.02",,"0.61","0.05","0.07",,"0.63","0.04","-0.59",,"0.46","-0.01","-0.08",,"-0.79","0.01","-0.4",,"0.32","-0.5","-0.07",,"0.66","0.2","0.04",,"0.71","0.25","-0.72",,"0.59","0.21","0.07",,"0.54","0.24","0.1",,"0.46","0.2","0.08",,"0.42","0.17","0.16",,"0.34","0.11","0.07",,"0.29","0.12","0.06",,"0.26","0.11","0.05",,"0.21","0.09","0.02",,"0.12","0.02","0.01",,"0.04","0.01","-0.01",,"0.09","0.01","-0.02",,"0.13"
BasicAverageShares,,"352,200,000","351,100,000","350,400,000","349,400,000","349,000,000","347,700,000","347,600,000","346,900,000","346,900,000","346,700,000","346,700,000","345,900,000","345,900,000","345,700,000","345,285,000","344,584,000","344,400,000","344,300,000","343,870,000","343,100,000","342,900,000","342,700,000","342,000,000","340,900,000","340,400,000","339,800,000","339,400,000","338,800,000","338,600,000","338,400,000","338,700,000","338,700,000","340,200,000",,"343,300,000","346,600,000","344,300,000","343,600,000","342,600,000","341,300,000","339,100,000",,"343,200,000","347,100,000","349,100,000",,"360,600,000","362,800,000","363,200,000",,"360,800,000","358,800,000","358,891,000",,"360,881,000","361,262,000","361,751,000",,"386,346,000","396,196,000","389,883,000",,"378,628,000","386,191,000","388,766,000",,"403,743,000","409,769,000","416,096,000",,"414,592,000","419,177,000","428,169,000",,"439,315,000","439,700,000","438,265,000",,"436,959,000","436,134,000","432,640,000",,"431,250,000","430,909,000","429,936,000",,"426,394,000","425,818,000","425,495,000",,"422,812,500","412,600,000","284,285,714",,"290,735,294","292,000,000","267,500,000",,"292,297,297","291,200,000","288,055,556",,"270,967,742","315,714,286","277,000,000",,"278,148,148","276,666,667","259,000,000",,"283,913,043","279,500,000","286,250,000",,"187,954,545","182,222,222","186,470,588",,"186,216,216","201,818,182","191,428,571",,"188,666,667","184,166,667","168,333,333",,"183,846,154","184,545,455","168,000,000",,"176,251,000","175,161,000","174,961,000",,"174,744,000","174,435,000","174,435,000",,"173,888,000","140,213,000","140,023,000",,"139,424,000","139,225,000","139,606,000",,"128,576,000"
DilutedAverageShares,,"359,000,000","358,100,000","354,200,000","349,400,000","349,000,000","351,000,000","348,700,000","346,900,000","346,900,000","348,300,000","348,500,000","345,900,000","345,900,000","345,800,000","345,672,000","344,584,000","344,400,000","344,300,000","343,870,000","343,100,000","342,900,000","345,000,000","344,200,000","340,900,000","340,400,000","340,400,000","339,800,000","338,800,000","338,600,000","339,500,000","340,300,000","340,600,000","340,200,000",,"346,700,000","350,400,000","348,800,000","348,400,000","347,100,000","345,600,000","343,700,000",,"346,800,000","350,900,000","352,700,000",,"367,922,078","365,900,000","366,100,000",,"361,900,000","360,900,000","358,891,000",,"362,795,000","363,919,000","361,751,000",,"391,294,000","402,840,000","396,750,000",,"382,664,000","388,777,000","391,287,000",,"407,222,000","409,769,000","421,105,000",,"417,962,000","422,903,000","432,239,000",,"444,004,000","445,491,000","443,934,000",,"442,151,000","442,163,000","432,640,000",,"436,316,000","430,909,000","429,936,000",,"426,945,000","427,782,000","425,495,000",,"422,812,500","412,600,000","284,285,714",,"299,545,455","292,000,000","267,500,000",,"304,647,887","291,200,000","288,055,556",,"284,745,763","315,714,286","277,000,000",,"278,148,148","276,666,667","259,000,000",,"283,913,043","279,500,000","286,250,000",,"196,904,762","192,941,176","198,125,000",,"202,647,059","201,818,182","191,428,571",,"195,172,414","184,166,667","168,333,333",,"183,846,154","184,545,455","168,000,000",,"176,251,000","175,161,000","174,961,000",,"174,744,000","174,435,000","174,435,000",,"173,888,000","140,213,000","140,023,000",,"139,424,000","139,225,000","139,606,000",,"128,576,000"
TotalOperatingIncomeAsReported,"775,758,000","80,067,000","257,476,000","389,074,000","49,140,000","31,038,000","192,680,000","384,157,000","-46,141,000","-149,810,000","67,580,000","150,087,000","-51,416,000","-130,959,000","107,391,000","121,874,000","-189,191,000","-276,581,000","-252,820,000","85,702,000","-48,677,000","-127,028,000","262,643,000","317,396,000","-11,660,000","-49,146,000","294,053,000","300,773,000","563,000","-54,467,000","237,009,000","409,479,000","1,008,000","6,218,000","479,307,000","528,175,000","94,790,000","65,831,000","373,479,000","487,367,000","131,433,000","28,736,000","497,506,000","397,570,000","109,267,000","36,758,000","428,608,000","358,631,000","69,436,000","45,227,000","417,410,000","336,454,000","32,513,000","-55,209,000","232,370,000","315,349,000","30,608,000","-36,535,000","362,070,000","310,528,000","36,849,000","20,631,000","388,663,000","323,235,000","49,911,000","-31,991,000","321,675,000","308,800,000","28,525,000","5,529,000","314,036,000","360,856,000","43,215,000","12,710,000","303,547,000","387,787,000","41,746,000","52,630,000","288,922,000","371,830,000","48,273,000","24,516,000","237,346,000","317,402,000","35,513,000","12,197,000","254,923,000","203,439,000","33,209,000","-43,661,000","5,400,000","216,100,000","111,500,000","2,100,000","99,200,000","380,200,000","104,100,000","42,100,000","297,400,000","357,200,000","134,500,000","34,900,000","184,600,000","278,500,000","121,600,000","58,900,000","193,300,000","241,300,000","118,500,000","48,600,000","70,400,000","227,100,000","101,900,000","49,700,000","59,600,000","140,800,000","62,800,000","36,100,000","56,400,000","123,800,000","49,500,000","31,700,000","64,500,000","105,300,000","46,600,000","21,400,000","35,000,000","87,600,000","42,200,000","17,800,000",,,,,,,,,,,,,,,,,,
TotalExpenses,"4,849,092,000","961,234,000","1,537,414,000","1,373,219,000","977,226,000","843,154,000","1,433,083,000","1,247,534,000","778,277,000","743,879,000","1,406,125,000","1,331,470,000","911,479,000","820,205,000","1,416,890,000","1,315,577,000","1,029,939,000","984,953,000","1,863,693,000","1,475,281,000","1,023,154,000","862,646,000","1,571,757,000","1,478,179,000","968,936,000","918,545,000","1,705,691,000","1,491,195,000","987,589,000","977,216,000","1,756,957,000","1,611,945,000","1,061,244,000","939,959,000","1,633,909,000","1,678,786,000","1,074,319,000","929,775,000","1,882,426,000","1,590,449,000","1,027,278,000","899,713,000","1,656,248,000","1,601,190,000","1,052,400,000","915,098,000","1,695,946,000","1,474,425,000","949,067,000","834,855,000","1,537,718,000","1,455,421,000","865,684,000","840,855,000","1,707,587,000","1,720,966,000","1,081,823,000","955,834,000","1,826,556,000","1,528,046,000","965,776,000","919,634,000","1,720,179,000","1,467,077,000","907,744,000","825,338,000","1,521,253,000","1,357,345,000","858,298,000","777,591,000","1,536,343,000","1,306,605,000","760,787,000","768,234,000","1,437,202,000","1,324,518,000","723,948,000","683,953,000","1,377,666,000","1,297,594,000","749,271,000","702,668,000","1,365,035,000","1,295,365,000","805,753,000","719,751,000","1,320,198,000","1,380,324,000","784,588,000","736,922,000","1,765,200,000","1,609,100,000","928,700,000","690,000,000","1,443,900,000","1,291,900,000","757,400,000","663,100,000","1,315,700,000","1,198,100,000","838,200,000","658,600,000","1,006,000,000","953,700,000","655,800,000","527,000,000","962,000,000","935,200,000","645,000,000","495,000,000","960,000,000","810,000,000","548,400,000","437,600,000","1,216,300,000","530,300,000","348,400,000","310,100,000","454,600,000","482,700,000","354,800,000","294,400,000","449,100,000","418,200,000","275,900,000","240,700,000","393,200,000","402,800,000","275,800,000","216,200,000",,,,,,,,,,,,,,,,,,
NetIncomeFromContinuingAndDiscontinuedOperation,"1,036,826,000","21,454,000","225,833,000","795,076,000","-5,537,000","-115,218,000","130,547,000","315,994,000","-109,172,000","-210,741,000","175,000","70,596,000","-107,987,000","-183,718,000","14,913,000","6,278,000","-240,931,000","-311,253,000","-281,283,000","-603,247,000","-56,075,000","-113,231,000","173,845,000","236,250,000","-19,114,000","-72,959,000","215,160,000","223,784,000","-11,351,000","-58,177,000","149,931,000","331,836,000","28,325,000","-11,218,000","369,249,000","422,836,000","73,348,000","38,511,000","306,480,000","365,937,000","96,218,000","7,829,000","370,577,000","300,795,000","80,529,000","16,607,000","325,184,000","283,262,000","51,575,000","24,842,000","328,379,000","229,842,000","21,469,000","-50,986,000","176,401,000","238,098,000","11,783,000","-46,646,000","328,476,000","236,750,000","22,804,000","11,963,000","286,352,000","239,025,000","37,380,000","30,170,000","279,160,000","225,339,000","-93,987,000","6,507,000","284,345,000","255,830,000","23,555,000","8,993,000","213,866,000","270,031,000","20,892,000","32,843,000","186,094,000","280,574,000","19,578,000","-3,951,000","137,978,000","199,835,000","-4,855,000","-22,038,000","71,128,000","-336,866,000","6,005,000","-171,236,000","-18,400,000","135,300,000","-204,300,000","-17,900,000","59,600,000","199,700,000","60,400,000","12,700,000","195,100,000","223,700,000","75,600,000","-204,600,000","113,400,000","168,000,000","66,300,000","29,900,000","112,000,000","151,300,000","67,500,000","27,000,000","42,800,000","131,800,000","57,100,000","24,100,000","-300,000","83,900,000","34,000,000","18,300,000","35,600,000","70,100,000","23,400,000","14,800,000","29,300,000","56,600,000","22,100,000","10,100,000","14,700,000","47,800,000","20,300,000","8,400,000",,,,,,,,,,,,,,,,,,
NormalizedIncome,"1,036,826,000","21,454,000","225,833,000","795,076,000","-5,537,000","-115,218,000","130,547,000","315,994,000","-109,172,000","-210,741,000","175,000","70,596,000","-107,987,000","-183,718,000","14,913,000","6,278,000","-240,931,000","-311,253,000","-281,283,000","-603,247,000","-56,075,000","-113,231,000","173,845,000","236,250,000","-19,114,000","-72,959,000","215,160,000","223,784,000","-11,351,000","-58,177,000","149,931,000","331,836,000","28,325,000","-11,218,000","369,249,000","422,836,000","73,348,000","38,511,000","306,480,000","365,364,007.249","96,640,505.204","7,219,188.041","375,769,075.796","298,913,817.49","79,839,876.528","16,485,148.159","326,139,840.009","283,270,989.357","48,830,791.598","24,264,279.07","329,878,447.489","240,415,397.459","15,818,931.058","-52,698,257.112","161,505,089.219","233,324,534.685","16,817,188.71","-34,349,184.007","325,721,867.063","231,123,794.233","20,761,552.064","13,852,538.944","284,657,713.851","240,473,027.519","35,544,272.56","29,042,600","278,151,117.754","214,409,292.385","-96,814,200","48,722.508","278,560,382.776","251,551,582.256","22,453,736.688","1,729,144.228","206,943,251.53","261,786,866.045","23,268,100.756","37,000,323.151","204,888,802.569","251,915,639.35","19,922,250.38","5,930,775.974","144,163,937.713","201,472,308.294","6,393,989.252","-17,150,132.946","150,038,154.682","123,286,215.351","-1,981,867.31","-49,244,025.534","-23,560,000","134,684,650.37","61,805,042.017","-16,259,760.956","41,569,747.899","244,784,329.159","63,184,397.163","18,336,516.854","197,292,134.831","234,188,137.193","81,205,189.991","11,697,982.063","118,691,510.045","173,197,267.979","71,238,673.469","29,900,000","117,692,590.325","145,314,505.495","67,033,102.767","24,755,501.222","42,800,000","135,699,408.284","57,933,108.866","26,176,501.305","-300,000","82,796,052.632","33,154,875.717","16,802,135.231","29,963,333.333","69,189,610.39","23,209,239.13","14,545,922.747","28,874,481.328","55,971,111.111","22,354,755.043","7,827,500","14,084,651.163","48,515,374.15","21,018,006.431","5,129,770.992",,,,,,,,,,,,,,,,,,
InterestIncome,"3,885,000","1,202,000","1,347,000","753,000","584,000","820,000","381,000","455,000","1,025,000","2,084,000","1,541,000","821,000","1,532,000","2,272,000","832,000","785,000","1,699,000","3,147,000","1,440,000","1,575,000","2,296,000","2,466,000","1,594,000","2,477,000","2,713,000","2,360,000","1,473,000","1,990,000","2,099,000","1,668,000","2,144,000","1,773,000","2,186,000","1,279,000","1,472,000","1,394,000","1,289,000","1,400,000","1,683,000","1,472,000","1,941,000","1,745,000","1,414,000","1,065,000","2,451,000","3,163,000","1,358,000","1,842,000","2,782,000","2,452,000","570,000","1,510,000","2,525,000","3,478,000",,,,,,,,,,,,,,,,,,,,,,,,,,,,,,,,,,,,,,,,,,,,,,,,,,,,,,,,,,,,,,,,,,,,,,,,,,,,,,,,,,,,,,,,,,,,,,
InterestExpense,"156,504,000","33,049,000","33,248,000","52,062,000","38,144,000","130,482,000","49,322,000","50,415,000","49,615,000","48,980,000","60,163,000","47,689,000","46,234,000","46,958,000","49,184,000","48,156,000","43,467,000","41,079,000","36,657,000","24,646,000","21,881,000","22,030,000","24,985,000","24,989,000","22,624,000","22,520,000","22,754,000","21,409,000","20,706,000","20,401,000","22,051,000","21,009,000","18,965,000","17,246,000","20,333,000","19,576,000","18,259,000","20,337,000","23,483,000","22,723,000","21,524,000","21,105,000","23,498,000","15,376,000","17,642,000","18,816,000","23,929,000","13,843,000","13,444,000","13,623,000","19,120,000","19,317,000","17,489,000","15,917,000",,,,,,,,,,,,,,,,,,,,,,,,,,,,,,,,,,,,,,,,,,,,,,,,,,,,,,,,,,,,,,,,,,,,,,,,,,,,,,,,,,,,,,,,,,,,,,
NetInterestIncome,"-152,619,000","-31,847,000","-31,901,000","-51,309,000","-37,560,000","-129,662,000","-48,941,000","-49,960,000","-48,590,000","-46,896,000","-58,622,000","-46,868,000","-44,702,000","-44,686,000","-48,352,000","-47,371,000","-41,768,000","-37,932,000","-35,217,000","-23,071,000","-19,585,000","-19,564,000","-23,391,000","-22,512,000","-19,911,000","-20,160,000","-21,281,000","-19,419,000","-18,607,000","-18,733,000","-19,907,000","-19,236,000","-16,779,000","-15,967,000","-18,861,000","-18,182,000","-16,970,000","-18,937,000","-21,800,000","-21,251,000","-19,583,000","-19,360,000","-22,084,000","-14,311,000","-15,191,000","-15,653,000","-22,571,000","-12,001,000","-10,662,000","-11,171,000","-18,550,000","-17,807,000","-14,964,000","-12,439,000",,,,,,,,,,,,,,,,,,,,,,,,,,,,,,,,,,,,,,,,,,,,,,,,,,,,,,,,,,,,,,,,,,,,,,,,,,,,,,,,,,,,,,,,,,,,,,
EBIT,"761,081,000","72,157,000","253,806,000","385,926,000","49,191,000","32,944,000","190,236,000","388,489,000","-46,718,000","-149,869,000","69,345,000","149,644,000","-49,590,000","-130,591,000","105,258,000","120,748,000","-190,555,000","-272,826,000","-310,179,000","85,909,000","-51,862,000","-123,641,000","263,930,000","319,017,000","-7,128,000","-70,959,000","293,575,000","307,548,000","808,000","-52,746,000","238,573,000","415,189,000","4,594,000","7,825,000","482,224,000","533,919,000","96,988,000","64,502,000","380,152,000","489,570,000","132,885,000","31,273,000","492,351,000","401,047,000","112,530,000","40,077,000","428,776,000","360,462,000","75,521,000","46,905,000","416,167,000","323,950,000","41,306,000","-49,533,000","260,486,000","225,349,000","30,608,000","-36,535,000","362,070,000","310,528,000","36,849,000","20,631,000","388,663,000","323,235,000","49,911,000","-31,991,000","321,675,000","308,800,000","28,525,000","5,529,000","314,036,000","360,856,000","43,215,000","12,710,000","303,947,000","380,156,000","45,046,000","61,330,000","291,822,000","371,830,000","55,173,000","39,316,000","240,046,000","317,402,000","48,513,000","12,197,000","254,923,000","203,439,000","33,209,000","-43,661,000","5,400,000","216,100,000","111,500,000","2,100,000","99,200,000","380,200,000","104,100,000","42,100,000","297,400,000","357,200,000","134,500,000","34,900,000","184,600,000","278,500,000","121,600,000","58,900,000","193,300,000","241,300,000","118,500,000","48,600,000","70,400,000","227,100,000","101,900,000","49,700,000","59,600,000","140,800,000","62,800,000","36,100,000","56,400,000","123,800,000","49,500,000","31,700,000","64,500,000","105,300,000","46,600,000","21,400,000","35,000,000","87,600,000","42,200,000","17,800,000","-714,500,000","410,000,000","272,300,000","195,300,000","-602,700,000","306,600,000","207,100,000","188,600,000","-808,400,000","318,100,000","256,400,000","211,800,000","-699,200,000","344,400,000","243,200,000","199,100,000","-669,800,000","328,100,000"
EBITDA,"944,560,000"
ReconciledCostOfRevenue,"2,927,130,000","558,406,000","910,609,000","919,754,000","538,361,000","465,188,000","790,584,000","799,307,000","411,288,000","338,886,000","760,527,000","795,130,000","518,679,000","449,456,000","814,687,000","824,395,000","587,546,000","489,499,000","1,115,736,000","913,834,000","574,712,000","456,840,000","973,012,000","924,810,000","523,709,000","480,728,000","996,289,000","912,371,000","515,294,000","472,301,000","988,183,000","1,000,286,000","569,682,000","464,646,000","962,372,000","1,018,981,000","569,101,000","455,555,000","1,029,972,000","962,445,000","564,189,000","455,078,000","993,390,000","1,042,686,000","605,426,000","478,709,000","1,028,580,000","895,525,000","528,887,000","448,230,000","910,978,000","873,260,000","492,137,000","439,774,000","1,047,791,000","1,046,245,000","617,097,000","522,463,000","1,137,886,000","973,862,000","559,463,000","521,579,000","1,096,496,000","938,943,000","541,535,000","461,389,000","962,194,000","904,888,000","500,006,000","439,060,000","954,333,000","870,807,000","437,654,000","429,267,000","876,065,000","864,605,000","412,670,000","377,277,000","835,153,000","829,024,000","450,086,000","410,090,000","767,478,000","789,465,000","412,899,000","355,972,000","713,633,000","866,204,000","402,680,000","330,251,000","929,600,000","907,500,000","466,100,000","329,000,000","740,100,000","763,900,000","410,500,000","331,400,000","761,400,000","705,100,000","461,500,000","316,700,000","546,600,000","553,900,000","363,600,000","264,200,000","535,100,000","563,900,000","364,100,000","253,500,000","469,100,000","475,700,000","308,800,000","225,700,000","606,100,000","299,800,000","180,700,000","164,800,000","241,600,000","278,600,000","183,100,000","155,400,000","247,600,000","243,000,000","149,900,000","126,400,000","215,300,000","237,000,000","151,100,000","115,700,000",,,,,,,,,,,,,,,,,,
ReconciledDepreciation,"183,479,000","45,213,000","46,893,000","45,635,000","45,738,000","46,047,000","50,360,000","47,902,000","48,017,000","53,619,000","58,104,000","62,496,000","61,418,000","62,500,000","62,390,000","72,372,000","68,433,000","68,737,000","78,672,000","67,172,000","64,372,000","64,551,000","64,824,000","65,238,000","65,938,000","66,340,000","68,005,000","66,441,000","66,196,000","64,785,000","71,529,000","67,348,000","58,310,000","51,514,000","51,243,000","50,172,000","48,746,000","46,232,000","47,847,000","43,296,000","42,728,000","40,411,000","39,797,000","42,246,000","39,750,000","39,505,000","41,060,000","42,218,000","41,969,000","40,561,000","43,299,000","40,753,000","41,413,000","44,365,000","43,941,000","42,302,000","42,626,000","43,226,000","44,236,000","44,211,000","39,803,000","43,830,000","44,303,000","42,503,000","43,448,000","42,010,000","45,182,000","41,481,000","44,173,000","44,155,000","46,512,000","45,080,000","44,497,000","46,389,000","48,084,000","45,666,000","45,156,000","44,913,000","49,655,000","45,521,000","47,910,000","48,842,000","63,010,000","62,751,000","75,185,000","61,562,000","66,377,000","64,216,000","64,611,000","61,185,000","84,900,000","73,200,000","81,000,000","59,500,000","62,800,000","56,000,000","46,300,000","49,800,000","33,600,000","50,000,000","52,300,000","54,000,000","38,900,000","39,000,000","35,200,000","35,900,000","39,700,000","29,600,000","32,700,000","31,000,000","41,400,000","32,400,000","27,000,000","23,500,000","42,200,000","16,500,000","18,500,000","14,800,000","16,400,000","14,500,000","17,300,000","15,400,000","14,800,000","15,200,000","14,600,000","13,100,000","12,500,000","15,500,000","13,100,000","9,200,000",,,,,,,,,,,,,,,,,,
NetIncomeFromContinuingOperationNetMinorityInterest,"1,036,826,000","21,454,000","225,833,000","795,076,000","-5,537,000","-115,218,000","130,547,000","315,994,000","-109,172,000","-210,741,000","175,000","70,596,000","-107,987,000","-183,718,000","14,913,000","6,278,000","-240,931,000","-311,253,000","-281,283,000","-603,247,000","-56,075,000","-113,231,000","173,845,000","236,250,000","-19,114,000","-72,959,000","215,160,000","223,784,000","-11,351,000","-58,177,000","149,931,000","331,836,000","28,325,000","-11,218,000","369,249,000","422,836,000","73,348,000","38,511,000","306,480,000","365,937,000","96,218,000","7,829,000","370,577,000","300,795,000","80,529,000","16,607,000","325,184,000","283,262,000","51,575,000","24,842,000","328,379,000","229,842,000","21,469,000","-50,986,000","176,401,000","238,098,000","11,783,000","-46,646,000","328,476,000","236,750,000","22,804,000","11,963,000","286,352,000","239,025,000","37,380,000","30,170,000","279,160,000","225,339,000","-93,987,000","6,507,000","284,345,000","255,830,000","23,555,000","8,993,000","213,866,000","270,031,000","20,892,000","32,843,000","186,094,000","253,321,000","19,578,000","-3,951,000","137,978,000","199,835,000","-4,855,000","-22,038,000","105,108,000","103,694,000","6,005,000","-44,630,000","-18,400,000","135,300,000","-204,300,000","-17,900,000","59,600,000","199,700,000","60,400,000","12,700,000","195,100,000","223,700,000","75,600,000","-204,600,000","113,400,000","168,000,000","66,300,000","29,900,000","112,000,000","151,300,000","67,500,000","27,000,000","42,800,000","131,800,000","57,100,000","24,100,000","-300,000","83,900,000","34,000,000","18,300,000","35,600,000","70,100,000","23,400,000","14,800,000","29,300,000","56,600,000","22,100,000","10,100,000","14,700,000","47,800,000","20,300,000","8,400,000",,,,,,,,,,,,,,,,,,
TotalUnusualItemsExcludingGoodwill,,,,,,,,,,,,,,,,,,,,,,,,,,,,,,,,,,,,,,,,"731,000","-489,000","792,000","-6,569,000","2,412,000","812,000","156,000","-1,190,000","-11,000","3,303,000","774,000","-1,813,000","-14,014,000","6,268,000","2,198,000","19,061,000","6,157,000","-6,380,000","-15,765,000","2,881,000","7,312,000","3,266,000","-2,470,000","2,209,000","-1,845,000","2,080,000","1,879,000","1,105,000","15,101,000","4,712,000","8,881,000","6,108,000","5,872,000","1,519,000","10,019,000","9,515,000","11,401,000","-3,278,000","-5,652,000","-25,769,000","1,926,000","-451,000","-16,177,000","-8,538,000","-2,258,000","-15,737,000","-6,483,000","-61,350,000","-25,556,000","11,026,000","6,373,000","8,600,000","800,000","-341,000,000","-2,300,000","25,200,000","-63,100,000","-3,900,000","-7,900,000","-3,000,000","-14,900,000","-8,000,000","-282,900,000","-7,200,000","-7,700,000","-7,300,000",,"-8,300,000","9,000,000","700,000","3,400,000",,"-6,000,000","-1,300,000","-3,300,000",,"1,700,000","1,300,000","2,300,000","7,600,000","1,400,000","300,000","400,000","700,000","1,000,000","-400,000","3,600,000","900,000","-1,100,000","-1,100,000","5,100,000",,,,,,,,,,,,,,,,,,
TotalUnusualItems,,,,,,,,,,,,,,,,,,,,,,,,,,,,,,,,,,,,,,,,"731,000","-489,000","792,000","-6,569,000","2,412,000","812,000","156,000","-1,190,000","-11,000","3,303,000","774,000","-1,813,000","-14,014,000","6,268,000","2,198,000","19,061,000","6,157,000","-6,380,000","-15,765,000","2,881,000","7,312,000","3,266,000","-2,470,000","2,209,000","-1,845,000","2,080,000","1,879,000","1,105,000","15,101,000","4,712,000","8,881,000","6,108,000","5,872,000","1,519,000","10,019,000","9,515,000","11,401,000","-3,278,000","-5,652,000","-25,769,000","1,926,000","-451,000","-16,177,000","-8,538,000","-2,258,000","-15,737,000","-6,483,000","-61,350,000","-25,556,000","11,026,000","6,373,000","8,600,000","800,000","-341,000,000","-2,300,000","25,200,000","-63,100,000","-3,900,000","-7,900,000","-3,000,000","-14,900,000","-8,000,000","-282,900,000","-7,200,000","-7,700,000","-7,300,000",,"-8,300,000","9,000,000","700,000","3,400,000",,"-6,000,000","-1,300,000","-3,300,000",,"1,700,000","1,300,000","2,300,000","7,600,000","1,400,000","300,000","400,000","700,000","1,000,000","-400,000","3,600,000","900,000","-1,100,000","-1,100,000","5,100,000",,,,,,,,,,,,,,,,,,
NormalizedEBITDA,"944,560,000","117,370,000","300,699,000","431,561,000","94,929,000","78,991,000","240,596,000","436,391,000","1,299,000","-96,250,000","127,449,000","212,140,000","11,828,000","-68,091,000","167,648,000","193,120,000","-122,122,000","-204,089,000","-231,507,000","153,081,000","12,510,000","-59,090,000","328,754,000","384,255,000","58,810,000","-4,619,000","361,580,000","373,989,000","67,004,000","12,039,000","310,102,000","482,537,000","62,904,000","59,339,000","533,467,000","584,091,000","145,734,000","110,734,000","427,999,000","532,135,000","176,102,000","70,892,000","538,717,000","440,881,000","151,468,000","79,426,000","471,026,000","402,691,000","114,187,000","86,692,000","461,279,000","378,717,000","76,451,000","-7,366,000","285,366,000","261,494,000","79,614,000","22,456,000","403,425,000","347,427,000","73,386,000","66,931,000","430,757,000","367,583,000","91,279,000","8,140,000","365,752,000","335,180,000","67,986,000","40,803,000","354,440,000","400,064,000","86,193,000","49,080,000","342,516,000","414,421,000","93,480,000","111,895,000","367,246,000","415,425,000","103,534,000","104,335,000","311,594,000","382,411,000","139,435,000","80,242,000","382,650,000","293,211,000","86,794,000","11,151,000","81,700,000","288,500,000","533,500,000","63,900,000","136,800,000","499,300,000","154,300,000","99,800,000","334,000,000","422,100,000","194,800,000","371,800,000","230,700,000","325,200,000","164,100,000","94,800,000","241,300,000","261,900,000","150,500,000","76,200,000","111,800,000","265,500,000","130,200,000","76,500,000","101,800,000","155,600,000","80,000,000","48,600,000","65,200,000","136,900,000","66,500,000","46,700,000","78,600,000","119,500,000","61,600,000","30,900,000","46,600,000","104,200,000","56,400,000","21,900,000","-714,500,000","410,000,000","272,300,000","195,300,000","-602,700,000","306,600,000","207,100,000","188,600,000","-808,400,000","318,100,000","256,400,000","211,800,000","-699,200,000","344,400,000","243,200,000","199,100,000","-669,800,000","328,100,000"
TaxRateForCalcs,"0.4","0.4","0.27","0.27","0.27","0.27","0.155","0.065","0.27","0.27","0.27","0.308","0.27","0.27","0.27","0.27","0.27","0.008","0.189","0.4","0.24","0.223","0.272","0.197","0.358","0.22","0.206","0.218","0.4","0.205","0.308","0.158","0.35","0.35","0.201","0.178","0.068","0.128","0.141","0.216","0.136","0.23","0.21","0.22","0.151","0.219","0.197","0.183","0.169","0.254","0.173","0.246","0.099","0.221","0.219","0.225","0.211","0.22","0.044","0.231","0.375","0.235","0.233","0.215","0.117","0.4","0.087","0.276","0.4","0.273","0.053","0.271","0.275","0.275","0.272","0.277","0.275","0.264","0.271","0.27","0.237","0.389","0.275","0.275","0.285","0.246","0.268","0.233","0.276","0.276","0.4","0.231","0.22","0.287","0.285","0.286","0.286","0.287","0.269","0.296","0.299","0.235","0.265","0.325","0.323","0.328","0.314","0.335","0.333","0.34","0.325","0.35","0.359","0.371","0.4","0.351","0.35","0.349","0.258","0.35","0.364","0.365","0.392","0.371","0.363","0.369","0.316","0.35","0.347","0.359",,,,,,,,,,,,,,,,,,
TaxEffectOfUnusualItems,"0","0","0","0","0","0","0","0","0","0","0","0","0","0","0","0","0","0","0","0","0","0","0","0","0","0","0","0","0","0","0","0","0","0","0","0","0","0","0","158,007.249","-66,494.796","182,188.041","-1,376,924.204","530,817.49","122,876.528","34,148.159","-234,159.991","-2,010.643","558,791.598","196,279.07","-313,552.511","-3,440,602.541","617,931.058","485,742.888","4,165,089.219","1,383,534.685","-1,345,811.29","-3,468,184.007","126,867.063","1,685,794.233","1,223,552.064","-580,461.056","514,713.851","-396,972.481","244,272.56","751,600","96,117.754","4,171,292.385","1,884,800","2,422,722.508","323,382.776","1,593,582.256","417,736.688","2,755,144.228","2,592,251.53","3,156,866.045","-901,899.244","-1,494,676.849","-6,974,197.431","520,639.35","-106,749.62","-6,295,224.026","-2,352,062.287","-620,691.706","-4,488,010.748","-1,595,132.946","-16,419,845.318","-5,963,784.649","3,039,132.69","1,758,974.466","3,440,000","184,650.37","-74,894,957.983","-659,760.956","7,169,747.899","-18,015,670.841","-1,115,602.837","-2,263,483.146","-807,865.169","-4,411,862.807","-2,394,810.009","-66,602,017.937","-1,908,489.955","-2,502,732.021","-2,361,326.531","0","-2,607,409.675","3,014,505.495","233,102.767","1,155,501.222","0","-2,100,591.716","-466,891.134","-1,223,498.695","0","596,052.632","454,875.717","802,135.231","1,963,333.333","489,610.39","109,239.13","145,922.747","274,481.328","371,111.111","-145,244.957","1,327,500","284,651.163","-384,625.85","-381,993.569","1,829,770.992",,,,,,,,,,,,,,,,,,