name,ttm,03/31/2022,12/31/2021,09/30/2021,06/30/2021,03/31/2021,12/31/2020,09/30/2020,06/30/2020,03/31/2020,12/31/2019,09/30/2019,06/30/2019,03/31/2019,12/31/2018,09/30/2018,06/30/2018,03/31/2018,12/31/2017,09/30/2017,06/30/2017,03/31/2017,12/31/2016,09/30/2016,06/30/2016,03/31/2016,12/31/2015,09/30/2015,06/30/2015,03/31/2015,12/31/2014,09/30/2014,06/30/2014,03/31/2014,12/31/2013,09/30/2013,06/30/2013,03/31/2013,12/31/2012,09/30/2012,06/30/2012,03/31/2012,12/31/2011,09/30/2011,06/30/2011,03/31/2011,12/31/2010,09/30/2010,06/30/2010,03/31/2010,12/31/2009,09/30/2009,06/30/2009,03/31/2009,12/31/2008,09/30/2008,06/30/2008,03/31/2008,12/31/2007,09/30/2007,06/30/2007,03/31/2007,12/31/2006,09/30/2006,06/30/2006,03/31/2006,12/31/2005,09/30/2005,06/30/2005,03/31/2005,12/31/2004,09/30/2004,06/30/2004,03/31/2004,12/31/2003,09/30/2003,06/30/2003,03/31/2003,12/31/2002,09/30/2002,06/30/2002,03/31/2002,12/31/2001,09/30/2001,06/30/2001,03/31/2001,12/31/2000,09/30/2000,06/30/2000,03/31/2000,12/31/1999,09/30/1999,06/30/1999,03/31/1999,12/31/1998,09/30/1998,06/30/1998,03/31/1998,12/31/1997,09/30/1997,06/30/1997,03/31/1997,12/31/1996,09/30/1996,06/30/1996,03/31/1996,12/31/1995,09/30/1995,06/30/1995,03/31/1995,12/31/1994,09/30/1994,06/30/1994,03/31/1994,12/31/1993,09/30/1993,06/30/1993,03/31/1993,12/31/1992,09/30/1992,06/30/1992,03/31/1992,12/31/1991,09/30/1991,06/30/1991,03/31/1991,12/31/1990,09/30/1990,06/30/1990,03/31/1990,12/31/1989,09/30/1989,06/30/1989,03/31/1989,12/31/1988,09/30/1988,06/30/1988,03/31/1988,12/31/1987,09/30/1987,06/30/1987,03/31/1987,12/31/1986,09/30/1986,06/30/1986,03/31/1986,12/31/1985,09/30/1985
TotalRevenue,"4,379,000,000","1,165,500,000","1,267,000,000","1,071,600,000","874,900,000","711,800,000","700,100,000","645,200,000","524,100,000","513,900,000","540,700,000","572,100,000","557,900,000","532,400,000","564,900,000","589,400,000","557,100,000","511,400,000","516,100,000","543,900,000","512,500,000","474,400,000","519,300,000","500,400,000","467,700,000","454,200,000","494,800,000","544,300,000","447,600,000","398,200,000","443,500,000","441,800,000","436,400,000","392,500,000","410,900,000","415,000,000","416,600,000","394,700,000","398,300,000","401,400,000","394,200,000","405,000,000","459,900,000","440,200,000","488,200,000","405,600,000","460,400,000","444,300,000","398,900,000","345,000,000","355,200,000","375,900,000","355,100,000","319,900,000","396,800,000","458,600,000","463,900,000","582,100,000","436,100,000","434,700,000","427,200,000","385,000,000","406,000,000","422,900,000","418,200,000","362,200,000","398,500,000","451,800,000","392,100,000","365,800,000","389,000,000","384,200,000","377,100,000","344,900,000","328,200,000","316,700,000","314,700,000","273,400,000","285,129,000","293,741,000","279,185,000","233,953,000","355,973,000","264,093,000","294,163,000","275,844,000","300,909,000","273,478,000","276,368,000","219,891,000","268,772,000","240,700,000","258,700,000","191,000,000","343,620,000","322,200,000","361,500,000","284,300,000","369,545,000","321,900,000","312,800,000","271,200,000","347,168,000","328,300,000","303,300,000","253,700,000","278,355,000","238,000,000","264,600,000","256,600,000","377,665,000","295,500,000","286,600,000","248,400,000","293,500,000","278,700,000","208,000,000","181,400,000","200,400,000","189,900,000","176,200,000","164,400,000","191,900,000","188,100,000","183,700,000","157,100,000","181,200,000","185,200,000","162,100,000","194,300,000","162,200,000","175,000,000","144,200,000","138,600,000","161,900,000","157,400,000","199,800,000","145,500,000","161,700,000","155,900,000","167,200,000","146,300,000","140,400,000","127,200,000","126,000,000","110,800,000","123,100,000","124,200,000"
	OperatingRevenue,"4,379,000,000","1,165,500,000","1,267,000,000","1,071,600,000","874,900,000","711,800,000","700,100,000","645,200,000","524,100,000","513,900,000","540,700,000","572,100,000","557,900,000","532,400,000","564,900,000","589,400,000","557,100,000","511,400,000","516,100,000","543,900,000","512,500,000","474,400,000","519,300,000","500,400,000","467,700,000","454,200,000","494,800,000","544,300,000","447,600,000","398,200,000","443,500,000","441,800,000","436,400,000","392,500,000","410,900,000","415,000,000","416,600,000","394,700,000","398,300,000","401,400,000","394,200,000","405,000,000","459,900,000","440,200,000","488,200,000","405,600,000","460,400,000","444,300,000","398,900,000","345,000,000","355,200,000","375,900,000","355,100,000","319,900,000","396,800,000","458,600,000","463,900,000","582,100,000","436,100,000","434,700,000","427,200,000","385,000,000","406,000,000","422,900,000","418,200,000","362,200,000","398,500,000","451,800,000","392,100,000","365,800,000","389,000,000","384,200,000","377,100,000","344,900,000","333,000,000","315,100,000","313,300,000","271,600,000","284,734,000","290,555,000","277,194,000","231,797,000","379,395,000","260,701,000","294,163,000","272,786,000","315,950,000","267,572,000","270,657,000","214,467,000","247,100,000","240,700,000","258,700,000","191,000,000","324,700,000","322,200,000","361,500,000","284,300,000","327,400,000","321,900,000","312,800,000","271,200,000","324,800,000","328,300,000","303,300,000","253,700,000","245,900,000","238,000,000","264,600,000","256,600,000","354,700,000","295,500,000","286,600,000","248,400,000","293,500,000","278,700,000","208,000,000","181,400,000","200,400,000","189,900,000","176,200,000","164,400,000","191,900,000","188,100,000","183,700,000","157,100,000","181,200,000","185,200,000","162,100,000","194,300,000","162,200,000","175,000,000","144,200,000","138,600,000","161,900,000","157,400,000","199,800,000","145,500,000","161,700,000","155,900,000","167,200,000","146,300,000","140,400,000","127,200,000","126,000,000","110,800,000","123,100,000","124,200,000"
CostOfRevenue,"2,716,600,000","703,700,000","748,000,000","649,300,000","615,600,000","544,700,000","533,900,000","495,800,000","426,300,000","448,300,000","465,500,000","472,600,000","472,800,000","467,100,000","484,300,000","485,500,000","465,900,000","439,300,000","446,000,000","436,100,000","422,900,000","412,200,000","441,400,000","411,400,000","389,900,000","376,400,000","402,600,000","424,800,000","364,500,000","318,200,000","355,000,000","363,800,000","366,900,000","347,800,000","361,000,000","353,600,000","344,900,000","342,800,000","342,100,000","337,000,000","329,000,000","350,500,000","399,200,000","366,500,000","424,800,000","365,200,000","404,100,000","362,300,000","319,600,000","294,000,000","311,200,000","323,300,000","303,000,000","272,000,000","328,000,000","386,000,000","379,300,000","484,400,000","351,100,000","351,300,000","340,400,000","307,900,000","329,600,000","342,700,000","347,700,000","294,200,000","331,400,000","362,400,000","308,600,000","278,700,000","328,800,000","310,100,000","295,500,000","267,600,000","249,900,000","253,500,000","252,400,000","224,200,000","238,304,000","239,355,000","229,433,000","196,290,000","212,411,000","208,714,000","225,053,000","210,335,000","251,412,000","210,520,000","200,901,000","170,576,000","202,349,000","192,400,000","198,800,000","144,600,000","273,136,000","271,600,000","302,000,000","237,200,000","271,218,000","258,400,000","254,300,000","227,800,000","264,721,000","259,900,000","244,900,000","211,500,000","197,211,000","194,700,000","221,900,000","210,600,000","282,366,000","243,400,000","222,100,000","165,700,000","198,500,000","196,900,000","131,700,000","108,300,000","62,800,000","138,700,000","127,200,000","122,000,000","61,900,000","128,100,000","121,200,000","118,400,000","70,900,000","130,100,000","110,300,000","107,100,000","67,700,000","122,600,000","98,200,000",,,,,,,,,,,,,,,
GrossProfit,"1,662,400,000","461,800,000","519,000,000","422,300,000","259,300,000","167,100,000","166,200,000","149,400,000","97,800,000","65,600,000","75,200,000","99,500,000","85,100,000","65,300,000","80,600,000","103,900,000","91,200,000","72,100,000","70,100,000","107,800,000","89,600,000","62,200,000","77,900,000","89,000,000","77,800,000","77,800,000","92,200,000","119,500,000","83,100,000","80,000,000","88,500,000","78,000,000","69,500,000","44,700,000","49,900,000","61,400,000","71,700,000","51,900,000","56,200,000","64,400,000","65,200,000","54,500,000","60,700,000","73,700,000","63,400,000","40,400,000","56,300,000","82,000,000","79,300,000","51,000,000","44,000,000","52,600,000","52,100,000","47,900,000","68,800,000","72,600,000","84,600,000","97,700,000","85,000,000","83,400,000","86,800,000","77,100,000","76,400,000","80,200,000","70,500,000","68,000,000","67,100,000","89,400,000","83,500,000","87,100,000","60,200,000","74,100,000","81,600,000","77,300,000","78,300,000","63,200,000","62,300,000","49,200,000","46,825,000","54,386,000","49,752,000","37,663,000","143,562,000","55,379,000","69,110,000","65,509,000","49,497,000","62,958,000","75,467,000","49,315,000","66,423,000","48,300,000","59,900,000","46,400,000","70,484,000","50,600,000","59,500,000","47,100,000","98,327,000","63,500,000","58,500,000","43,400,000","82,447,000","68,400,000","58,400,000","42,200,000","81,144,000","43,300,000","42,700,000","46,000,000","95,299,000","52,100,000","64,500,000","82,700,000","95,000,000","81,800,000","76,300,000","73,100,000","137,600,000","51,200,000","49,000,000","42,400,000","130,000,000","60,000,000","62,500,000","38,700,000","110,300,000","55,100,000","51,800,000","87,200,000","94,500,000","52,400,000","46,000,000",,,,,,,,,,,,,,,
OperatingExpense,"243,600,000","63,200,000","64,800,000","57,400,000","58,200,000","56,100,000","59,400,000","58,700,000","50,300,000","56,600,000","52,800,000","52,700,000","55,000,000","56,300,000","58,100,000","54,500,000","54,300,000","53,900,000","53,700,000","53,500,000","50,600,000","50,700,000","48,200,000","46,400,000","44,700,000","45,800,000","49,700,000","52,200,000","54,600,000","38,500,000","40,300,000","36,100,000","35,900,000","35,000,000","33,000,000","31,800,000","34,400,000","33,400,000","23,800,000","30,900,000","32,700,000","42,300,000","41,100,000","37,300,000","37,900,000","37,700,000","42,000,000","40,400,000","36,900,000","38,700,000","37,200,000","35,600,000","35,000,000","46,200,000","45,200,000","38,100,000","40,100,000","47,300,000","47,900,000","39,000,000","40,500,000","37,600,000","39,500,000","34,400,000","36,300,000","35,800,000","36,900,000","39,500,000","33,400,000","32,100,000","34,700,000","31,300,000","30,900,000","31,100,000","37,500,000","26,600,000","30,100,000","29,800,000","27,323,000","26,071,000","27,618,000","25,809,000","54,677,000","23,572,000","24,504,000","24,944,000","20,317,000","22,659,000","25,032,000","22,262,000","-511,291,000","213,200,000","222,500,000","167,700,000","-782,810,000","298,100,000","329,200,000","263,300,000","-712,321,000","284,700,000","280,800,000","254,400,000","-685,951,000","288,200,000","271,600,000","238,800,000","-589,575,000","220,500,000","249,100,000","242,100,000","-622,763,000","273,500,000","251,600,000","55,700,000","56,300,000","54,500,000","47,200,000","44,300,000","110,100,000","22,400,000","19,000,000","19,400,000","99,400,000","21,400,000","22,200,000","18,500,000","84,800,000","19,300,000","18,800,000","18,200,000","73,400,000","17,300,000","15,800,000",,,,,,,,,,,,,,,
	SellingGeneralAndAdministration,"243,600,000","63,200,000","64,800,000","57,400,000","58,200,000","56,100,000","59,400,000","58,700,000","50,300,000","56,600,000","52,800,000","52,700,000","55,000,000","56,300,000","58,100,000","54,500,000","54,300,000","53,900,000","53,700,000","53,500,000","50,600,000","50,700,000","48,200,000","46,400,000","44,700,000","45,800,000","49,700,000","52,200,000","54,600,000","38,500,000","40,300,000","36,100,000","35,900,000","35,000,000","33,000,000","31,800,000","34,400,000","33,400,000","23,800,000","30,900,000","34,300,000","39,000,000","41,100,000","37,300,000","37,900,000","37,700,000","42,000,000","40,400,000","36,900,000","38,700,000","37,200,000","35,600,000","35,000,000","46,200,000","45,200,000","38,100,000","40,100,000","39,600,000","47,900,000","39,000,000","40,500,000","37,600,000","39,500,000","34,400,000","36,300,000","35,800,000","40,100,000","34,300,000","33,400,000","32,100,000","34,700,000","31,300,000","30,900,000","31,100,000","37,500,000","26,600,000","30,100,000","29,800,000","27,323,000","26,071,000","27,618,000","25,809,000","26,077,000","23,572,000","24,504,000","24,944,000","20,317,000","22,659,000","25,032,000","22,262,000","24,599,000","20,800,000","23,700,000","23,100,000","27,918,000","26,500,000","27,200,000","26,100,000","28,179,000","26,300,000","26,500,000","26,600,000","30,933,000","28,300,000","26,700,000","27,300,000","31,161,000","25,800,000","27,200,000","31,500,000","38,362,000","30,100,000","29,500,000","29,500,000","32,000,000","27,300,000","23,700,000","21,400,000","24,700,000","22,400,000","19,000,000","19,400,000","22,700,000","21,400,000","22,200,000","18,500,000","20,800,000","19,300,000","18,800,000","18,200,000","19,400,000","17,300,000","15,800,000",,,,,,,,,,,,,,,
	DepreciationAmortizationDepletionIncomeStatement,,,,,,,,,,,,,,,,,,,,,,,,,,,,,,,,,,,,,,,,,,,,,,,,,,,,,,,,,,"25,000,000",,,,,,,,,,,,,,,,,,,,,,,,,,,,,,,,,,,,,,,,,,,,,,,,,,,,,,,,"26,200,000","24,300,000","27,200,000","23,500,000","22,900,000",,,,,,,,,,,,,,,,,,,,,,,,,,,,,,
		DepreciationAndAmortizationInIncomeStatement,,,,,,,,,,,,,,,,,,,,,,,,,,,,,,,,,,,,,,,,,,,,,,,,,,,,,,,,,,,,,,,,,,,,,,,,,,,,,,,,,,,,,,,,,,,,,,,,,,,,,,,,,,,,,,,,,,"26,200,000","24,300,000","27,200,000","23,500,000","22,900,000",,,,,,,,,,,,,,,,,,,,,,,,,,,,,,
			DepreciationIncomeStatement,,,,,,,,,,,,,,,,,,,,,,,,,,,,,,,,,,,,,,,,,,,,,,,,,,,,,,,,,,,,,,,,,,,,,,,,,,,,,,,,,,,,,,,,,,,,,,,,,,,,,,,,,,,,,,,,,,"26,200,000","24,300,000","27,200,000","23,500,000","22,900,000",,,,,,,,,,,,,,,,,,,,,,,,,,,,,,
	OtherOperatingExpenses,,,,,,,,,,,,,,,,,,,,,,,,,,,,,,,,,,,,,,,,"-700,000","-1,600,000","3,300,000",,,,,,,,,,,,,,,,"-17,300,000",,,,,,,,,"-87,200,000","5,200,000",,,,,,,,,,,,,,,,,,,,,,,"-609,791,000","192,400,000","198,800,000","144,600,000","-899,228,000","271,600,000","302,000,000","237,200,000","-829,058,000","258,400,000","254,300,000","227,800,000","-805,835,000","259,900,000","244,900,000","211,500,000","-705,863,000","194,700,000","221,900,000","210,600,000","-766,275,000","243,400,000","222,100,000",,,,,,,,,,,,,,,,,,,,,,,,,,,,,,,,,,,
OperatingIncome,"1,418,800,000","398,600,000","454,200,000","364,900,000","201,100,000","111,000,000","106,800,000","90,700,000","47,500,000","9,000,000","22,400,000","46,800,000","30,100,000","9,000,000","22,500,000","49,400,000","36,900,000","18,200,000","16,400,000","54,300,000","39,000,000","11,500,000","29,700,000","42,600,000","33,100,000","32,000,000","42,500,000","67,300,000","28,500,000","41,500,000","48,200,000","41,900,000","33,600,000","9,700,000","16,900,000","29,600,000","37,300,000","18,500,000","32,400,000","33,500,000","32,500,000","12,200,000","19,600,000","36,400,000","25,500,000","2,700,000","14,300,000","41,600,000","42,400,000","12,300,000","6,800,000","17,000,000","17,100,000","1,700,000","23,600,000","34,500,000","44,500,000","50,400,000","37,100,000","44,400,000","46,300,000","39,500,000","36,900,000","45,800,000","34,200,000","32,200,000","30,200,000","49,900,000","50,100,000","55,000,000","25,500,000","42,800,000","50,700,000","46,200,000","40,800,000","36,600,000","32,200,000","19,400,000","19,502,000","28,315,000","22,134,000","11,854,000","88,885,000","31,807,000","44,606,000","40,565,000","29,180,000","40,299,000","50,435,000","27,053,000","577,714,000","-164,900,000","-162,600,000","-121,300,000","853,294,000","-247,500,000","-269,700,000","-216,200,000","810,648,000","-221,200,000","-222,300,000","-211,000,000","768,398,000","-219,800,000","-213,200,000","-196,600,000","670,719,000","-177,200,000","-206,400,000","-196,100,000","718,062,000","-221,400,000","-187,100,000","27,000,000","38,700,000","27,300,000","29,100,000","28,800,000","27,500,000","28,800,000","30,000,000","23,000,000","30,600,000","38,600,000","40,300,000","20,200,000","25,500,000","35,800,000","33,000,000","69,000,000","21,100,000","35,100,000","30,200,000","138,600,000","-333,300,000","157,400,000","199,800,000","145,500,000","-309,200,000","155,900,000","167,200,000","146,300,000","-269,200,000","127,200,000","126,000,000","110,800,000","-276,300,000","124,200,000"
NetNonOperatingInterestIncomeExpense,"-20,100,000","-4,800,000","-4,700,000","-5,100,000","-5,500,000","-7,300,000","-4,900,000","-5,700,000","-8,200,000","-8,600,000","-5,600,000","-6,200,000","-6,100,000","-4,600,000","-4,300,000","-4,400,000","-5,000,000","-5,000,000","-5,400,000","-6,200,000","-6,300,000","-6,300,000","-6,700,000","-6,000,000","-6,500,000","-4,900,000","-4,900,000","-4,700,000","-4,600,000","-4,300,000","-4,300,000","-4,400,000","-4,500,000","-4,100,000","-3,500,000","-3,600,000","-3,600,000","-3,700,000","-3,800,000","-4,000,000","-1,900,000","-6,000,000","-6,600,000","-6,300,000","-5,900,000","-6,200,000","-6,800,000","-6,200,000","-6,300,000","-4,700,000","-6,100,000","-6,600,000","-6,800,000","-5,500,000","-6,400,000","-5,600,000","-5,300,000",,,,,,,,,,,,,,,,,,,,,,,,,,,,,,,,,,,,,,,,,,,,,,,,,,,,,,,,,,,,,,,,,,,,,,,,,,,,,,,,,,,,,,,,,,,
	InterestIncomeNonOperating,,,,,,,,,,,,,,,,,,,,,,,,,,,,,,,,,,,,,,,,,,"100,000","-200,000","0","200,000","0","-100,000","100,000","200,000","1,800,000","-300,000","100,000","100,000","100,000","100,000","200,000","300,000",,,,,,,,,,,,,,,,,,,,,,,,,,,,,,,,,,,,,,,,,,,,,,,,,,,,,,,,,,,,,,,,,,,,,,,,,,,,,,,,,,,,,,,,,,,
	InterestExpenseNonOperating,"20,100,000","4,800,000","4,700,000","5,100,000","5,500,000","7,300,000","4,900,000","5,700,000","8,200,000","8,600,000","5,600,000","6,200,000","6,100,000","4,600,000","4,300,000","4,400,000","5,000,000","5,000,000","5,400,000","6,200,000","6,300,000","6,300,000","6,700,000","6,000,000","6,500,000","4,900,000","4,900,000","4,700,000","4,600,000","4,300,000","4,300,000","4,400,000","4,500,000","4,100,000","3,500,000","3,600,000","3,600,000","3,700,000","3,800,000","4,000,000","1,900,000","6,100,000","6,400,000","6,300,000","6,100,000","6,200,000","6,700,000","6,300,000","6,500,000","6,500,000","5,800,000","6,700,000","6,900,000","5,600,000","6,500,000","5,800,000","5,600,000",,,,,,,,,,,,,,,,,,,,,,,,,,,,,,,,,,,,,,,,,,,,,,,,,,,,,,,,,,,,,,,,,,,,,,,,,,,,,,,,,,,,,,,,,,,
OtherIncomeExpense,"88,100,000","36,000,000","23,000,000","14,800,000","14,300,000","10,600,000","12,500,000","10,100,000","5,200,000","4,600,000","3,300,000","7,900,000","1,700,000","9,100,000","8,700,000","9,900,000","9,500,000","11,300,000","8,900,000","7,500,000","6,900,000","4,900,000","6,600,000","3,600,000","3,000,000","2,600,000","3,400,000","4,500,000","5,200,000","3,400,000","1,200,000","3,100,000","2,100,000","200,000","1,000,000","-2,400,000","-800,000","200,000","-8,500,000","700,000",,"-1,600,000","-8,700,000","-1,100,000","2,100,000","5,700,000","7,100,000","4,400,000","500,000",,"2,500,000","300,000","200,000",,"-2,100,000","-600,000","1,700,000","23,600,000","8,400,000","4,000,000","7,200,000","4,400,000","2,700,000","-900,000","-1,700,000","13,900,000",,"9,500,000","-1,400,000","1,000,000",,,,,,,,,,,,,,,,,,,,"-15,050,000",,,,,,,,,,,,,,,,,"0",,"-8,100,000",,,"5,600,000","4,500,000","6,000,000","4,100,000","4,000,000","4,600,000","5,000,000","-11,500,000","5,600,000","6,800,000","5,600,000","16,500,000","6,800,000","6,000,000","6,700,000","10,400,000","7,000,000","8,600,000","9,200,000","9,500,000","10,800,000","8,200,000",,,,,,,,,,,,,,,
	EarningsFromEquityInterest,"81,100,000","34,000,000","21,300,000","13,000,000","12,800,000","9,200,000","10,900,000","7,700,000","3,700,000","4,000,000","3,000,000","8,400,000","900,000","8,500,000","8,000,000","9,200,000","9,100,000","10,500,000","8,900,000","7,500,000","6,900,000","4,900,000","6,600,000","3,600,000","3,000,000","2,600,000","3,400,000","4,500,000","5,200,000","3,400,000","1,200,000","3,100,000","2,100,000","200,000","1,000,000","-2,400,000","-800,000","200,000","100,000","700,000",,"-1,600,000",,"-1,100,000","-400,000","2,000,000","-1,500,000","4,400,000","-200,000","-700,000",,,"200,000","0",,,"1,700,000",,,,,,,,,,,,,,,,,,,,,,,,,,,,,,,,,,,,,,,,,,,,,,,,,,,,,,,,,,,,,,,,,,,,,,,,,,,,,,,,,,,,,,,,,,,
	SpecialIncomeCharges,,,,,,,,,,,,,,,,,,,,,,,,,,,,,,,,,,,"0","0","0","0","0",,,,"-8,200,000",,"2,500,000","3,700,000","8,600,000",,"700,000","700,000","2,500,000","300,000",,,"-2,100,000","-600,000",,"23,600,000","8,400,000","4,000,000","7,200,000","4,400,000","2,700,000","-900,000","-1,700,000","13,900,000",,"9,500,000","-1,400,000","1,000,000","3,000,000","0","0","0","-8,000,000","0","0","0","0","0","0","0","0","0","0","0","0","0","0","-15,050,000",,,,,,,,,,,,,,,,,"0",,"-8,100,000",,"-16,200,000","5,600,000","4,500,000","6,000,000","4,100,000","4,000,000","4,600,000","5,000,000","-11,500,000","5,600,000","6,800,000","5,600,000","16,500,000","6,800,000","6,000,000","6,700,000","10,400,000","7,000,000","8,600,000","9,200,000","9,500,000","10,800,000","8,200,000",,,,,,,,,,,,,,,
		RestructuringAndMergernAcquisition,,,,,,,,,,,,,,,,,,,,,,,,,,,,,,,,,,,"0","0","0","0","0",,,,,,,,,,,,,,,,,,,,,,,,,,,,,,,,,,,,,,,,,,,,,,,,,,,,,,,,,,,,,,,,,,,,,,,,,,,,,,,,,,,,,,,,,,,,,,,,,,,,,,,,,,,,,
	OtherNonOperatingIncomeExpenses,"7,000,000","2,000,000","1,700,000","1,800,000","1,500,000","1,400,000","1,600,000","2,400,000","1,500,000","600,000","300,000","-500,000","800,000","600,000","700,000","700,000","400,000","800,000",,,,,,,,,,,,,,,,,,,,,,,,,,,,,,,,,,,,,,,,,,,,,,,,,,,,,,,,,,,,,,,,,,,,,,,,,,,,,,,,,,,,,,,,,,,,,,,,,,,,,,,,,,,,,,,,,,,,,,,,,,,,,,,,,,
PretaxIncome,"1,486,800,000","429,800,000","472,500,000","374,600,000","209,900,000","114,300,000","114,400,000","95,100,000","44,500,000","5,000,000","20,100,000","48,500,000","25,700,000","13,500,000","26,900,000","54,900,000","41,400,000","24,500,000","19,900,000","55,600,000","39,600,000","10,100,000","29,600,000","40,200,000","29,600,000","29,700,000","41,000,000","67,100,000","29,100,000","40,600,000","45,100,000","40,600,000","31,200,000","5,800,000","14,400,000","23,600,000","32,900,000","15,000,000","20,100,000","30,200,000","30,600,000","4,600,000","4,300,000","29,000,000","21,700,000","2,200,000","14,600,000","39,800,000","36,600,000","7,600,000","3,200,000","10,700,000","10,500,000","-3,800,000","15,100,000","28,300,000","40,900,000","68,300,000","40,000,000","44,600,000","50,100,000","40,600,000","34,900,000","41,900,000","32,200,000","45,100,000","27,700,000","56,500,000","46,900,000","54,100,000","29,000,000","39,700,000","47,500,000","42,900,000","28,900,000","33,500,000","29,800,000","16,800,000","16,784,000","25,370,000","19,074,000","8,897,000","85,206,000","27,477,000","39,736,000","34,786,000","22,895,000","33,638,000","44,476,000","6,656,000","6,040,000","27,400,000","36,900,000","25,100,000","-19,105,000","22,100,000","30,400,000","22,100,000","29,412,000","34,600,000","29,300,000","33,900,000","27,633,000","37,100,000","28,000,000","11,300,000","21,054,000","16,200,000","5,400,000","13,400,000","33,435,000","21,200,000","32,400,000","26,200,000","33,700,000","24,800,000","27,100,000","27,600,000","500,000","28,300,000","31,700,000","23,800,000","38,600,000","37,400,000","36,800,000","20,200,000","27,000,000","34,900,000","33,700,000","70,800,000","23,400,000","39,900,000","32,300,000",,,,,,,,,,,,,,,
TaxProvision,"307,400,000","90,600,000","78,000,000","91,400,000","47,400,000","27,100,000","28,800,000","24,200,000","11,700,000","1,200,000","4,500,000","12,300,000","7,300,000","1,000,000","6,300,000","13,300,000","8,800,000","10,300,000","-147,000,000","21,500,000","15,600,000","3,100,000","10,200,000","15,200,000","11,600,000","11,600,000","14,400,000","25,600,000","19,200,000","15,600,000","17,300,000","19,100,000","13,100,000","2,400,000","7,100,000","6,400,000","12,800,000","5,900,000","4,400,000","11,200,000","15,300,000","1,800,000","400,000","10,700,000","8,500,000","900,000","6,100,000","15,000,000","13,700,000","3,500,000","1,300,000","4,600,000","4,300,000","-1,800,000","4,900,000","8,500,000","15,600,000","26,600,000","14,000,000","17,800,000","18,800,000","15,900,000","12,800,000","15,700,000","11,700,000","17,200,000","9,300,000","21,400,000","17,800,000","20,500,000","10,600,000","15,100,000","18,300,000","16,100,000","11,100,000","11,800,000","11,000,000","6,100,000","3,460,000","9,084,000","6,550,000","3,380,000","29,653,000","10,165,000","15,222,000","12,352,000","8,349,000","12,284,000","16,233,000","-7,525,000","1,061,000","8,900,000","13,700,000","9,300,000","-3,548,000","8,300,000","11,400,000","8,300,000","9,425,000","12,700,000","11,000,000","12,700,000","10,448,000","14,000,000","10,200,000","4,100,000","8,435,000","5,900,000","1,900,000","4,800,000","10,527,000","7,400,000","11,500,000","9,300,000","10,000,000","16,900,000","9,700,000","9,600,000","-100,000","7,000,000","9,500,000","7,300,000","10,400,000","11,600,000","12,000,000","6,600,000","3,600,000","12,700,000","11,300,000","23,700,000","6,600,000","10,900,000","10,800,000",,,,,,,,,,,,,,,
NetIncomeCommonStockholders,"1,179,400,000","339,200,000","394,500,000","283,200,000","162,500,000","87,200,000","85,600,000","70,900,000","32,800,000","3,800,000","15,600,000","36,200,000","18,400,000","12,500,000","20,600,000","41,600,000","32,600,000","14,200,000","166,900,000","34,100,000","24,000,000","7,000,000","19,400,000","25,000,000","18,000,000","18,100,000","26,600,000","41,500,000","9,900,000","25,000,000","27,800,000","21,500,000","18,100,000","3,400,000","7,300,000","17,200,000","20,100,000","9,100,000","15,600,000","19,100,000","7,800,000","3,800,000","1,400,000","8,700,000","18,700,000","5,200,000","20,100,000","25,700,000","28,900,000","17,300,000","19,900,000","8,500,000","12,600,000","3,000,000","23,500,000","36,800,000","29,600,000","42,100,000","36,200,000","49,100,000","32,000,000","24,700,000","26,500,000","27,900,000","30,200,000","37,400,000","23,400,000","35,500,000","29,400,000","37,700,000","19,000,000","24,800,000","30,100,000","27,100,000","18,500,000","21,700,000","23,200,000","17,600,000","17,327,000","17,825,000","13,197,000","9,807,000","46,368,000","17,312,000","24,514,000","22,434,000","14,546,000","21,354,000","28,243,000","26,431,000","4,979,000","18,500,000","23,200,000","15,800,000","-21,358,000","13,800,000","19,000,000","13,800,000","19,987,000","21,900,000","18,300,000","21,200,000","17,185,000","23,100,000","17,800,000","7,200,000","13,455,000","10,300,000","23,400,000","8,600,000","22,908,000","13,800,000","20,900,000","16,900,000","23,700,000","7,900,000","17,400,000","18,000,000","-25,100,000","5,400,000","22,200,000","16,500,000","28,200,000","25,800,000","24,800,000","13,600,000","23,400,000","22,200,000","22,400,000","47,100,000","16,800,000","29,000,000","21,500,000","135,300,000","26,800,000","25,200,000","52,200,000","31,000,000","22,800,000","24,000,000","41,000,000","32,600,000","21,700,000","25,200,000","27,200,000","18,400,000","19,400,000","21,400,000"
	NetIncome,"1,179,400,000","339,200,000","394,500,000","283,200,000","162,500,000","87,200,000","85,600,000","70,900,000","32,800,000","3,800,000","15,600,000","36,200,000","18,400,000","12,500,000","20,600,000","41,600,000","32,600,000","14,200,000","166,900,000","34,100,000","24,000,000","7,000,000","19,400,000","25,000,000","18,000,000","18,100,000","26,600,000","41,500,000","9,900,000","25,000,000","27,800,000","21,500,000","18,100,000","3,400,000","7,300,000","17,200,000","20,100,000","9,100,000","15,600,000","19,100,000","7,800,000","3,800,000","1,400,000","8,700,000","18,700,000","5,200,000","20,100,000","25,700,000","28,900,000","17,300,000","19,900,000","8,500,000","12,600,000","3,000,000","23,500,000","36,800,000","29,600,000","42,100,000","36,200,000","49,100,000","32,000,000","24,700,000","26,500,000","27,900,000","30,200,000","37,400,000","23,400,000","35,500,000","29,400,000","37,700,000","19,000,000","24,800,000","30,100,000","27,100,000","18,500,000","21,700,000","23,200,000","17,600,000","17,327,000","17,825,000","13,197,000","9,807,000","46,368,000","17,312,000","24,514,000","22,434,000","14,546,000","21,354,000","28,243,000","26,431,000","4,979,000","18,500,000","23,200,000","15,800,000","-21,358,000","13,800,000","19,000,000","13,800,000","19,987,000","21,900,000","18,300,000","21,200,000","17,185,000","23,100,000","17,800,000","7,200,000","13,455,000","10,300,000","23,400,000","8,600,000","22,908,000","13,800,000","20,900,000","16,900,000","23,700,000","7,900,000","17,400,000","18,000,000","-25,100,000","5,400,000","22,200,000","16,500,000","28,200,000","25,800,000","24,800,000","13,600,000","23,400,000","22,200,000","22,400,000","47,100,000","16,800,000","29,000,000","21,500,000","135,300,000","26,800,000","25,200,000","52,200,000","31,000,000","22,800,000","24,000,000","41,000,000","32,600,000","21,700,000","25,200,000","27,200,000","18,400,000","19,400,000","21,400,000"
		NetIncomeIncludingNoncontrollingInterests,"1,179,400,000","339,200,000","394,500,000","283,200,000","162,500,000","87,200,000","85,600,000","70,900,000","32,800,000","3,800,000","15,600,000","36,200,000","18,400,000","12,500,000","20,600,000","41,600,000","32,600,000","14,200,000","166,900,000","34,100,000","24,000,000","7,000,000","19,400,000","25,000,000","18,000,000","18,100,000","26,600,000","41,500,000","9,900,000","25,000,000","27,800,000","21,500,000","18,100,000","3,400,000","7,300,000","17,200,000","20,100,000","9,100,000","15,600,000","19,100,000","7,800,000","3,800,000","1,400,000","8,700,000","18,700,000","5,200,000","20,100,000","25,700,000","28,900,000","17,300,000","19,900,000","8,500,000","12,600,000","3,000,000","23,500,000","36,800,000","29,600,000","42,100,000","36,200,000","49,100,000","32,000,000","24,700,000","26,500,000","27,900,000","30,200,000","37,400,000","23,400,000","35,500,000","29,400,000","37,700,000","19,000,000","24,800,000","30,100,000","27,100,000","18,500,000","21,700,000","23,200,000","17,600,000","17,327,000","17,825,000","13,197,000","9,807,000","46,368,000","17,312,000","24,514,000","22,434,000","14,546,000","21,354,000","28,243,000","26,431,000","4,979,000","18,500,000","23,200,000","15,800,000","-21,358,000","13,800,000","19,000,000","13,800,000","19,987,000","21,900,000","18,300,000","21,200,000","17,185,000","23,100,000","17,800,000","7,200,000","13,455,000","10,300,000","23,400,000","8,600,000","22,908,000","13,800,000","20,900,000","16,900,000","23,700,000","7,900,000","17,400,000","18,000,000","-25,100,000","5,400,000","22,200,000","16,500,000","28,200,000","25,800,000","24,800,000","13,600,000","23,400,000","22,200,000","22,400,000","47,100,000","16,800,000","29,000,000","21,500,000","135,300,000","26,800,000","25,200,000","52,200,000","31,000,000","22,800,000","24,000,000","41,000,000","32,600,000","21,700,000","25,200,000","27,200,000","18,400,000","19,400,000","21,400,000"
			NetIncomeContinuousOperations,"1,179,400,000","339,200,000","394,500,000","283,200,000","162,500,000","87,200,000","85,600,000","70,900,000","32,800,000","3,800,000","15,600,000","36,200,000","18,400,000","12,500,000","20,600,000","41,600,000","32,600,000","14,200,000","166,900,000","34,100,000","24,000,000","7,000,000","19,400,000","25,000,000","18,000,000","18,100,000","26,600,000","41,500,000","9,900,000","25,000,000","27,800,000","21,500,000","18,100,000","3,400,000","7,300,000","17,200,000","20,100,000","9,100,000","15,700,000","19,000,000","15,300,000","2,800,000","3,900,000","18,300,000","13,200,000","1,300,000","8,500,000","24,800,000","22,900,000","4,100,000","1,900,000","6,100,000","6,200,000","-2,000,000","10,200,000","19,800,000","25,300,000","41,700,000","26,000,000","26,800,000","31,300,000","24,700,000","22,100,000","26,200,000","20,500,000","27,900,000","18,400,000","35,100,000","29,100,000","33,600,000","18,400,000","24,600,000","29,200,000","26,800,000","17,800,000","21,700,000","18,800,000","10,700,000","13,324,000","16,286,000","12,524,000","5,517,000","55,553,000","17,312,000","24,514,000","22,434,000","14,546,000","21,354,000","28,243,000","14,181,000","4,979,000","18,500,000","23,200,000","15,800,000","-15,557,000","13,800,000","19,000,000","13,800,000","19,987,000","21,900,000","18,300,000","21,200,000","17,185,000","23,100,000","17,800,000","7,200,000","12,619,000","10,300,000","3,500,000","8,600,000","22,908,000","13,800,000","20,900,000","16,900,000","23,700,000","7,900,000","17,400,000","18,000,000","600,000","21,300,000","22,200,000","16,500,000","28,200,000","25,800,000","24,800,000","13,600,000","23,400,000","22,200,000","22,400,000","47,100,000","16,800,000","29,000,000","21,500,000","135,300,000","26,800,000","25,200,000","52,200,000","31,000,000","22,800,000","24,000,000","41,000,000","32,600,000","21,700,000","25,200,000","27,200,000","18,400,000","19,400,000","21,400,000"
			NetIncomeDiscontinuousOperations,,,,,,,,,,,,,,,,,,,,,,,,,,,,,,,,,,,"0","0","0","0","-100,000","100,000","-7,500,000","1,000,000","-2,500,000","-9,600,000","5,500,000","3,900,000","11,600,000","900,000","6,000,000","13,200,000","18,000,000","2,400,000","6,400,000","5,000,000","13,300,000","17,000,000","4,300,000","400,000","10,200,000","22,300,000","700,000","0","4,400,000","1,700,000","9,700,000","9,500,000","5,000,000","400,000","300,000","4,100,000","600,000","200,000","900,000","300,000","700,000","0","4,400,000","6,900,000","4,003,000","1,539,000","673,000","4,290,000",,,,,,,,,,,,,,,,,,,,,,,,,"836,000",,"19,900,000",,,,,,,,,,,,,,,,,,,,,,,,,,,,,,,,,,,,,,,
			NetIncomeExtraordinary,,,,,,,,,,,,,,,,,,,,,,,,,,,,,,,,,,,,,,,,,,,,,,,,,,,,,,,,,,,,,,,,,,,,,,,,,,,,,,,,,,,"0","0","0","0","0","0","0","12,250,000",,,,,,,,,,,,,,,,,,,,,,,,,,,,,,,,,,,,,,,,,,,,,,,,,,,,,,,,,,
			NetIncomeFromTaxLossCarryforward,,,,,,,,,,,,,,,,,,,,,,,,,,,,,,,,,,,,,,,,,,,,,,,,,,,,,,,,,,,,,,,,,,,,,,,,,,,,,,,,,,,,,,,,,,,,,,,,,,,,,,,,,,,,,,,,,,,,,,,,"-15,900,000",,,,,,,,,,,,,,,,,,,,,,,,,,,,
DilutedNIAvailtoComStockholders,"1,179,400,000","339,200,000","394,500,000","283,200,000","162,500,000","87,200,000","85,600,000","70,900,000","32,800,000","3,800,000","15,600,000","36,200,000","18,400,000","12,500,000","20,600,000","41,600,000","32,600,000","14,200,000","166,900,000","34,100,000","24,000,000","7,000,000","19,400,000","25,000,000","18,000,000","18,100,000","26,600,000","41,500,000","9,900,000","25,000,000","27,800,000","21,500,000","18,100,000","3,400,000","7,300,000","17,200,000","20,100,000","9,100,000","15,600,000","19,100,000","7,800,000","3,800,000","1,400,000","8,700,000","18,700,000","5,200,000","20,100,000","25,700,000","28,900,000","17,300,000","19,900,000","8,500,000","12,600,000","3,000,000","23,500,000","36,800,000","29,600,000","42,100,000","36,200,000","49,100,000","32,000,000","24,700,000","26,500,000","27,900,000","30,200,000","37,400,000","23,400,000","35,500,000","29,400,000","37,700,000","19,000,000","24,800,000","30,100,000","27,100,000","18,500,000","21,700,000","23,200,000","17,600,000","17,327,000","17,825,000","13,197,000","9,807,000","46,368,000","17,312,000","24,514,000","22,434,000","14,546,000","21,354,000","28,243,000","26,431,000","4,979,000","18,500,000","23,200,000","15,800,000","-21,358,000","13,800,000","19,000,000","13,800,000","19,987,000","21,900,000","18,300,000","21,200,000","17,185,000","23,100,000","17,800,000","7,200,000","13,455,000","10,300,000","23,400,000","8,600,000","22,908,000","13,800,000","20,900,000","16,900,000","23,700,000","7,900,000","17,400,000","18,000,000","-25,100,000","5,400,000","22,200,000","16,500,000","28,200,000","25,800,000","24,800,000","13,600,000","23,400,000","22,200,000","22,400,000","47,100,000","16,800,000","29,000,000","21,500,000","135,300,000","26,800,000","25,200,000","52,200,000","31,000,000","22,800,000","24,000,000","41,000,000","32,600,000","21,700,000","25,200,000","27,200,000","18,400,000","19,400,000","21,400,000"
BasicEPS,,"8.29","9.51","6.6","3.74","2.01","1.99","1.65","0.76","0.09","0.36","0.84","0.43","0.29","0.48","0.97","0.76","0.33","3.93","0.79","0.56","0.16","0.45","0.58","0.42","0.42","0.61","0.95","0.23","0.58","0.65","0.5","0.42","0.08","0.17","0.4","0.47","0.21","0.37","0.45","0.18","0.09",,"0.21","0.45","0.12",,"0.62","0.7","0.42",,"0.21","0.31","0.07",,"0.89","0.72","1.02",,"1.15","0.75","0.58",,"0.66","0.69","0.85",,"0.81","0.67","0.87",,"0.58","0.71","0.64",,"0.52","0.56","0.43",,"0.43","0.32","0.24",,"0.42","0.61","0.55",,"0.53","0.69","0.63",,"0.43","0.54","0.36",,"0.31","0.42","0.31",,"0.48","0.4","0.47",,"0.51","0.39","0.16",,"0.23","0.51","0.19",,"0.3","0.45","0.37",,"0.17","0.37","0.39",,"0.12","0.47","0.36",,"0.56","0.54","0.29",,"0.48","0.49","1.02",,"0.64","0.5","2.87",,"0.51","1.04","0.62",,"0.49","0.77","0.58",,"0.45","0.49","0.33",,"0.39"
DilutedEPS,,"8.23","9.39","6.53","3.71","1.99","1.96","1.63","0.76","0.09","0.36","0.84","0.43","0.29","0.48","0.97","0.76","0.33","3.9","0.79","0.55","0.16","0.44","0.58","0.42","0.41","0.6","0.94","0.23","0.57","0.63","0.5","0.42","0.08","0.17","0.4","0.47","0.21","0.36","0.45","0.18","0.09",,"0.21","0.44","0.12",,"0.62","0.7","0.42",,"0.21","0.31","0.07",,"0.89","0.71","1.01",,"1.14","0.74","0.58",,"0.65","0.68","0.84",,"0.81","0.66","0.86",,"0.58","0.7","0.63",,"0.52","0.56","0.42",,"0.43","0.32","0.24",,"0.42","0.6","0.55",,"0.52","0.69","0.63",,"0.43","0.54","0.36",,"0.31","0.42","0.31",,"0.48","0.4","0.47",,"0.51","0.39","0.16",,"0.23","0.51","0.19",,"0.3","0.45","0.37",,"0.17","0.37","0.39",,"0.12","0.47","0.36",,"0.56","0.54","0.29",,"0.48","0.49","1.02",,"0.64","0.5","2.87",,"0.51","1.04","0.62",,"0.49","0.77","0.58",,"0.45","0.49","0.33",,"0.39"
BasicAverageShares,,"40,900,000","41,500,000","42,900,000","43,500,000","43,400,000","43,100,000","43,100,000","43,100,000","43,000,000","42,900,000","42,900,000","42,800,000","42,800,000","42,700,000","42,700,000","42,700,000","42,600,000","42,500,000","42,900,000","43,100,000","43,000,000","42,800,000","42,800,000","43,100,000","43,400,000","43,600,000","43,500,000","43,500,000","43,400,000","43,100,000","43,000,000","43,000,000","42,900,000","42,800,000","42,800,000","42,700,000","42,600,000","42,600,000","42,500,000","42,300,000","41,900,000",,"41,700,000","41,700,000","41,500,000",,"41,300,000","41,200,000","41,100,000",,"41,000,000","41,000,000","41,000,000",,"41,300,000","41,200,000","41,400,000",,"42,600,000","42,700,000","42,500,000",,"42,500,000","44,000,000","43,900,000",,"43,700,000","43,600,000","43,400,000",,"42,500,000","42,500,000","42,300,000",,"41,600,000","41,400,000","41,400,000",,"41,156,000","41,033,000","40,623,000",,"40,567,000","40,568,000","40,508,000",,"40,439,000","40,722,000","42,131,000",,"43,223,000","43,318,000","43,559,000",,"44,842,000","44,869,000","44,842,000",,"45,135,000","45,238,000","45,311,000",,"45,293,000","45,295,000","45,305,000",,"45,529,000","45,513,000","45,643,000",,"45,997,000","46,091,000","45,675,676",,"46,470,588","47,027,027","46,153,846",,"45,000,000","47,234,043","45,833,333",,"46,071,429","45,925,926","46,896,552",,"46,250,000","45,714,286","46,176,471",,"45,312,500","43,000,000","47,142,857",,"49,411,765","50,192,308","50,000,000",,"48,979,592","53,246,753","56,206,897",,"56,000,000","55,510,204","55,757,576",,"54,871,795"
DilutedAverageShares,,"41,200,000","42,000,000","43,400,000","43,800,000","43,800,000","43,700,000","43,500,000","43,300,000","43,300,000","43,400,000","43,300,000","43,200,000","43,100,000","43,200,000","43,100,000","43,000,000","42,900,000","42,800,000","43,200,000","43,300,000","43,400,000","43,300,000","43,200,000","43,400,000","43,800,000","44,100,000","44,000,000","44,000,000","43,900,000","43,700,000","43,400,000","43,200,000","43,300,000","43,300,000","43,300,000","43,000,000","43,000,000","42,900,000","42,800,000","42,800,000","42,300,000",,"42,100,000","42,200,000","41,800,000",,"41,500,000","41,400,000","41,300,000",,"41,200,000","41,000,000","41,000,000",,"41,500,000","41,600,000","41,700,000",,"43,000,000","43,100,000","42,900,000",,"42,800,000","44,300,000","44,300,000",,"44,200,000","44,200,000","44,000,000",,"42,500,000","43,000,000","43,015,873",,"41,600,000","41,400,000","41,904,762",,"41,156,000","41,033,000","40,623,000",,"40,567,000","40,856,667","40,508,000",,"41,065,385","40,722,000","42,131,000",,"43,223,000","43,318,000","43,559,000",,"44,842,000","44,869,000","44,842,000",,"45,135,000","45,238,000","45,311,000",,"45,293,000","45,295,000","45,305,000",,"45,529,000","45,513,000","45,643,000",,"45,997,000","46,091,000","45,675,676",,"46,470,588","47,027,027","46,153,846",,"45,000,000","47,234,043","45,833,333",,"46,071,429","45,925,926","46,896,552",,"46,250,000","45,714,286","46,176,471",,"45,312,500","43,000,000","47,142,857",,"49,411,765","50,192,308","50,000,000",,"48,979,592","53,246,753","56,206,897",,"56,000,000","55,510,204","55,757,576",,"54,871,795"
TotalOperatingIncomeAsReported,"1,499,900,000","432,600,000","475,500,000","377,900,000","213,900,000","120,200,000","117,700,000","98,400,000","51,200,000","13,000,000","25,400,000","55,200,000","31,000,000","17,500,000","30,500,000","58,600,000","46,000,000","28,700,000","25,300,000","61,800,000","45,900,000","16,400,000","36,300,000","46,200,000","36,100,000","34,600,000","45,900,000","71,800,000","33,700,000","44,900,000","49,400,000","45,000,000","35,700,000","9,900,000","17,900,000","27,200,000","36,500,000","18,700,000","23,900,000","34,200,000","32,500,000","12,200,000","19,600,000","36,400,000","25,500,000","2,700,000","14,300,000","41,600,000","42,400,000","12,300,000","6,800,000","17,000,000","17,100,000","1,700,000","23,600,000","34,500,000","44,500,000","58,100,000","37,100,000","44,400,000","46,300,000","39,500,000","36,900,000","45,800,000","34,200,000","32,200,000","27,300,000","55,000,000","47,900,000","55,000,000","25,500,000","42,800,000","50,700,000","46,200,000","32,800,000","36,600,000","32,200,000","19,400,000","19,502,000","28,315,000","22,134,000","11,854,000","88,885,000","31,807,000","44,606,000","40,565,000","29,180,000","40,299,000","50,435,000","27,053,000",,,,,,,,,,,,,,,,,,,,,,,,,,,,,,,,,,,,,,,,,,,,,,,,,,,,,,,,,,
TotalExpenses,"2,960,200,000","766,900,000","812,800,000","706,700,000","673,800,000","600,800,000","593,300,000","554,500,000","476,600,000","504,900,000","518,300,000","525,300,000","527,800,000","523,400,000","542,400,000","540,000,000","520,200,000","493,200,000","499,700,000","489,600,000","473,500,000","462,900,000","489,600,000","457,800,000","434,600,000","422,200,000","452,300,000","477,000,000","419,100,000","356,700,000","395,300,000","399,900,000","402,800,000","382,800,000","394,000,000","385,400,000","379,300,000","376,200,000","365,900,000","367,900,000","361,700,000","392,800,000","440,300,000","403,800,000","462,700,000","402,900,000","446,100,000","402,700,000","356,500,000","332,700,000","348,400,000","358,900,000","338,000,000","318,200,000","373,200,000","424,100,000","419,400,000","531,700,000","399,000,000","390,300,000","380,900,000","345,500,000","369,100,000","377,100,000","384,000,000","330,000,000","368,300,000","401,900,000","342,000,000","310,800,000","363,500,000","341,400,000","326,400,000","298,700,000","287,400,000","280,100,000","282,500,000","254,000,000","265,627,000","265,426,000","257,051,000","222,099,000","267,088,000","232,286,000","249,557,000","235,279,000","271,729,000","233,179,000","225,933,000","192,838,000","-308,942,000","405,600,000","421,300,000","312,300,000","-509,674,000","569,700,000","631,200,000","500,500,000","-441,103,000","543,100,000","535,100,000","482,200,000","-421,230,000","548,100,000","516,500,000","450,300,000","-392,364,000","415,200,000","471,000,000","452,700,000","-340,397,000","516,900,000","473,700,000","221,400,000","254,800,000","251,400,000","178,900,000","152,600,000","172,900,000","161,100,000","146,200,000","141,400,000","161,300,000","149,500,000","143,400,000","136,900,000","155,700,000","149,400,000","129,100,000","125,300,000","141,100,000","139,900,000","114,000,000",,,,,,,,,,,,,,,
NetIncomeFromContinuingAndDiscontinuedOperation,"1,179,400,000","339,200,000","394,500,000","283,200,000","162,500,000","87,200,000","85,600,000","70,900,000","32,800,000","3,800,000","15,600,000","36,200,000","18,400,000","12,500,000","20,600,000","41,600,000","32,600,000","14,200,000","166,900,000","34,100,000","24,000,000","7,000,000","19,400,000","25,000,000","18,000,000","18,100,000","26,600,000","41,500,000","9,900,000","25,000,000","27,800,000","21,500,000","18,100,000","3,400,000","7,300,000","17,200,000","20,100,000","9,100,000","15,600,000","19,100,000","7,800,000","3,800,000","1,400,000","8,700,000","18,700,000","5,200,000","20,100,000","25,700,000","28,900,000","17,300,000","19,900,000","8,500,000","12,600,000","3,000,000","23,500,000","36,800,000","29,600,000","42,100,000","36,200,000","49,100,000","32,000,000","24,700,000","26,500,000","27,900,000","30,200,000","37,400,000","23,400,000","35,500,000","29,400,000","37,700,000","19,000,000","24,800,000","30,100,000","27,100,000","18,500,000","21,700,000","23,200,000","17,600,000","17,327,000","17,825,000","13,197,000","9,807,000","46,368,000","17,312,000","24,514,000","22,434,000","2,070,000","21,354,000","28,243,000","14,181,000","4,979,000","18,500,000","23,200,000","15,800,000","-15,557,000","13,800,000","19,000,000","13,800,000","19,987,000","21,900,000","18,300,000","21,200,000","17,185,000","23,100,000","17,800,000","7,200,000","13,455,000","10,300,000","23,400,000","8,600,000","22,908,000","13,800,000","20,900,000","16,900,000","23,700,000","7,900,000","17,400,000","18,000,000","600,000","21,300,000","22,200,000","16,500,000","28,200,000","25,800,000","24,800,000","13,600,000","23,400,000","22,200,000","22,400,000","47,100,000","16,800,000","29,000,000","21,500,000","135,300,000","26,800,000","25,200,000","52,200,000","31,000,000","22,800,000","24,000,000","41,000,000","32,600,000","21,700,000","25,200,000","27,200,000","18,400,000","19,400,000","21,400,000"
NormalizedIncome,"1,179,400,000","339,200,000","394,500,000","283,200,000","162,500,000","87,200,000","85,600,000","70,900,000","32,800,000","3,800,000","15,600,000","36,200,000","18,400,000","12,500,000","20,600,000","41,600,000","32,600,000","14,200,000","166,900,000","34,100,000","24,000,000","7,000,000","19,400,000","25,000,000","18,000,000","18,100,000","26,600,000","41,500,000","9,900,000","25,000,000","27,800,000","21,500,000","18,100,000","3,400,000","7,300,000","17,200,000","20,100,000","9,100,000","15,700,000","19,000,000","15,300,000","2,800,000","11,337,209.302","18,300,000","11,679,262.673","-1,105,000","2,910,000","24,800,000","22,462,021.858","3,645,000","275,000","5,905,000","6,200,000","-2,000,000","11,618,543.046","20,219,787.986","25,300,000","27,291,215.227","20,540,000","24,396,412.556","26,801,796.407","22,023,152.709","20,390,257.88","26,762,768.496","21,582,298.137","19,301,108.647","18,400,000","29,198,230.088","29,968,656.716","32,978,927.911","16,496,551.724","24,600,000","29,200,000","26,800,000","22,727,335.64","21,700,000","18,800,000","10,700,000","13,324,000","16,286,000","12,524,000","5,517,000","55,553,000","17,312,000","24,514,000","22,434,000","2,070,000","21,354,000","28,243,000","23,211,000","4,979,000","18,500,000","23,200,000","15,800,000","-15,557,000","13,800,000","19,000,000","13,800,000","19,987,000","21,900,000","18,300,000","21,200,000","17,185,000","23,100,000","17,800,000","7,200,000","12,619,000","10,300,000","8,750,000","8,600,000","34,007,434.724","10,154,716.981","17,997,222.222","13,029,770.992","20,816,617.211","5,500,000","14,446,494.465","14,739,130.435","7,500,000","17,085,159.011","17,437,854.89","12,617,647.059","16,145,595.855","21,109,090.909","20,756,521.739","9,089,108.911","14,386,666.667","17,747,277.937","16,683,679.525","40,979,661.017","9,979,487.179","21,150,375.94","16,041,795.666","135,300,000","26,800,000","25,200,000","52,200,000","31,000,000","22,800,000","24,000,000","41,000,000","32,600,000","21,700,000","25,200,000","27,200,000","18,400,000","19,400,000","21,400,000"
InterestIncome,,,,,,,,,,,,,,,,,,,,,,,,,,,,,,,,,,,,,,,,,,"100,000","-200,000","0","200,000","0","-100,000","100,000","200,000","1,800,000","-300,000","100,000","100,000","100,000","100,000","200,000","300,000",,,,,,,,,,,,,,,,,,,,,,,,,,,,,,,,,,,,,,,,,,,,,,,,,,,,,,,,,,,,,,,,,,,,,,,,,,,,,,,,,,,,,,,,,,,
InterestExpense,"20,100,000","4,800,000","4,700,000","5,100,000","5,500,000","7,300,000","4,900,000","5,700,000","8,200,000","8,600,000","5,600,000","6,200,000","6,100,000","4,600,000","4,300,000","4,400,000","5,000,000","5,000,000","5,400,000","6,200,000","6,300,000","6,300,000","6,700,000","6,000,000","6,500,000","4,900,000","4,900,000","4,700,000","4,600,000","4,300,000","4,300,000","4,400,000","4,500,000","4,100,000","3,500,000","3,600,000","3,600,000","3,700,000","3,800,000","4,000,000","1,900,000","6,100,000","6,400,000","6,300,000","6,100,000","6,200,000","6,700,000","6,300,000","6,500,000","6,500,000","5,800,000","6,700,000","6,900,000","5,600,000","6,500,000","5,800,000","5,600,000",,,,,,,,,,,,,,,,,,,,,,,,,,,,,,,,,,,,,,,,,,,,,,,,,,,,,,,,,,,,,,,,,,,,,,,,,,,,,,,,,,,,,,,,,,,
NetInterestIncome,"-20,100,000","-4,800,000","-4,700,000","-5,100,000","-5,500,000","-7,300,000","-4,900,000","-5,700,000","-8,200,000","-8,600,000","-5,600,000","-6,200,000","-6,100,000","-4,600,000","-4,300,000","-4,400,000","-5,000,000","-5,000,000","-5,400,000","-6,200,000","-6,300,000","-6,300,000","-6,700,000","-6,000,000","-6,500,000","-4,900,000","-4,900,000","-4,700,000","-4,600,000","-4,300,000","-4,300,000","-4,400,000","-4,500,000","-4,100,000","-3,500,000","-3,600,000","-3,600,000","-3,700,000","-3,800,000","-4,000,000","-1,900,000","-6,000,000","-6,600,000","-6,300,000","-5,900,000","-6,200,000","-6,800,000","-6,200,000","-6,300,000","-4,700,000","-6,100,000","-6,600,000","-6,800,000","-5,500,000","-6,400,000","-5,600,000","-5,300,000",,,,,,,,,,,,,,,,,,,,,,,,,,,,,,,,,,,,,,,,,,,,,,,,,,,,,,,,,,,,,,,,,,,,,,,,,,,,,,,,,,,,,,,,,,,
EBIT,"1,506,900,000","434,600,000","477,200,000","379,700,000","215,400,000","121,600,000","119,300,000","100,800,000","52,700,000","13,600,000","25,700,000","54,700,000","31,800,000","18,100,000","31,200,000","59,300,000","46,400,000","29,500,000","25,300,000","61,800,000","45,900,000","16,400,000","36,300,000","46,200,000","36,100,000","34,600,000","45,900,000","71,800,000","33,700,000","44,900,000","49,400,000","45,000,000","35,700,000","9,900,000","17,900,000","27,200,000","36,500,000","18,700,000","23,900,000","34,200,000","32,500,000","10,700,000","10,700,000","35,300,000","27,800,000","8,400,000","21,300,000","46,100,000","43,100,000","14,100,000","9,000,000","17,400,000","17,400,000","1,800,000","21,600,000","34,100,000","46,500,000","50,400,000","37,100,000","44,400,000","46,300,000","39,500,000","36,900,000","45,800,000","34,200,000","32,200,000","30,200,000","49,900,000","50,100,000","55,000,000","25,500,000","42,800,000","50,700,000","46,200,000","40,800,000","36,600,000","32,200,000","19,400,000","19,502,000","28,315,000","22,134,000","11,854,000","88,885,000","31,807,000","44,606,000","40,565,000","29,180,000","40,299,000","50,435,000","27,053,000","577,714,000","-164,900,000","-162,600,000","-121,300,000","853,294,000","-247,500,000","-269,700,000","-216,200,000","810,648,000","-221,200,000","-222,300,000","-211,000,000","768,398,000","-219,800,000","-213,200,000","-196,600,000","670,719,000","-177,200,000","-206,400,000","-196,100,000","718,062,000","-221,400,000","-187,100,000","27,000,000","38,700,000","27,300,000","29,100,000","28,800,000","27,500,000","28,800,000","30,000,000","23,000,000","30,600,000","38,600,000","40,300,000","20,200,000","25,500,000","35,800,000","33,000,000","69,000,000","21,100,000","35,100,000","30,200,000","138,600,000","-333,300,000","157,400,000","199,800,000","145,500,000","-309,200,000","155,900,000","167,200,000","146,300,000","-269,200,000","127,200,000","126,000,000","110,800,000","-276,300,000","124,200,000"
EBITDA,"1,759,500,000"
ReconciledCostOfRevenue,"2,716,600,000","703,700,000","748,000,000","649,300,000","615,600,000","544,700,000","533,900,000","495,800,000","426,300,000","448,300,000","465,500,000","472,600,000","472,800,000","467,100,000","484,300,000","485,500,000","465,900,000","439,300,000","446,000,000","436,100,000","422,900,000","412,200,000","441,400,000","411,400,000","389,900,000","376,400,000","402,600,000","424,800,000","364,500,000","318,200,000","355,000,000","363,800,000","366,900,000","347,800,000","361,000,000","353,600,000","344,900,000","342,800,000","342,100,000","337,000,000","329,000,000","350,500,000","399,200,000","366,500,000","424,800,000","365,200,000","404,100,000","362,300,000","319,600,000","294,000,000","311,200,000","323,300,000","303,000,000","272,000,000","328,000,000","386,000,000","379,300,000","484,400,000","351,100,000","351,300,000","340,400,000","307,900,000","329,600,000","342,700,000","347,700,000","294,200,000","331,400,000","362,400,000","308,600,000","278,700,000","328,800,000","310,100,000","295,500,000","267,600,000","249,900,000","253,500,000","252,400,000","224,200,000","238,304,000","239,355,000","229,433,000","196,290,000","212,411,000","208,714,000","225,053,000","210,335,000","251,412,000","210,520,000","200,901,000","170,576,000","202,349,000","192,400,000","198,800,000","144,600,000","273,136,000","271,600,000","302,000,000","237,200,000","271,218,000","258,400,000","254,300,000","227,800,000","264,721,000","259,900,000","244,900,000","211,500,000","197,211,000","194,700,000","221,900,000","210,600,000","282,366,000","243,400,000","222,100,000","218,100,000","247,100,000","251,200,000","178,700,000","154,100,000","62,800,000","138,700,000","127,200,000","122,000,000","61,900,000","128,100,000","121,200,000","118,400,000","70,900,000","130,100,000","110,300,000","107,100,000","67,700,000","122,600,000","98,200,000",,,,,,,,,,,,,,,
ReconciledDepreciation,"252,600,000","71,800,000","64,400,000","57,700,000","58,700,000","58,400,000","52,100,000","46,400,000","46,800,000","44,400,000","87,700,000","25,900,000","24,200,000","23,300,000","23,600,000","23,200,000","24,000,000","23,600,000","26,900,000","24,600,000","25,100,000","24,600,000","25,300,000","24,200,000","23,800,000","23,800,000","24,300,000","23,500,000","18,800,000","16,800,000","17,200,000","17,300,000","17,700,000","17,500,000","17,600,000","17,100,000","17,500,000","17,500,000",,,,,,,,,,,,,,,,,,,,"25,000,000",,,,,,,,,,,,,,,,,,,,,,,,,,,,,,,,,,,,,,,,,,,,,,,,,,,,,,,,"-26,200,000","-24,300,000","-27,100,000","-23,500,000","-22,900,000",,,,,,,,,,,,,,,,,,,,,,,,,,,,,,
NetIncomeFromContinuingOperationNetMinorityInterest,"1,179,400,000","339,200,000","394,500,000","283,200,000","162,500,000","87,200,000","85,600,000","70,900,000","32,800,000","3,800,000","15,600,000","36,200,000","18,400,000","12,500,000","20,600,000","41,600,000","32,600,000","14,200,000","166,900,000","34,100,000","24,000,000","7,000,000","19,400,000","25,000,000","18,000,000","18,100,000","26,600,000","41,500,000","9,900,000","25,000,000","27,800,000","21,500,000","18,100,000","3,400,000","7,300,000","17,200,000","20,100,000","9,100,000","15,700,000","19,000,000","15,300,000","2,800,000","3,900,000","18,300,000","13,200,000","1,300,000","8,500,000","24,800,000","22,900,000","4,100,000","1,900,000","6,100,000","6,200,000","-2,000,000","10,200,000","19,800,000","25,300,000","41,700,000","26,000,000","26,800,000","31,300,000","24,700,000","22,100,000","26,200,000","20,500,000","27,900,000","18,400,000","35,100,000","29,100,000","33,600,000","18,400,000","24,600,000","29,200,000","26,800,000","17,800,000","21,700,000","18,800,000","10,700,000","13,324,000","16,286,000","12,524,000","5,517,000","55,553,000","17,312,000","24,514,000","22,434,000","2,070,000","21,354,000","28,243,000","14,181,000","4,979,000","18,500,000","23,200,000","15,800,000","-15,557,000","13,800,000","19,000,000","13,800,000","19,987,000","21,900,000","18,300,000","21,200,000","17,185,000","23,100,000","17,800,000","7,200,000","12,619,000","10,300,000","3,500,000","8,600,000","22,908,000","13,800,000","20,900,000","16,900,000","23,700,000","7,900,000","17,400,000","18,000,000","600,000","21,300,000","22,200,000","16,500,000","28,200,000","25,800,000","24,800,000","13,600,000","23,400,000","22,200,000","22,400,000","47,100,000","16,800,000","29,000,000","21,500,000","135,300,000","26,800,000","25,200,000","52,200,000","31,000,000","22,800,000","24,000,000","41,000,000","32,600,000","21,700,000","25,200,000","27,200,000","18,400,000","19,400,000","21,400,000"
TotalUnusualItemsExcludingGoodwill,,,,,,,,,,,,,,,,,,,,,,,,,,,,,,,,,,,"0","0","0","0","0",,,,"-8,200,000",,"2,500,000","3,700,000","8,600,000",,"700,000","700,000","2,500,000","300,000",,,"-2,100,000","-600,000",,"23,600,000","8,400,000","4,000,000","7,200,000","4,400,000","2,700,000","-900,000","-1,700,000","13,900,000",,"9,500,000","-1,400,000","1,000,000","3,000,000","0","0","0","-8,000,000","0","0","0","0","0","0","0","0","0","0","0","0","0","0","-15,050,000",,,,,,,,,,,,,,,,,"0",,"-8,100,000",,"-16,200,000","5,600,000","4,500,000","6,000,000","4,100,000","4,000,000","4,600,000","5,000,000","-11,500,000","5,600,000","6,800,000","5,600,000","16,500,000","6,800,000","6,000,000","6,700,000","10,400,000","7,000,000","8,600,000","9,200,000","9,500,000","10,800,000","8,200,000",,,,,,,,,,,,,,,
TotalUnusualItems,,,,,,,,,,,,,,,,,,,,,,,,,,,,,,,,,,,"0","0","0","0","0",,,,"-8,200,000",,"2,500,000","3,700,000","8,600,000",,"700,000","700,000","2,500,000","300,000",,,"-2,100,000","-600,000",,"23,600,000","8,400,000","4,000,000","7,200,000","4,400,000","2,700,000","-900,000","-1,700,000","13,900,000",,"9,500,000","-1,400,000","1,000,000","3,000,000","0","0","0","-8,000,000","0","0","0","0","0","0","0","0","0","0","0","0","0","0","-15,050,000",,,,,,,,,,,,,,,,,"0",,"-8,100,000",,"-16,200,000","5,600,000","4,500,000","6,000,000","4,100,000","4,000,000","4,600,000","5,000,000","-11,500,000","5,600,000","6,800,000","5,600,000","16,500,000","6,800,000","6,000,000","6,700,000","10,400,000","7,000,000","8,600,000","9,200,000","9,500,000","10,800,000","8,200,000",,,,,,,,,,,,,,,
NormalizedEBITDA,"1,759,500,000","506,400,000","541,600,000","437,400,000","274,100,000","180,000,000","171,400,000","147,200,000","99,500,000","58,000,000","113,400,000","80,600,000","56,000,000","41,400,000","54,800,000","82,500,000","70,400,000","53,100,000","52,200,000","86,400,000","71,000,000","41,000,000","61,600,000","70,400,000","59,900,000","58,400,000","70,200,000","95,300,000","52,500,000","61,700,000","66,600,000","62,300,000","53,400,000","27,400,000","35,500,000","44,300,000","54,000,000","36,200,000","23,900,000","34,200,000","32,500,000","10,700,000","18,900,000","35,300,000","25,300,000","4,700,000","12,700,000","46,100,000","42,400,000","13,400,000","6,500,000","17,100,000","17,400,000","1,800,000","23,700,000","34,700,000","46,500,000","51,800,000","28,700,000","40,400,000","39,100,000","35,100,000","34,200,000","46,700,000","35,900,000","18,300,000","30,200,000","40,400,000","51,500,000","54,000,000","22,500,000","42,800,000","50,700,000","46,200,000","48,800,000","36,600,000","32,200,000","19,400,000","19,502,000","28,315,000","22,134,000","11,854,000","88,885,000","31,807,000","44,606,000","40,565,000","29,180,000","40,299,000","50,435,000","42,103,000","577,714,000","-164,900,000","-162,600,000","-121,300,000","853,294,000","-247,500,000","-269,700,000","-216,200,000","810,648,000","-221,200,000","-222,300,000","-211,000,000","768,398,000","-219,800,000","-213,200,000","-196,600,000","670,719,000","-177,200,000","-198,300,000","-196,100,000","734,262,000","-227,000,000","-191,600,000","47,200,000","58,900,000","50,500,000","48,000,000","46,700,000","39,000,000","23,200,000","23,200,000","17,400,000","14,100,000","31,800,000","34,300,000","13,500,000","15,100,000","28,800,000","24,400,000","59,800,000","11,600,000","24,300,000","22,000,000","138,600,000","-333,300,000","157,400,000","199,800,000","145,500,000","-309,200,000","155,900,000","167,200,000","146,300,000","-269,200,000","127,200,000","126,000,000","110,800,000","-276,300,000","124,200,000"
TaxRateForCalcs,"0.207","0.026","0.165","0.244","0.226","0.237","0.252","0.254","0.263","0.24","0.224","0.254","0.284","0.074","0.234","0.242","0.213","0.27","0.4","0.387","0.394","0.307","0.345","0.378","0.392","0.391","0.351","0.382","0.4","0.384","0.384","0.35","0.35","0.35","0.35","0.271","0.389","0.393","0.219","0.371","0.35","0.391","0.093","0.369","0.392","0.35","0.35","0.377","0.374","0.35","0.35","0.35","0.35","0.35","0.325","0.3","0.381","0.389","0.35","0.399","0.375","0.392","0.367","0.375","0.363","0.381","0.336","0.379","0.38","0.379","0.366","0.38","0.385","0.375","0.384","0.352","0.369","0.363","0.206","0.358","0.343","0.38","0.348","0.37","0.383","0.355","0.365","0.365","0.365","0.4","0.176","0.325","0.371","0.371","0.186","0.376","0.375","0.376","0.32","0.367","0.375","0.375","0.378","0.377","0.364","0.363","0.4","0.364","0.352","0.358","0.315","0.349","0.355","0.355","0.297","0.4","0.358","0.348","0.4","0.247","0.3","0.307","0.269","0.31","0.326","0.327","0.133","0.364","0.335","0.335","0.282","0.273","0.334","0.4","0.4","0.4","0.4","0.4","0.4","0.4","0.4","0.4","0.4","0.4","0.4","0.4","0.4","0.4"
TaxEffectOfUnusualItems,"0","0","0","0","0","0","0","0","0","0","0","0","0","0","0","0","0","0","0","0","0","0","0","0","0","0","0","0","0","0","0","0","0","0","0","0","0","0","0","0","0","0","-762,790.698","0","979,262.673","1,295,000","3,010,000","0","262,021.858","245,000","875,000","105,000","0","0","-681,456.954","-180,212.014","0","9,191,215.227","2,940,000","1,596,412.556","2,701,796.407","1,723,152.709","990,257.88","-337,231.504","-617,701.863","5,301,108.647","0","3,598,230.088","-531,343.284","378,927.911","1,096,551.724","0","0","0","-3,072,664.36","0","0","0","0","0","0","0","0","0","0","0","0","0","0","-6,020,000","0","0","0","0","0","0","0","0","0","0","0","0","0","0","0","0","0","0","-2,850,000","0","-5,100,565.276","1,954,716.981","1,597,222.222","2,129,770.992","1,216,617.211","1,600,000","1,646,494.465","1,739,130.435","-4,600,000","1,385,159.011","2,037,854.89","1,717,647.059","4,445,595.855","2,109,090.909","1,956,521.739","2,189,108.911","1,386,666.667","2,547,277.937","2,883,679.525","3,079,661.017","2,679,487.179","2,950,375.94","2,741,795.666","0","0","0","0","0","0","0","0","0","0","0","0","0","0","0"