name,ttm,03/31/2022,12/31/2021,09/30/2021,06/30/2021,03/31/2021,12/31/2020,09/30/2020,06/30/2020,03/31/2020,12/31/2019,09/30/2019,06/30/2019,03/31/2019,12/31/2018,09/30/2018,06/30/2018,03/31/2018,12/31/2017,09/30/2017,06/30/2017,03/31/2017,12/31/2016,09/30/2016,06/30/2016,03/31/2016,12/31/2015,11/30/2015,09/30/2015,08/31/2015,05/31/2015,02/28/2015,11/30/2014,08/31/2014,05/31/2014,02/28/2014,11/30/2013,08/31/2013,05/31/2013,02/28/2013,11/30/2012,08/31/2012,05/31/2012,02/29/2012,11/30/2011,08/31/2011,05/31/2011,02/28/2011,11/30/2010,08/31/2010,05/31/2010,02/28/2010,11/30/2009,08/31/2009,05/31/2009,02/28/2009,11/30/2008,08/31/2008,05/31/2008,02/29/2008,11/30/2007,08/31/2007,05/31/2007,02/28/2007,11/30/2006,08/31/2006,05/31/2006,02/28/2006,11/30/2005,08/31/2005,05/31/2005,02/28/2005,11/30/2004,08/31/2004,05/31/2004,02/29/2004,11/30/2003,08/31/2003,05/31/2003,02/28/2003,11/30/2002,08/31/2002,05/31/2002,02/28/2002,11/30/2001,08/31/2001,05/31/2001,02/28/2001,11/30/2000,08/31/2000,05/31/2000,02/29/2000,11/30/1999,08/31/1999,05/31/1999,02/28/1999,11/30/1998,08/31/1998,05/31/1998,02/28/1998,11/30/1997,08/31/1997,05/31/1997,02/28/1997,11/30/1996,08/31/1996,05/31/1996,02/29/1996,11/30/1995,08/31/1995,05/31/1995,02/28/1995,11/30/1994,08/31/1994,05/31/1994,02/28/1994,11/30/1993,08/31/1993,05/31/1993,02/28/1993,11/30/1992,08/31/1992,05/31/1992,02/29/1992,11/30/1991,08/31/1991,05/31/1991,02/28/1991,11/30/1990,08/31/1990,05/31/1990,02/28/1990,11/30/1989,08/31/1989,05/31/1989,02/28/1989,11/30/1988,08/31/1988,05/31/1988,02/29/1988,11/30/1987,08/31/1987,05/31/1987,02/28/1987,11/30/1986,08/31/1986,05/31/1986,02/28/1986,11/30/1985,08/31/1985
TotalRevenue,"539,699,000","132,242,000","169,048,000","145,862,000","92,547,000","50,787,000","36,704,000","33,591,000","7,933,000","159,460,000","206,862,000","211,462,000","232,500,000","170,039,000","175,032,000","170,599,000","193,298,000","168,191,000","158,167,000","153,818,000","152,775,000","157,954,000","138,747,000","144,695,000","134,978,000","125,444,000",,"115,676,000",,"149,190,000","120,084,000","120,153,000","116,061,000","131,769,000","108,474,000","109,845,000","100,588,000","129,032,000","100,590,000","93,674,000","100,633,000","117,939,000","107,845,000","92,077,000","90,069,000","123,907,000","92,316,000","83,997,000","86,735,000","113,956,000","89,106,000","96,444,000","83,366,000","110,153,000","84,171,000","91,011,000","87,943,000","120,371,000","89,463,000","86,040,000","83,431,000","112,141,000","92,201,000","71,418,000","70,605,000","93,407,000","63,079,000","69,586,000","68,377,000","88,202,000","60,761,000","62,472,000","62,135,000","88,672,000","99,333,000","94,431,000","94,648,000","120,795,000","96,565,000","91,986,000","88,787,000","119,577,000","99,497,000","88,612,000","84,633,000","117,091,000","128,539,000","77,841,000","76,639,000","96,113,000","74,336,000","70,092,000","72,400,000","98,300,000","80,500,000","75,500,000","79,100,000","99,100,000","120,800,000","66,400,000","65,400,000","83,100,000","90,600,000","59,200,000","59,700,000","72,400,000","73,700,000","48,600,000","54,300,000","67,800,000","73,100,000","56,300,000","61,400,000","72,500,000","60,900,000","51,800,000","55,500,000","64,700,000","56,400,000","46,300,000","47,300,000","54,100,000","65,100,000","43,100,000","44,700,000","51,400,000","47,700,000","39,800,000","41,300,000","49,400,000","45,700,000","36,600,000","39,600,000","46,900,000","40,400,000","35,300,000","37,900,000","44,900,000","48,100,000","34,100,000","37,100,000","42,000,000","42,100,000","31,900,000","34,100,000","38,500,000","38,800,000","28,900,000","32,200,000","36,100,000"
	OperatingRevenue,"444,404,000","105,822,000","141,833,000","121,850,000","74,899,000","35,560,000","25,562,000","21,553,000","2,701,000","131,928,000","176,112,000","181,159,000","197,784,000","140,845,000","147,556,000","141,698,000","164,359,000","140,893,000","142,665,000","134,991,000","135,216,000","140,711,000","121,266,000","127,719,000","120,084,000","111,392,000",,"101,427,000",,"132,997,000","105,865,000","106,776,000","103,090,000","117,103,000","95,418,000","97,151,000","87,943,000","113,898,000","88,239,000","81,737,000","100,633,000","117,939,000","107,845,000","92,077,000","90,069,000","123,907,000","92,316,000","83,997,000","86,735,000","113,956,000","89,106,000","96,444,000","83,366,000","110,153,000","84,171,000","91,011,000","87,943,000","120,371,000","89,463,000","86,040,000","83,431,000","112,141,000","92,201,000","71,418,000","70,605,000","83,110,000","63,079,000","69,586,000","68,377,000","88,202,000","60,761,000","62,472,000","62,135,000","88,672,000","99,333,000","94,431,000","94,648,000","105,712,000","129,838,000","82,160,000","79,961,000","104,956,000","87,169,000","79,155,000","74,578,000","117,091,000","84,590,000","77,841,000","76,639,000","96,113,000","74,336,000","70,092,000","72,400,000","98,300,000","80,500,000","75,500,000","79,100,000","99,100,000","120,800,000","66,400,000","65,400,000","83,100,000","90,600,000","59,200,000","59,700,000","72,400,000","73,700,000","48,600,000","54,300,000","67,800,000","73,100,000","56,300,000","61,400,000","72,500,000","60,900,000","51,800,000","55,500,000","64,700,000","56,400,000","46,300,000","47,300,000","54,100,000","65,100,000","43,100,000","44,700,000","51,400,000","47,700,000","39,800,000","41,300,000","49,400,000","45,700,000","36,600,000","39,600,000","46,900,000","40,400,000","35,300,000","37,900,000","44,900,000","48,100,000","34,100,000","37,100,000","42,000,000","42,100,000","31,900,000","34,100,000","38,500,000","38,800,000","28,900,000","32,200,000","36,100,000"
CostOfRevenue,"325,343,000","87,577,000","98,040,000","82,517,000","57,209,000","36,734,000","33,335,000","29,687,000","14,423,000","109,103,000","125,545,000","122,544,000","138,636,000","104,656,000","99,212,000","93,824,000","108,511,000","97,954,000","89,845,000","79,753,000","82,499,000","88,468,000","74,181,000","73,296,000","71,302,000","70,096,000",,"60,551,000",,"76,666,000","66,016,000","68,264,000","60,443,000","65,049,000","59,283,000","63,788,000","51,880,000","62,999,000","54,037,000","53,523,000","49,947,000","58,709,000","56,008,000","51,445,000","45,307,000","61,614,000","48,360,000","48,954,000","45,377,000","57,760,000","47,656,000","54,794,000","45,701,000","57,036,000","45,786,000","51,458,000","50,873,000","58,402,000","24,884,000","53,689,000","40,358,000","53,702,000","30,393,000","45,298,000","33,307,000","49,182,000","15,345,000","42,405,000","37,782,000","46,980,000","15,674,000","39,002,000","30,696,000","48,090,000","54,870,000","54,424,000","45,862,000","60,706,000","53,651,000","52,248,000","48,323,000","59,974,000","35,240,000","49,688,000","41,675,000","51,800,000","34,550,000","50,669,000","44,025,000","51,429,000","44,490,000","42,344,000","40,300,000","51,900,000","46,200,000","47,300,000","45,800,000","51,300,000","62,900,000","37,500,000","35,100,000","42,700,000","46,900,000","33,300,000","28,700,000","33,600,000","39,800,000","29,800,000","28,700,000","31,500,000","49,400,000","33,800,000","35,400,000","38,300,000","43,400,000","30,400,000","29,800,000","33,500,000","42,400,000","26,800,000","24,500,000","27,200,000","32,200,000","26,400,000","24,500,000","27,900,000","30,000,000","24,800,000","23,400,000","26,700,000","29,900,000","22,600,000","22,800,000",,,,,,,,,,,,,,,,,
GrossProfit,"214,356,000","44,665,000","71,008,000","63,345,000","35,338,000","14,053,000","3,369,000","3,904,000","-6,490,000","50,357,000","81,317,000","88,918,000","93,864,000","65,383,000","75,820,000","76,775,000","84,787,000","70,237,000","68,322,000","74,065,000","70,276,000","69,486,000","64,566,000","71,399,000","63,676,000","55,348,000",,"55,125,000",,"72,524,000","54,068,000","51,889,000","55,618,000","66,720,000","49,191,000","46,057,000","48,708,000","66,033,000","46,553,000","40,151,000","50,686,000","59,230,000","51,837,000","40,632,000","44,762,000","62,293,000","43,956,000","35,043,000","41,358,000","56,196,000","41,450,000","41,650,000","37,665,000","53,117,000","38,385,000","39,553,000","37,070,000","61,969,000","64,579,000","32,351,000","43,073,000","58,439,000","61,808,000","26,120,000","37,298,000","44,225,000","47,734,000","27,181,000","30,595,000","41,222,000","45,087,000","23,470,000","31,439,000","40,582,000","44,463,000","40,007,000","48,786,000","60,089,000","42,914,000","39,738,000","40,464,000","59,603,000","64,257,000","38,924,000","42,958,000","65,291,000","93,989,000","27,172,000","32,614,000","44,684,000","29,846,000","27,748,000","32,100,000","46,400,000","34,300,000","28,200,000","33,300,000","47,800,000","57,900,000","28,900,000","30,300,000","40,400,000","43,700,000","25,900,000","31,000,000","38,800,000","33,900,000","18,800,000","25,600,000","36,300,000","23,700,000","22,500,000","26,000,000","34,200,000","17,500,000","21,400,000","25,700,000","31,200,000","14,000,000","19,500,000","22,800,000","26,900,000","32,900,000","16,700,000","20,200,000","23,500,000","17,700,000","15,000,000","17,900,000","22,700,000","15,800,000","14,000,000","16,800,000",,,,,,,,,,,,,,,,,
OperatingExpense,"231,178,000","61,462,000","54,928,000","57,072,000","57,716,000","49,714,000","43,343,000","51,126,000","46,572,000","63,845,000","66,064,000","66,531,000","66,389,000","60,433,000","61,167,000","54,362,000","55,680,000","53,221,000","50,928,000","52,630,000","51,535,000","51,461,000","48,902,000","46,716,000","45,415,000","44,002,000",,"44,571,000",,"46,668,000","42,885,000","44,268,000","43,998,000","44,031,000","39,627,000","40,396,000","39,898,000","41,686,000","37,820,000","39,757,000","40,552,000","38,775,000","39,006,000","36,557,000","38,501,000","38,945,000","35,380,000","34,952,000","35,952,000","36,772,000","34,233,000","33,606,000","33,123,000","34,142,000","33,453,000","33,375,000","28,728,000","38,022,000","60,425,000","26,094,000","34,435,000","34,924,000","52,171,000","24,267,000","28,831,000","23,043,000","39,505,000","22,033,000","22,576,000","23,078,000","41,135,000","18,755,000","23,684,000","20,681,000","34,864,000","32,560,000","38,049,000","34,448,000","34,186,000","31,988,000","32,712,000","34,448,000","53,593,000","32,450,000","37,437,000","40,492,000","59,310,000","33,098,000","32,873,000","34,347,000","33,691,000","29,898,000","30,100,000","31,400,000","31,300,000","29,800,000","29,500,000","30,000,000","28,800,000","25,800,000","22,300,000","23,100,000","22,600,000","21,100,000","22,600,000","22,700,000","23,800,000","16,300,000","18,200,000","16,600,000","15,300,000","19,400,000","18,800,000","20,900,000","19,100,000","15,800,000","16,300,000","16,500,000","16,200,000","14,000,000","14,100,000","14,600,000","22,800,000","12,400,000","13,500,000","13,400,000","19,500,000","11,700,000","11,700,000","12,700,000","17,700,000","11,000,000","11,100,000",,,,,,,,,,,,,,,,,
	SellingGeneralAndAdministration,"112,619,000","29,812,000","28,774,000","27,907,000","26,126,000","22,206,000","20,109,000","20,220,000","18,581,000","30,076,000","32,591,000","31,512,000","31,929,000","28,172,000","28,837,000","25,806,000","27,168,000","25,347,000","25,243,000","26,285,000","27,175,000","25,792,000","25,638,000","23,293,000","22,944,000","21,711,000",,"22,768,000",,"23,248,000","21,473,000","21,871,000","21,825,000","21,934,000","19,379,000","19,922,000","19,770,000","21,253,000","17,969,000","19,485,000","20,521,000","19,280,000","19,640,000","17,649,000","18,541,000","18,793,000","16,485,000","16,466,000","17,162,000","17,562,000","16,437,000","15,699,000","15,546,000","16,692,000","16,514,000","15,536,000","16,666,000","25,903,000","44,500,000","14,671,000","22,231,000","23,959,000","42,382,000","15,271,000","19,798,000","14,121,000","30,352,000","12,962,000","13,320,000","14,032,000","32,475,000","10,903,000","15,496,000","12,022,000","19,177,000","16,943,000","23,357,000","19,070,000","19,093,000","17,647,000","17,359,000","18,664,000","38,187,000","16,770,000","22,244,000","25,545,000","41,977,000","18,334,000","18,643,000","19,265,000","19,288,000","16,211,000","16,500,000","17,600,000","18,500,000","16,500,000","16,100,000","17,300,000","13,900,000","15,500,000","12,300,000","13,200,000","10,000,000","12,600,000","13,600,000","13,800,000","12,800,000","8,600,000","10,400,000","10,700,000","5,000,000","11,600,000","11,200,000","13,400,000","9,500,000","9,200,000","9,600,000","10,000,000","7,400,000","8,000,000","8,300,000","8,600,000","14,700,000","6,900,000","7,600,000","7,800,000","12,400,000","6,400,000","6,700,000","7,600,000","11,100,000","6,200,000","6,600,000",,,,,,,,,,,,,,,,,
		GeneralAndAdministrativeExpense,"94,618,000","25,331,000","23,900,000","23,080,000","22,307,000","19,657,000","17,481,000","18,239,000","17,506,000","24,686,000","25,672,000","24,859,000","25,828,000","23,262,000","22,379,000","19,628,000","21,143,000","20,233,000","19,163,000","19,989,000","21,153,000","20,230,000","20,089,000","17,753,000","17,439,000","16,723,000",,"16,946,000",,"16,759,000","16,105,000","16,072,000","15,115,000","14,546,000","13,437,000","14,117,000","13,241,000","14,369,000","12,488,000","13,902,000","14,419,000","12,875,000","13,804,000","12,581,000","12,749,000","12,938,000","11,564,000","11,678,000","11,671,000","12,096,000","11,320,000","11,303,000","10,463,000","11,645,000","12,088,000","11,120,000","11,097,000","20,014,000","39,093,000","10,078,000","17,264,000","18,619,000","36,957,000","10,669,000","14,938,000","9,400,000","28,183,000","8,652,000","8,523,000","8,862,000","28,412,000","7,374,000","11,504,000","7,452,000","11,680,000","10,611,000","16,517,000","11,255,000","11,015,000","10,903,000","10,395,000","10,933,000","32,737,000","9,722,000","15,417,000","17,650,000",,,,,,,,,,,,,,,,,,,,,,,,,,,,,,,,,,,,,,,,,,,,,,,,,,,,,,,,,,,,,,,,
			RentAndLandingFees,"25,503,000","6,250,000","6,365,000","6,544,000","6,344,000","6,341,000","6,990,000","6,594,000","6,328,000","6,954,000","7,012,000","6,806,000","6,878,000","5,403,000","2,916,000","2,815,000","2,585,000","2,951,000","2,151,000","3,113,000","3,332,000","3,273,000","2,107,000","2,051,000","2,107,000","2,119,000",,"2,159,000",,"2,193,000","2,159,000","2,118,000","2,160,000","2,154,000","2,143,000","2,139,000","2,115,000","2,125,000","2,110,000","2,077,000","2,118,000","2,113,000","2,065,000","2,051,000","2,008,000","2,123,000","2,076,000","2,102,000","2,103,000","2,047,000","2,243,000","1,811,000","1,873,000","1,968,000","1,909,000","1,968,000",,,,,,,,,,,,,,,,,,,,,,,,,,,,,,,,,,,,,,,,,,,,,,,,,,,,,,,,,,,,,,,,,,,,,,,,,,,,,,,,,,,,,,,,,,,,,,
			OtherGandA,"69,115,000","19,081,000","17,535,000","16,536,000","15,963,000","13,316,000","10,491,000","11,645,000","11,178,000","17,732,000","18,660,000","18,053,000","18,950,000","17,859,000","19,463,000","16,813,000","18,558,000","17,282,000","17,012,000","16,876,000","17,821,000","16,957,000","17,982,000","15,702,000","15,332,000","14,604,000",,"14,787,000",,"14,566,000","13,946,000","13,954,000","12,955,000","12,392,000","11,294,000","11,978,000","11,126,000","12,244,000","10,378,000","11,825,000","12,301,000","10,762,000","11,739,000","10,530,000","10,741,000","10,815,000","9,488,000","9,576,000","9,568,000","10,049,000","9,077,000","9,492,000","8,590,000","9,677,000","10,179,000","9,152,000","11,097,000","20,014,000","39,093,000","10,078,000","17,264,000","18,619,000","36,957,000","10,669,000","14,938,000","9,400,000","28,183,000","8,652,000","8,523,000","8,862,000","28,412,000","7,374,000","11,504,000","7,452,000","11,680,000","10,611,000","16,517,000","11,255,000","11,015,000","10,903,000","10,395,000","10,933,000","32,737,000","9,722,000","15,417,000","17,650,000",,,,,,,,,,,,,,,,,,,,,,,,,,,,,,,,,,,,,,,,,,,,,,,,,,,,,,,,,,,,,,,,
		SellingAndMarketingExpense,"18,001,000","4,481,000","4,874,000","4,827,000","3,819,000","2,549,000","2,628,000","1,981,000","1,075,000","5,390,000","6,919,000","6,653,000","6,101,000","4,910,000","6,458,000","6,178,000","6,025,000","5,114,000","6,080,000","6,296,000","6,022,000","5,562,000","5,549,000","5,540,000","5,505,000","4,988,000",,"5,822,000",,"6,489,000","5,368,000","5,799,000","6,710,000","7,388,000","5,942,000","5,805,000","6,529,000","6,884,000","5,481,000","5,583,000","6,102,000","6,405,000","5,836,000","5,068,000","5,792,000","5,855,000","4,921,000","4,788,000","5,491,000","5,466,000","5,117,000","4,396,000","5,083,000","5,047,000","4,426,000","4,416,000","5,569,000","5,889,000","5,407,000","4,593,000","4,967,000","5,340,000","5,425,000","4,602,000","4,860,000","4,721,000","2,169,000","4,310,000","4,797,000","5,170,000","4,063,000","3,529,000","3,992,000","4,570,000","7,497,000","6,332,000","6,840,000","7,815,000","8,078,000","6,744,000","6,964,000","7,731,000","5,450,000","7,048,000","6,827,000","7,895,000",,,,,,,,,,,,,,,,,,,,,,,,,,,,,,,,,,,,,,,,,,,,,,,,,,,,,,,,,,,,,,,,
	DepreciationAmortizationDepletionIncomeStatement,"71,379,000","17,231,000","17,924,000","17,730,000","18,494,000","17,979,000","18,484,000","18,690,000","18,845,000","19,033,000","18,793,000","19,226,000","18,273,000","15,985,000","18,443,000","14,569,000","14,426,000","13,904,000","14,175,000","12,993,000","12,303,000","12,248,000","10,807,000","10,474,000","10,360,000","10,191,000",,"10,242,000",,"10,426,000","9,768,000","9,808,000","10,156,000","9,078,000","8,777,000","8,284,000","8,457,000","8,327,000","8,337,000","8,591,000","8,586,000","8,313,000","8,416,000","8,279,000","8,910,000","8,920,000","8,377,000","8,489,000","8,315,000","8,342,000","8,208,000","7,975,000","8,041,000","8,088,000","7,893,000","7,916,000","8,148,000","8,271,000","7,562,000","7,656,000","7,959,000","8,082,000","7,662,000","6,897,000","6,303,000","6,405,000","6,529,000","6,504,000","6,597,000","6,501,000","6,225,000","6,181,000","6,041,000","6,572,000","11,839,000","11,553,000","11,336,000","11,308,000","11,253,000","11,246,000","11,428,000","11,438,000","11,491,000","11,274,000","11,144,000","10,978,000","10,193,000","11,143,000","10,679,000","11,314,000","10,668,000","10,203,000","10,200,000","10,400,000","9,100,000","10,100,000","9,900,000","9,200,000","10,700,000","7,600,000","7,300,000","7,200,000","9,300,000","6,700,000","6,500,000","6,300,000","7,900,000","5,700,000","5,700,000","5,900,000","7,200,000","5,800,000","5,400,000","5,200,000","6,700,000","4,600,000","4,700,000","4,500,000","6,100,000","4,100,000","4,000,000","4,100,000","5,700,000","4,000,000","4,100,000","3,800,000","5,000,000","3,600,000","3,500,000","3,600,000","4,700,000","3,300,000","3,400,000",,,,,,,,,,,,,,,,,
		DepreciationAndAmortizationInIncomeStatement,"71,379,000","17,231,000","17,924,000","17,730,000","18,494,000","17,979,000","18,484,000","18,690,000","18,845,000","19,033,000","18,793,000","19,226,000","18,273,000","15,985,000","18,443,000","14,569,000","14,426,000","13,904,000","14,175,000","12,993,000","12,303,000","12,248,000","10,807,000","10,474,000","10,360,000","10,191,000",,"10,242,000",,"10,426,000","9,768,000","9,808,000","10,156,000","9,078,000","8,777,000","8,284,000","8,457,000","8,327,000","8,337,000","8,591,000","8,586,000","8,313,000","8,416,000","8,279,000","8,910,000","8,920,000","8,377,000","8,489,000","8,315,000","8,342,000","8,208,000","7,975,000","8,041,000","8,088,000","7,893,000","7,916,000","8,148,000","8,271,000","7,562,000","7,656,000","7,959,000","8,082,000","7,662,000","6,897,000","6,303,000","6,405,000","6,529,000","6,504,000","6,597,000","6,501,000","6,225,000","6,181,000","6,041,000","6,572,000","11,839,000","11,553,000","11,336,000","11,308,000","11,253,000","11,246,000","11,428,000","11,438,000","11,491,000","11,274,000","11,144,000","10,978,000","10,193,000","11,143,000","10,679,000","11,314,000","10,668,000","10,203,000","10,200,000","10,400,000","9,100,000","10,100,000","9,900,000","9,200,000","10,700,000","7,600,000","7,300,000","7,200,000","9,300,000","6,700,000","6,500,000","6,300,000","7,900,000","5,700,000","5,700,000","5,900,000","7,200,000","5,800,000","5,400,000","5,200,000","6,700,000","4,600,000","4,700,000","4,500,000","6,100,000","4,100,000","4,000,000","4,100,000","5,700,000","4,000,000","4,100,000","3,800,000","5,000,000","3,600,000","3,500,000","3,600,000","4,700,000","3,300,000","3,400,000",,,,,,,,,,,,,,,,,
	OtherTaxes,"18,479,000","4,745,000","4,331,000","4,935,000","4,468,000","4,739,000","5,556,000","5,950,000","6,025,000","6,029,000","5,344,000","5,666,000","5,468,000","5,393,000","4,385,000","5,018,000","4,779,000","5,214,000","4,240,000","5,052,000","4,445,000","5,078,000","3,951,000","4,168,000","3,995,000","4,143,000",,"4,003,000",,"3,821,000","3,502,000","3,874,000","3,719,000","3,906,000","3,321,000","4,142,000","3,752,000","3,422,000","3,821,000","3,860,000","3,520,000","3,635,000","3,347,000","3,003,000","3,528,000","3,228,000","2,905,000","2,990,000","3,450,000","3,537,000","3,335,000","3,660,000","3,495,000","2,979,000","3,772,000","3,651,000",,,,,,,,,,,,,,,,,,,,,,,,,,,,,,,,,,,,,,,,,,,,,,,,,,,,,,,,,,,,,,,,,,,,,,,,,,,,,,,,,,,,,,,,,,,,,,
	OtherOperatingExpenses,"28,701,000","9,674,000","3,899,000","6,500,000","8,628,000","4,790,000","-806,000","6,266,000","3,121,000","8,707,000","9,336,000","10,127,000","10,719,000","10,883,000","9,502,000","8,969,000","9,307,000","8,756,000","7,270,000","8,300,000","7,612,000","8,343,000","8,506,000","8,781,000","8,116,000","7,957,000",,"7,558,000",,"9,173,000","8,142,000","8,715,000","8,298,000","9,113,000","8,150,000","8,048,000","7,919,000","8,684,000","7,693,000","7,821,000","7,925,000","7,547,000","7,603,000","7,626,000","7,522,000","8,004,000","7,613,000","7,007,000","7,025,000","7,331,000","6,253,000","6,272,000","6,041,000","6,383,000","5,274,000","6,272,000","3,914,000","3,848,000","8,363,000","3,767,000","4,245,000","2,883,000","2,127,000","2,099,000","2,730,000","2,517,000","2,624,000","2,567,000","2,659,000","2,545,000","2,435,000","1,671,000","2,147,000","2,087,000","3,848,000","4,064,000","3,356,000","4,070,000","3,840,000","3,095,000","3,925,000","4,346,000","3,915,000","4,406,000","4,049,000","3,969,000","7,140,000","3,621,000","3,551,000","3,768,000","3,735,000","3,484,000","3,400,000","3,400,000","3,700,000","3,200,000","3,500,000","3,500,000","4,200,000","2,700,000","2,700,000","2,700,000","3,300,000","1,800,000","2,500,000","2,600,000","3,100,000","2,000,000","2,100,000",,"3,100,000","2,000,000","2,200,000","2,300,000","2,900,000","2,000,000","2,000,000","2,000,000","2,700,000","1,900,000","1,800,000","1,900,000","2,400,000","1,500,000","1,800,000","1,800,000","2,100,000","1,700,000","1,500,000","1,500,000","1,900,000","1,500,000","1,100,000",,,,,,,,,,,,,,,,,
OperatingIncome,"-16,822,000","-16,797,000","16,080,000","6,273,000","-22,378,000","-35,661,000","-39,974,000","-47,222,000","-53,062,000","-13,488,000","15,253,000","22,387,000","27,475,000","4,950,000","14,653,000","22,413,000","29,107,000","17,016,000","17,394,000","21,435,000","18,741,000","18,025,000","15,664,000","24,683,000","18,261,000","11,346,000",,"10,554,000",,"25,856,000","11,183,000","7,621,000","11,620,000","22,689,000","9,564,000","5,661,000","8,810,000","24,347,000","8,733,000","394,000","10,134,000","20,455,000","12,831,000","4,075,000","6,261,000","23,348,000","8,576,000","91,000","5,406,000","19,424,000","7,217,000","8,044,000","4,542,000","18,975,000","4,932,000","6,178,000","8,342,000","23,947,000","4,154,000","6,257,000","8,638,000","23,515,000","9,637,000","1,853,000","8,467,000","21,182,000","8,229,000","5,148,000","8,019,000","18,144,000","3,952,000","4,715,000","7,755,000","19,901,000","9,599,000","7,447,000","10,737,000","25,641,000","8,728,000","7,750,000","7,752,000","25,155,000","10,664,000","6,474,000","5,521,000","24,799,000","34,679,000","-5,926,000","-259,000","10,337,000","-3,845,000","-2,150,000","2,000,000","15,000,000","3,000,000","-1,600,000","3,800,000","17,800,000","29,100,000","3,100,000","8,000,000","17,300,000","21,100,000","4,800,000","8,400,000","16,100,000","10,100,000","2,500,000","7,400,000","19,700,000","8,400,000","3,100,000","7,200,000","13,300,000","-1,600,000","5,600,000","9,400,000","14,700,000","-2,200,000","5,500,000","8,700,000","12,300,000","10,100,000","4,300,000","6,700,000","10,100,000","-1,800,000","3,300,000","6,200,000","10,000,000","-1,900,000","3,000,000","5,700,000","46,900,000","-105,700,000","35,300,000","37,900,000","44,900,000","-91,800,000","34,100,000","37,100,000","42,000,000","-90,600,000","31,900,000","34,100,000","38,500,000","-82,200,000","28,900,000","32,200,000","36,100,000"
NetNonOperatingInterestIncomeExpense,"-17,951,000","-4,092,000","-4,352,000","-4,600,000","-4,907,000","-4,843,000","-6,098,000","-4,132,000","-3,529,000","-2,516,000","-2,832,000","-2,807,000","-3,093,000","-3,059,000","-3,079,000","-3,180,000","-3,511,000","-3,309,000","-2,646,000","-3,367,000","-3,163,000","-2,924,000","-2,183,000","-2,127,000","-2,457,000","-2,409,000",,"-2,382,000",,"-2,401,000","-2,359,000","-2,326,000","-2,388,000","-2,404,000","-2,497,000","-2,585,000","-2,584,000","-2,394,000","-2,454,000","-2,464,000","-2,317,000","-2,074,000","-2,298,000","-2,323,000","-2,275,000","-2,351,000","-2,540,000","-2,583,000","-2,581,000","-2,658,000","-2,812,000","-2,768,000","-2,683,000","-2,972,000","-3,070,000","-3,455,000",,,,,,,,,,,,,,,,,,,,,,,,,,,,,,,,,,,,,,,,,,,,,,,,,,,,,,,,,,,,,,,,,,,,,,,,,,,,,,,,,,,,,,,,,,,,,,
	InterestIncomeNonOperating,,,,,,,,,,,,,,,,,,,,,,,,,,,,,,,,,,,,,,,,,,,,,"25,000",,,,,,,,,,,,,,,,,,,,,,,,,,,,,,,,,,,,,,,,,,,,,,,,,,,,,,,,,,,,,,,,,,,,,,,,,,,,,,,,,,,,,,,,,,,,,,,,,,,,,,,,,
	InterestExpenseNonOperating,"17,951,000","4,092,000","4,352,000","4,600,000","4,907,000","4,843,000","6,098,000","4,132,000","3,529,000","2,516,000","2,832,000","2,807,000","3,093,000","3,059,000","3,079,000","3,180,000","3,511,000","3,309,000","2,646,000","3,367,000","3,163,000","2,924,000","2,183,000","2,127,000","2,457,000","2,409,000",,"2,382,000",,"2,401,000","2,359,000","2,326,000","2,388,000","2,404,000","2,497,000","2,585,000","2,584,000","2,394,000","2,454,000","2,464,000","2,317,000","2,074,000","2,298,000","2,323,000","2,300,000","2,351,000","2,540,000","2,583,000","2,581,000","2,658,000","2,812,000","2,768,000","2,683,000","2,972,000","3,070,000","3,455,000",,,,,,,,,,,,,,,,,,,,,,,,,,,,,,,,,,,,,,,,,,,,,,,,,,,,,,,,,,,,,,,,,,,,,,,,,,,,,,,,,,,,,,,,,,,,,,
OtherIncomeExpense,"-6,784,000","-562,000","-2,054,000","236,000","-4,404,000","1,616,000","-12,902,000","-2,594,000","-219,000","-10,066,000","-2,712,000","-507,000","-536,000","-84,000","-1,977,000","-384,000","-677,000","-480,000","4,731,000","-342,000","498,000","-272,000","-62,000","408,000","-465,000","-126,000",,"-167,000",,"181,000","-3,118,000","-733,000","-443,000","-22,000","136,000","32,000","-718,000","-63,000","-393,000","5,038,000","-377,000","6,000","1,069,000","-826,000","36,000","-108,000","-478,000","-866,000","40,000","-18,000","9,000","-188,000","-2,231,000","80,000","885,000","-29,000","-3,135,000","209,000","450,000","247,000","107,000","354,000","1,388,000","6,270,000","8,141,000","10,783,000","-1,913,000","2,674,000","2,117,000","4,866,000","-3,857,000","2,001,000","2,613,000","1,312,000","1,742,000","374,000","1,314,000","15,565,000","-33,837,000","9,788,000","10,350,000","15,652,000","13,664,000","9,823,000","10,367,000","2,835,000","8,287,000","10,541,000","12,590,000","13,468,000","13,289,000","7,724,000","10,500,000","11,000,000","6,200,000","7,000,000","9,600,000","9,900,000","-16,400,000","5,000,000","6,500,000","7,200,000","-2,700,000","4,500,000","5,400,000","5,600,000","3,800,000","3,800,000","6,100,000","25,200,000","4,900,000","3,600,000","4,000,000","4,400,000",,,,,"12,100,000","-800,000","-700,000","-700,000",,,,,,,,,,,,,,,,,,,,,,,,,,,,
	GainOnSaleOfSecurity,"291,000","-268,000","446,000","-7,000","120,000","40,000","357,000","66,000","836,000","-695,000","544,000","187,000","175,000","473,000","-225,000","442,000","27,000","-36,000","359,000","119,000","38,000","72,000","273,000","8,000","9,000","8,000",,"20,000",,"5,000","224,000","-22,000","25,000","25,000","221,000","389,000","17,000","3,000","193,000","258,000",,,"898,000","88,000",,"144,000",,"-643,000",,,,,,,,,,,,,,,,,,,,,,,,,,,,,,,,,,,,,,,,,,,,,,,,,,,,,,,,,,,,,,,,,,,,,,,,,,,,,,,,,,,,,,,,,,,,,,,,,,,,,,
	EarningsFromEquityInterest,"-233,000","-141,000","-92,000","0","0","0","0","-1,054,000","-428,000","-57,000","-22,000","-84,000","-84,000","-84,000","-681,000","30,000","200,000","52,000","-29,000","-12,000","32,000","55,000","31,000","161,000","130,000","-21,000",,"39,000",,"-19,000","-66,000","-106,000","27,000","-41,000","-57,000","-164,000","54,000","-83,000","-132,000","-295,000","17,000","-40,000","10,000","-173,000","34,000","-71,000","-130,000","761,000","-17,000","-69,000","-225,000","-76,000","-5,000","-31,000","-53,000","-324,000","-15,000","-84,000","-89,000","-184,000","-69,000","-69,000","9,000","24,000","-1,102,000","-297,000",,,,,,,,,,,,,,,,,,,,,,,,,,,,,,,,,,,,,,,,,,,,,,,,,,,,,,,,,,,,,,,,,,,,,,,,,,,,,,,,,,,,
	SpecialIncomeCharges,"-4,383,000","424,000","-1,779,000","868,000","-3,896,000","2,204,000","-14,044,000","-1,016,000","-36,000","-8,724,000","-2,754,000","-129,000","-147,000","7,000","-575,000","-359,000","-408,000","0","4,401,000","-449,000","428,000","-399,000","-366,000","239,000","-604,000","-113,000",,"-226,000",,"195,000","-3,276,000","-605,000","-495,000","-6,000","-28,000","-193,000","-789,000","17,000","-454,000","5,075,000","-394,000","46,000","161,000","-741,000","2,000","-181,000","-881,000","-984,000","57,000","51,000","234,000","-112,000","-2,226,000","111,000","938,000","295,000","-3,120,000","293,000","539,000","431,000","176,000","423,000","1,379,000","6,246,000","9,243,000","11,080,000","-45,000","2,674,000","2,117,000","4,866,000","-3,857,000","2,001,000","2,613,000","1,312,000","1,742,000","374,000","1,314,000","15,565,000","-33,837,000","9,788,000","10,350,000","15,652,000","13,664,000","9,823,000","10,367,000","2,835,000","8,287,000","10,541,000","12,590,000","13,468,000","13,289,000","7,724,000","10,500,000","11,000,000","6,200,000","7,000,000","9,600,000","9,900,000","-16,400,000","5,000,000","6,500,000","7,200,000","-2,700,000","4,500,000","5,400,000","5,600,000","3,800,000","3,800,000","6,100,000","25,200,000","4,900,000","3,600,000","4,000,000","4,400,000",,,,,"12,100,000","-800,000","-700,000","-700,000",,,,,,,,,,,,,,,,,,,,,,,,,,,,
		ImpairmentOfCapitalAssets,,,"2,034,000","0","3,732,000","0","15,199,000","765,000","0","8,712,000","1,874,000",,,,,,,,,,,,"0",,"0",,,,,,"2,603,000","316,000",,,"0","0","0",,"477,000","618,000","417,000",,,,,,"0","0","0",,"0","0","2,575,000",,,,,,,,,,,,,,,,,,,,,,,,,,,,,,,,,,,,,,,,,,,,,,,,,,,,,,,,,,,,,,,,,,,,,,,,,,,,,,,,,,,,,,,,,,,,,,,,,
		OtherSpecialCharges,,,,,,,,,,,,,,,,,,,,,,,,,,,,,,,,,,,,,,,"0","-6,008,000","-19,000","-24,000","-898,000","-88,000","-25,000","-144,000","-168,000","643,000","-58,000","-52,000","-171,000","-149,000","-183,000","-104,000","-680,000","-195,000",,,,,,,,,,,,,,,,,,,,,,,,,,,,,,,,,,,,,,,,,,,,,,,,,,,,,,,,,,,,,,,,,,,,,,,,,,,,,,,,,,,,,,,,,,,,,,
		GainOnSaleOfPPE,"1,383,000","424,000","255,000","868,000","-164,000","2,204,000","1,155,000","-251,000","-36,000","-12,000","-880,000","-129,000","-147,000","7,000","-575,000","-359,000","-408,000","0","4,401,000","-449,000","428,000","-399,000","-366,000","239,000","-604,000","-113,000",,"-226,000",,"195,000","-673,000","-289,000","-495,000","-6,000","-28,000","-193,000","-789,000","17,000","23,000","-315,000","4,000","22,000","161,000","-741,000","2,000","-181,000","-516,000","-984,000","-1,000","-1,000","63,000","-261,000","166,000","7,000","258,000","100,000",,,,,,,,,,,,,,,,,,,,,,,,,,,,,,,,,,,,,,,,,,,,,,,,,,,,,,,,,,,,,,,,,,,,,,,,,,,,,,,,,,,,,,,,,,,,,,
	OtherNonOperatingIncomeExpenses,"-2,459,000","-577,000","-629,000","-625,000","-628,000","-628,000","785,000","-590,000","-591,000","-590,000","-480,000","-481,000","-480,000","-480,000","-496,000","-497,000","-496,000","-496,000",,,,,,,,,,,,,,,,,,,,,,,,,,,,,,,,,,,,,,,,,,,,,,,,,,,,,,,,,,,,,,,,,,,,,,,,,,,,,,,,,,,,,,,,,,,,,,,,,,,,,,,,,,,,,,,,,,,,,,,,,,,,,,,,,,,,
PretaxIncome,"-41,557,000","-21,451,000","9,674,000","1,909,000","-31,689,000","-38,888,000","-58,974,000","-53,948,000","-56,810,000","-26,070,000","9,709,000","19,073,000","23,846,000","1,807,000","9,597,000","18,849,000","24,919,000","13,227,000","19,479,000","17,726,000","16,076,000","14,829,000","13,419,000","22,964,000","15,339,000","8,811,000",,"8,005,000",,"23,636,000","5,706,000","4,562,000","8,789,000","20,263,000","7,203,000","3,108,000","5,508,000","21,890,000","5,886,000","2,968,000","7,440,000","18,387,000","11,602,000","926,000","4,022,000","20,889,000","5,558,000","-3,358,000","2,865,000","16,748,000","4,414,000","5,088,000","-372,000","16,083,000","2,747,000","2,694,000","1,566,000","20,359,000","6,083,000","2,938,000","4,930,000","19,748,000","6,940,000","4,764,000","13,417,000","18,382,000","2,927,000","4,145,000","6,543,000","19,272,000","2,562,000","2,994,000","6,714,000","17,334,000","7,070,000","3,808,000","8,018,000","21,566,000","3,328,000","2,903,000","4,305,000","20,862,000","7,162,000","2,545,000","1,130,000","22,663,000","-3,728,000","-936,000","6,376,000","18,578,000","4,928,000","900,000","8,700,000","21,300,000","4,400,000","900,000","9,800,000","23,700,000","8,900,000","5,000,000","11,500,000","21,800,000","14,300,000","6,200,000","11,300,000","19,400,000","12,500,000","4,000,000","11,300,000","42,300,000","11,100,000","4,500,000","9,300,000","15,500,000","9,900,000","4,000,000","7,400,000","13,200,000","8,500,000","2,900,000","6,000,000","9,700,000","7,400,000","2,200,000","4,500,000","7,900,000","5,200,000","1,500,000","4,300,000","7,800,000","4,100,000","1,400,000","4,100,000",,,,,,,,,,,,,,,,,
TaxProvision,"-11,492,000","-6,549,000","3,230,000","150,000","-8,323,000","-10,758,000","-19,952,000","-14,508,000","-29,906,000","-6,570,000","1,855,000","4,843,000","5,609,000","13,000","873,000","2,626,000","6,207,000","3,421,000","-14,946,000","6,908,000","5,951,000","5,712,000","4,758,000","8,712,000","5,993,000","3,531,000",,"2,897,000",,"9,183,000","2,565,000","1,728,000","3,398,000","7,987,000","2,905,000","2,835,000","2,026,000","9,044,000","2,299,000","-1,310,000","2,653,000","7,708,000","4,903,000","192,000","1,198,000","8,412,000","2,075,000","-1,329,000","781,000","6,728,000","1,385,000","1,897,000","-49,000","5,865,000","539,000","1,031,000","670,000","7,926,000","2,053,000","1,153,000","1,990,000","8,017,000","1,238,000","510,000","3,154,000","4,674,000","459,000","983,000","2,021,000","6,956,000","713,000","1,208,000","2,297,000","6,847,000","2,491,000","1,524,000","3,215,000","8,621,000","979,000","1,168,000","1,751,000","8,491,000","2,870,000","1,028,000","-798,000","7,940,000","-1,563,000","-990,000","2,597,000","7,506,000","2,010,000","367,000","3,600,000","8,600,000","1,900,000","400,000","3,900,000","9,500,000","3,500,000","2,000,000","4,600,000","8,700,000","5,500,000","2,500,000","4,500,000","7,800,000","4,700,000","1,400,000","4,700,000","17,000,000","4,100,000","1,900,000","3,800,000","6,400,000","3,400,000","1,800,000","2,900,000","5,400,000","3,000,000","1,300,000","2,500,000","3,900,000","2,900,000","900,000","1,800,000","3,100,000","1,800,000","700,000","1,700,000","3,000,000","900,000","500,000","1,600,000",,,,,,,,,,,,,,,,,
NetIncomeCommonStockholders,"-30,065,000","-14,902,000","6,444,000","1,759,000","-23,366,000","-28,130,000","-39,022,000","-39,440,000","-27,029,000","-19,352,000","7,802,000","14,289,000","18,066,000","1,860,000","8,720,000","16,231,000","18,619,000","9,821,000","34,441,000","10,978,000","10,124,000","9,453,000","8,742,000","14,372,000","9,336,000","5,452,000",,"4,945,000",,"14,651,000","3,249,000","3,091,000","5,223,000","12,432,000","4,254,000","4,071,000","3,245,000","13,431,000","3,475,000","-1,372,000","4,724,000","10,679,000","6,699,000","734,000","2,824,000","12,477,000","3,483,000","-2,029,000","2,084,000","10,020,000","3,029,000","3,191,000","-323,000","10,218,000","2,208,000","1,663,000","896,000","12,433,000","4,030,000","1,785,000","2,940,000","11,731,000","5,471,000","4,028,000","10,091,000","13,707,000","3,015,000","4,723,000","5,044,000","15,489,000","2,893,000","6,595,000","71,588,000","18,145,000","4,579,000","2,284,000","4,803,000","12,945,000","2,682,000","1,735,000","2,552,000","13,587,000","4,292,000","1,517,000","1,928,000","14,723,000","5,890,000","341,000","4,096,000","11,449,000","2,983,000","881,000","5,600,000","13,200,000","2,500,000","500,000","5,900,000","14,200,000","5,400,000","3,000,000","6,900,000","13,100,000","8,800,000","3,700,000","6,800,000","11,600,000","7,800,000","2,600,000","6,600,000","25,300,000","7,000,000","2,600,000","5,500,000","9,100,000","6,500,000","2,200,000","4,500,000","9,600,000","5,500,000","1,600,000","3,500,000","5,800,000","4,500,000","1,300,000","2,700,000","4,800,000","3,400,000","800,000","2,600,000","4,800,000","3,200,000","900,000","2,500,000",,,,,,,,,,,,,,,,,
	NetIncome,"-30,065,000","-14,902,000","6,444,000","1,759,000","-23,366,000","-28,130,000","-39,022,000","-39,440,000","-27,029,000","-19,352,000","7,802,000","14,289,000","18,066,000","1,860,000","8,720,000","16,231,000","18,619,000","9,821,000","34,441,000","10,978,000","10,124,000","9,453,000","8,742,000","14,372,000","9,336,000","5,452,000",,"4,945,000",,"14,651,000","3,249,000","3,091,000","5,223,000","12,432,000","4,254,000","4,071,000","3,245,000","13,431,000","3,475,000","-1,372,000","4,724,000","10,679,000","6,699,000","734,000","2,824,000","12,477,000","3,483,000","-2,029,000","2,084,000","10,020,000","3,029,000","3,191,000","-323,000","10,218,000","2,208,000","1,663,000","896,000","12,433,000","4,030,000","1,785,000","2,940,000","11,731,000","5,471,000","4,028,000","10,091,000","13,707,000","3,015,000","4,723,000","5,044,000","15,489,000","2,893,000","6,595,000","71,588,000","18,145,000","4,579,000","2,284,000","4,803,000","12,945,000","2,682,000","1,735,000","2,552,000","13,587,000","4,292,000","1,517,000","1,928,000","14,723,000","5,890,000","341,000","4,096,000","11,449,000","2,983,000","881,000","5,600,000","13,200,000","2,500,000","500,000","5,900,000","14,200,000","5,400,000","3,000,000","6,900,000","13,100,000","8,800,000","3,700,000","6,800,000","11,600,000","7,800,000","2,600,000","6,600,000","25,300,000","7,000,000","2,600,000","5,500,000","9,100,000","6,500,000","2,200,000","4,500,000","9,600,000","5,500,000","1,600,000","3,500,000","5,800,000","4,500,000","1,300,000","2,700,000","4,800,000","3,400,000","800,000","2,600,000","4,800,000","3,200,000","900,000","2,500,000",,,,,,,,,,,,,,,,,
		NetIncomeIncludingNoncontrollingInterests,"-30,065,000","-14,902,000","6,444,000","1,759,000","-23,366,000","-28,130,000","-39,022,000","-39,440,000","-26,904,000","-19,500,000","7,854,000","14,230,000","18,237,000","1,794,000","8,724,000","16,223,000","18,712,000","9,806,000","34,425,000","10,818,000","10,125,000","9,117,000","8,661,000","14,252,000","9,346,000","5,280,000",,"5,108,000",,"14,453,000","3,141,000","2,834,000","5,391,000","12,276,000","4,298,000","273,000","3,482,000","12,846,000","3,587,000","4,278,000","4,787,000","10,679,000","6,699,000","734,000","2,824,000","12,477,000","3,483,000","-2,029,000","2,084,000","10,020,000","3,029,000","3,191,000","-323,000","10,218,000","2,208,000","1,663,000","896,000","12,433,000","4,030,000","1,785,000","2,940,000","11,731,000","5,471,000","4,028,000","10,091,000","13,707,000","3,015,000","4,723,000","5,044,000","15,489,000","2,893,000","6,595,000","71,588,000","18,145,000","4,579,000","2,284,000","4,803,000","12,945,000","2,682,000","1,735,000","2,552,000","13,587,000","4,292,000","1,517,000","1,928,000","14,723,000","5,890,000","341,000","4,096,000","11,449,000","2,983,000","881,000","5,600,000","13,200,000","2,500,000","500,000","5,900,000","14,200,000","5,400,000","3,000,000","6,900,000","13,100,000","8,800,000","3,700,000","6,800,000","11,600,000","7,800,000","2,600,000","6,600,000","25,300,000","7,000,000","2,600,000","5,500,000","9,100,000","6,500,000","2,200,000","4,500,000","9,600,000","5,500,000","1,600,000","3,500,000","5,800,000","4,500,000","1,300,000","2,700,000","4,800,000","3,400,000","800,000","2,600,000","4,800,000","3,200,000","900,000","2,500,000","4,100,000","3,000,000","600,000","2,300,000","4,100,000","3,000,000","900,000","2,600,000","3,600,000","2,500,000","700,000","1,600,000","3,200,000","2,500,000","800,000","2,200,000","3,200,000"
			NetIncomeContinuousOperations,"-30,065,000","-14,902,000","6,444,000","1,759,000","-23,366,000","-28,130,000","-39,022,000","-39,440,000","-26,904,000","-19,500,000","7,854,000","14,230,000","18,237,000","1,794,000","8,724,000","16,223,000","18,712,000","9,806,000","34,425,000","10,818,000","10,125,000","9,117,000","8,661,000","14,252,000","9,346,000","5,280,000",,"5,108,000",,"14,453,000","3,141,000","2,834,000","5,391,000","12,276,000","4,298,000","273,000","3,482,000","12,846,000","3,587,000","4,278,000","4,787,000","10,679,000","6,699,000","734,000","2,824,000","12,477,000","3,483,000","-2,029,000","2,084,000","10,020,000","3,029,000","3,191,000","-323,000","10,218,000","2,208,000","1,663,000","896,000","12,433,000","4,030,000","1,785,000","2,940,000","11,731,000","5,702,000","4,254,000","10,263,000","13,708,000","2,468,000","3,162,000","4,522,000","12,316,000","1,849,000","1,786,000","4,417,000","10,487,000","4,579,000","2,284,000","4,803,000","12,945,000","2,649,000","1,735,000","2,552,000","12,371,000","4,292,000","1,517,000","1,928,000","14,723,000","-2,165,000","54,000","3,779,000","11,072,000","2,918,000","533,000","5,100,000","12,700,000","2,500,000","500,000","5,900,000","14,200,000","5,400,000","3,000,000","6,900,000","13,100,000","8,800,000","3,700,000","6,800,000","11,600,000","7,800,000","2,600,000","6,600,000","25,300,000","7,000,000","2,600,000","5,500,000","9,100,000","6,500,000","2,200,000","4,500,000","7,800,000","5,500,000","1,600,000","3,500,000","5,800,000","4,500,000","1,300,000","2,700,000","4,800,000","3,400,000","800,000","2,600,000","4,800,000","3,200,000","900,000","2,500,000","4,100,000","3,000,000","600,000","2,300,000","4,100,000","3,000,000","900,000","2,600,000","3,600,000","2,500,000","700,000","1,600,000","3,200,000","2,500,000","800,000","2,200,000","3,200,000"
			NetIncomeDiscontinuousOperations,,,,,,,,,,,,,,,,,,,,,,,,,,,,,,,,,,,,,,,,,,,,,,,,,,,,,,,,,,,,,,,"-231,000","-226,000","-172,000","-1,000","547,000","1,561,000","522,000","3,173,000","1,044,000","4,809,000","67,171,000","7,658,000",,,,,"33,000",,,"1,216,000",,,,,"8,055,000","287,000","317,000","377,000","65,000","348,000","500,000","500,000",,,,,,,,,,,,,,,,,,,,,,,,,,,,,,,,,,,,,,,,,,,,,,,,,,,,,,,,
			NetIncomeExtraordinary,,,,,,,,,,,,,,,,,,,,,,,,,,,,,,,,,,,,,,,,,,,,,,,,,,,,,,,,,,,,,,,,,,,,,,,,,,,,,,,,,,,,,,,,,,,,,,,,,,,,,,,,,,,,,,,,,,,"0",,,"1,800,000",,,,,,,,,,,,,,,,,,,,,,,,,,,,,,,,
		MinorityInterests,"0","0","0","0","0","0","0","0","-125,000","148,000","-52,000","59,000","-171,000","66,000","-4,000","8,000","-93,000","15,000","16,000","160,000","-1,000","336,000","81,000","120,000","-10,000","172,000",,"-163,000",,"198,000","108,000","257,000","-168,000","156,000","-44,000","3,798,000","-237,000","585,000","-112,000","-5,650,000","-63,000",,,,,,,,,,,,,,,,,,,,,,,,,,,,,,,,,,,,,,,,,,,,,,,,,,,,,,,,,,,,,,,,,,,,,,,,,,,,,,,,,,,,,,,,,,,,,,,,,,,,,,,,,,,,,
DilutedNIAvailtoComStockholders,"-30,065,000","-14,902,000","6,444,000","1,759,000","-23,366,000","-28,130,000","-39,022,000","-39,440,000","-27,029,000","-19,352,000","7,802,000","14,289,000","18,066,000","1,860,000","8,720,000","16,231,000","18,619,000","9,821,000","34,441,000","10,978,000","10,124,000","9,453,000","8,742,000","14,372,000","9,336,000","5,452,000",,"4,945,000",,"14,651,000","3,249,000","3,091,000","5,223,000","12,432,000","4,254,000","4,071,000","3,245,000","13,431,000","3,475,000","-1,372,000","4,724,000","10,679,000","6,699,000","734,000","2,824,000","12,477,000","3,483,000","-2,029,000","2,084,000","10,020,000","3,029,000","3,191,000","-323,000","10,218,000","2,208,000","1,663,000","896,000","12,433,000","4,030,000","1,785,000","2,940,000","11,731,000","5,471,000","4,028,000","10,091,000","13,707,000","3,015,000","4,723,000","5,044,000","15,489,000","2,893,000","6,595,000","71,588,000","18,145,000","4,579,000","2,284,000","4,803,000","12,945,000","2,682,000","1,735,000","2,552,000","13,587,000","4,292,000","1,517,000","1,928,000","14,723,000","5,890,000","341,000","4,096,000","11,449,000","2,983,000","881,000","5,600,000","13,200,000","2,500,000","500,000","5,900,000","14,200,000","5,400,000","3,000,000","6,900,000","13,100,000","8,800,000","3,700,000","6,800,000","11,600,000","7,800,000","2,600,000","6,600,000","25,300,000","7,000,000","2,600,000","5,500,000","9,100,000","6,500,000","2,200,000","4,500,000","9,600,000","5,500,000","1,600,000","3,500,000","5,800,000","4,500,000","1,300,000","2,700,000","4,800,000","3,400,000","800,000","2,600,000","4,800,000","3,200,000","900,000","2,500,000",,,,,,,,,,,,,,,,,
BasicEPS,,"-0.48","0.205","0.056","-0.744","-0.898","-1.256","-1.3","-0.89","-0.623","0.252","0.462","0.585","0.06","0.308","0.573","0.664","0.351","1.236","0.394","0.364","0.341","0.316","0.52","0.34","0.198","0.277","0.179","0.394","0.531","0.118","0.113","0.191","0.454","0.156","0.151","0.12","0.496","0.128","-0.05","0.173","0.37","0.232","0.025","0.097","0.425","0.117","-0.068","0.07","0.338",,"0.107","-0.011","0.34",,"0.06","0.03","0.42",,"0.06","0.1","0.4",,"0.13","0.33","0.45",,"0.15","0.17","0.51",,"0.22","2.38","0.61",,"0.08","0.16","0.44",,"0.06","0.09","0.46",,"0.05","0.07","0.5",,"0.01","0.14","0.39",,"0.03","0.19","0.44",,"0.02","0.2","0.47",,"0.1","0.153","0.293",,"0.087","0.153","0.26",,"0.06","0.147","0.378",,"0.04","0.084","0.138",,"0.031","0.067","0.147",,"0.027","0.062","0.068",,"0.015","0.03","0.056",,"0.009","0.03","0.053",,"0.009","0.03","0.047",,"0.006","0.027","0.044",,"0.009","0.03","0.041",,"0.006","0.012","0.026",,"0.006","0.018","0.024"
DilutedEPS,,"-0.48","0.18","0.056","-0.76","-0.93","-1.29","-1.3","-0.89","-0.64","0.25","0.46","0.58","0.06","0.3","0.56","0.65","0.35","1.21","0.39","0.36","0.33","0.31","0.51","0.34","0.198","0.27","0.179","0.39","0.53","0.118","0.11","0.19","0.45","0.156","0.15","0.12","0.496","0.128","-0.05","0.17","0.37","0.23","0.025","0.097","0.42","0.117","-0.07","0.07","0.338",,"0.107","-0.011","0.34",,"0.06","0.03","0.39",,"0.06","0.1","0.38",,"0.13","0.33","0.45",,"0.15","0.16","0.5",,"0.21","2.34","0.6",,"0.08","0.16","0.44",,"0.059","0.086","0.46",,"0.05","0.066","0.5",,"0.01","0.14","0.39",,"0.03","0.19","0.44",,"0.02","0.2","0.47",,"0.1","0.153","0.293",,"0.087","0.153","0.26",,"0.06","0.147","0.378",,"0.04","0.084","0.138",,"0.031","0.067","0.147",,"0.027","0.062","0.068",,"0.015","0.03","0.056",,"0.009","0.03","0.053",,"0.009","0.03","0.047",,"0.006","0.027","0.044",,"0.009","0.03","0.041",,"0.006","0.012","0.026",,"0.006","0.018","0.024"
BasicAverageShares,,"31,445,000","31,427,370","31,420,997","31,412,689","31,391,083","31,064,755","31,064,000","31,061,000","31,056,150","30,946,660","30,922,947","30,907,613","30,876,956","28,350,434","28,328,117","28,044,073","27,978,402","27,853,768","27,835,668","27,809,664","27,758,595","27,671,565","27,626,267","27,490,094","27,484,333","27,663,851","27,655,345","27,611,785","27,602,189","27,553,415","27,444,390","27,407,780","27,390,392","27,298,642","26,935,342","27,070,623","27,077,127","27,072,296","27,274,964","27,269,483","28,889,074","28,890,609","29,255,332","29,246,124","29,355,251","29,736,346","29,650,788","29,642,340","29,625,910",,"29,644,000","29,773,000","29,868,000",,"29,774,000","29,866,667","29,716,000",,"29,750,000","29,400,000","30,314,000",,"30,984,615","30,578,788","30,270,000",,"31,486,667","29,670,588","30,306,000",,"29,977,273","30,078,992","29,849,000",,"28,550,000","30,018,750","29,534,000",,"29,389,000","29,373,000","29,333,000",,"29,248,000","29,226,000","29,198,000",,"29,135,000","29,141,000","29,299,000",,"29,836,000","29,896,000","30,000,000",,"25,000,000","29,500,000","30,212,766",,"30,000,000","30,281,000","29,615,800",,"29,515,750","29,513,749","29,507,746",,"29,503,744","29,423,400","29,423,400",,"29,348,325","29,551,529","29,587,565",,"29,259,000","29,259,000","29,238,000",,"25,211,000","25,184,000","25,154,000",,"25,096,000","25,220,000","25,222,000",,"25,303,000","25,441,000","25,658,000",,"25,642,000","25,699,000","25,745,000",,"25,699,000","26,594,000","25,853,000",,"25,853,000","25,888,000","25,858,000",,"26,580,000","25,807,000","25,736,000",,"25,717,000","25,705,000","25,655,000"
DilutedAverageShares,,"31,445,000","40,607,000","31,469,000","31,412,689","31,391,083","31,064,755","31,064,000","31,061,000","31,056,150","31,363,000","31,361,000","31,401,000","30,876,956","28,949,000","28,818,000","28,621,000","28,434,000","28,385,000","28,350,000","28,486,000","28,383,000","28,235,000","28,001,000","27,814,000","27,759,000","27,957,000","27,945,000","27,898,000","27,882,000","27,854,000","27,690,000","27,489,474","27,613,000","27,357,000","27,036,000","27,130,000","27,094,000","27,090,000","27,274,964","28,148,000","28,964,000","29,126,087","29,255,332","29,246,124","29,669,000","29,736,346","29,650,788","29,642,340","29,625,910",,"29,902,000","29,915,000","29,868,000",,"29,774,000","29,866,667","29,716,000",,"29,750,000","29,400,000","30,686,000",,"30,984,615","30,578,788","30,436,000",,"31,486,667","31,525,000","30,688,000",,"31,404,762","30,593,162","30,144,000",,"28,550,000","30,018,750","29,686,000",,"29,542,000","29,510,000","29,560,000",,"29,505,000","29,331,000","29,416,000",,"29,356,000","29,284,000","29,338,000",,"29,869,000","29,949,000","30,000,000",,"25,000,000","29,500,000","30,212,766",,"30,000,000","30,281,000","29,615,800",,"29,515,750","29,513,749","29,507,746",,"29,503,744","29,423,400","29,423,400",,"29,348,325","29,551,529","29,587,565",,"29,259,000","29,259,000","29,238,000",,"25,211,000","25,184,000","25,154,000",,"25,096,000","25,220,000","25,222,000",,"25,303,000","25,441,000","25,658,000",,"25,642,000","25,699,000","25,745,000",,"25,699,000","26,594,000","25,853,000",,"25,853,000","25,888,000","25,858,000",,"26,580,000","25,807,000","25,736,000",,"25,717,000","25,705,000","25,655,000"
TotalOperatingIncomeAsReported,"-22,588,000","-16,797,000","14,046,000","6,273,000","-26,110,000","-35,661,000","-55,173,000","-47,987,000","-53,062,000","-22,200,000","13,379,000","22,387,000","27,475,000","4,950,000","14,653,000","22,413,000","29,107,000","17,016,000","17,394,000","21,435,000","18,741,000","18,025,000","15,664,000","24,683,000","18,261,000","11,346,000",,"10,554,000",,"25,856,000","8,580,000","7,305,000","11,620,000","22,689,000","9,564,000","5,661,000","8,810,000","24,347,000","8,256,000","-224,000","9,717,000","20,455,000","12,831,000","4,075,000","6,261,000","23,348,000","8,576,000","91,000","5,406,000","19,424,000","7,217,000","8,044,000","1,967,000","18,975,000","4,932,000","6,178,000","8,342,000","23,947,000","4,154,000","6,257,000","8,638,000","23,515,000","9,637,000","1,853,000","8,467,000","21,182,000","8,229,000","5,148,000","8,019,000","18,144,000","3,952,000","4,715,000","7,755,000","19,901,000","9,599,000","7,447,000","10,737,000","25,641,000","8,728,000","7,750,000","7,752,000","25,155,000","10,664,000","6,474,000","5,521,000","24,799,000","34,679,000","-5,926,000","-259,000","10,337,000","-3,845,000","-2,150,000","2,000,000","15,000,000","3,000,000","-1,600,000","3,800,000","17,800,000","29,100,000","3,100,000","8,000,000","17,300,000","21,100,000","4,800,000","8,400,000","16,100,000","10,100,000","2,500,000","7,400,000","19,700,000","8,400,000","3,100,000","7,200,000","13,300,000","-1,600,000","5,600,000","9,400,000","14,700,000","-2,200,000","5,500,000","8,700,000","12,300,000","10,100,000","4,300,000","6,700,000","10,100,000","-1,800,000","3,300,000","6,200,000","10,000,000","-1,900,000","3,000,000","5,700,000",,,,,,,,,,,,,,,,,
RentExpenseSupplemental,"25,503,000","6,250,000","6,365,000","6,544,000","6,344,000","6,341,000","6,990,000","6,594,000","6,328,000","6,954,000","7,012,000","6,806,000","6,878,000","5,403,000","2,916,000","2,815,000","2,585,000","2,951,000","2,151,000","3,113,000","3,332,000","3,273,000","2,107,000","2,051,000","2,107,000","2,119,000",,"2,159,000",,"2,193,000","2,159,000","2,118,000","2,160,000","2,154,000","2,143,000","2,139,000","2,115,000","2,125,000","2,110,000","2,077,000","2,118,000","2,113,000","2,065,000","2,051,000","2,008,000","2,123,000","2,076,000","2,102,000","2,103,000","2,047,000","2,243,000","1,811,000","1,873,000","1,968,000","1,909,000","1,968,000",,,,,,,,,,,,,,,,,,,,,,,,,,,,,,,,,,,,,,,,,,,,,,,,,,,,,,,,,,,,,,,,,,,,,,,,,,,,,,,,,,,,,,,,,,,,,,
TotalExpenses,"556,521,000","149,039,000","152,968,000","139,589,000","114,925,000","86,448,000","76,678,000","80,813,000","60,995,000","172,948,000","191,609,000","189,075,000","205,025,000","165,089,000","160,379,000","148,186,000","164,191,000","151,175,000","140,773,000","132,383,000","134,034,000","139,929,000","123,083,000","120,012,000","116,717,000","114,098,000",,"105,122,000",,"123,334,000","108,901,000","112,532,000","104,441,000","109,080,000","98,910,000","104,184,000","91,778,000","104,685,000","91,857,000","93,280,000","90,499,000","97,484,000","95,014,000","88,002,000","83,808,000","100,559,000","83,740,000","83,906,000","81,329,000","94,532,000","81,889,000","88,400,000","78,824,000","91,178,000","79,239,000","84,833,000","79,601,000","96,424,000","85,309,000","79,783,000","74,793,000","88,626,000","82,564,000","69,565,000","62,138,000","72,225,000","54,850,000","64,438,000","60,358,000","70,058,000","56,809,000","57,757,000","54,380,000","68,771,000","89,734,000","86,984,000","83,911,000","95,154,000","87,837,000","84,236,000","81,035,000","94,422,000","88,833,000","82,138,000","79,112,000","92,292,000","93,860,000","83,767,000","76,898,000","85,776,000","78,181,000","72,242,000","70,400,000","83,300,000","77,500,000","77,100,000","75,300,000","81,300,000","91,700,000","63,300,000","57,400,000","65,800,000","69,500,000","54,400,000","51,300,000","56,300,000","63,600,000","46,100,000","46,900,000","48,100,000","64,700,000","53,200,000","54,200,000","59,200,000","62,500,000","46,200,000","46,100,000","50,000,000","58,600,000","40,800,000","38,600,000","41,800,000","55,000,000","38,800,000","38,000,000","41,300,000","49,500,000","36,500,000","35,100,000","39,400,000","47,600,000","33,600,000","33,900,000",,,,,,,,,,,,,,,,,
NetIncomeFromContinuingAndDiscontinuedOperation,"-30,065,000","-14,902,000","6,444,000","1,759,000","-23,366,000","-28,130,000","-39,022,000","-39,440,000","-27,029,000","-19,352,000","7,802,000","14,289,000","18,066,000","1,860,000","8,720,000","16,231,000","18,619,000","9,821,000","34,441,000","10,978,000","10,124,000","9,453,000","8,742,000","14,372,000","9,336,000","5,452,000",,"4,945,000",,"14,651,000","3,249,000","3,091,000","5,223,000","12,432,000","4,254,000","4,071,000","3,245,000","13,431,000","3,475,000","-1,372,000","4,724,000","10,679,000","6,699,000","734,000","2,824,000","12,477,000","3,483,000","-2,029,000","2,084,000","10,020,000","3,029,000","3,191,000","-323,000","10,218,000","2,208,000","1,663,000","896,000","12,433,000","4,030,000","1,785,000","2,940,000","11,731,000","5,471,000","4,028,000","10,091,000","13,707,000","3,015,000","4,723,000","5,044,000","15,489,000","2,893,000","6,595,000","71,588,000","18,145,000","4,579,000","2,284,000","4,803,000","12,945,000","2,682,000","1,735,000","2,552,000","13,587,000","4,292,000","1,517,000","1,928,000","14,723,000","5,890,000","341,000","4,096,000","11,449,000","2,983,000","881,000","5,600,000","13,200,000","2,500,000","500,000","5,900,000","14,200,000","5,400,000","3,000,000","6,900,000","13,100,000","8,800,000","3,700,000","6,800,000","11,600,000","7,800,000","2,600,000","6,600,000","25,300,000","7,000,000","2,600,000","5,500,000","9,100,000","6,500,000","2,200,000","4,500,000","7,800,000","5,500,000","1,600,000","3,500,000","5,800,000","4,500,000","1,300,000","2,700,000","4,800,000","3,400,000","800,000","2,600,000","4,800,000","3,200,000","900,000","2,500,000",,,,,,,,,,,,,,,,,
NormalizedIncome,"-27,104,584.667","-15,010,420","7,331,931.776","966,019","-20,583,088","-29,752,412","-29,965,566.419","-38,745,550","-27,613,000","-12,316,007","9,589,757.751","14,245,674","18,044,636","1,383,453.237","9,447,227.259","16,159,537","18,904,750","9,847,712","31,585,000","11,180,620","9,830,420","9,656,721","8,802,024.816","14,218,119","9,698,355","5,515,735",,"5,074,986",,"14,528,200","5,080,200","3,492,907","5,507,820","12,420,429","4,138,200","3,943,600","3,720,552","13,418,000","3,634,056.575","-4,838,450","4,977,505.108","10,649,100","6,010,650","1,251,604.752","2,822,595.724","12,499,200","3,701,079.165","-1,045,919.893","2,042,538.22","9,989,400","2,868,423.199","3,261,242.138","1,609,790.323","10,147,478.456","1,454,048.78","1,480,897.179","2,924,000","12,254,068.373","3,672,911.392","1,523,143.295","2,834,400","11,456,050","4,568,994.524","-1,323,347.607","3,192,797.347","5,445,316.94","2,505,943.287","1,122,147.648","3,058,898.365","9,206,325.031","4,632,603.825","585,400","2,697,962.02","9,693,245.298","3,450,765.488","2,059,600","4,014,600","3,602,102.615","26,532,146.935","-4,137,800","-3,658,000","2,979,800","-3,906,400","-4,376,800","-4,292,200","12,881,244.495","-7,137,200","-6,270,600","-3,775,000","2,991,200","-5,055,400","-4,101,400","-1,200,000","6,100,000","-1,220,000","-3,700,000","120,408.163","8,260,000","15,350,561.798","0","3,000,000","8,773,394.495","10,461,538.462","1,000,000","3,550,442.478","8,240,000","5,428,800","130,000","2,940,000","10,180,000","3,909,909.91","440,000","3,100,000","6,460,000","6,500,000","2,200,000","4,500,000","7,800,000","-2,329,411.765","2,080,000","3,920,000","6,220,000","4,500,000","1,300,000","2,700,000","4,800,000","3,400,000","800,000","2,600,000","4,800,000","3,200,000","900,000","2,500,000",,,,,,,,,,,,,,,,,
InterestIncome,,,,,,,,,,,,,,,,,,,,,,,,,,,,,,,,,,,,,,,,,,,,,"25,000",,,,,,,,,,,,,,,,,,,,,,,,,,,,,,,,,,,,,,,,,,,,,,,,,,,,,,,,,,,,,,,,,,,,,,,,,,,,,,,,,,,,,,,,,,,,,,,,,,,,,,,,,
InterestExpense,"17,951,000","4,092,000","4,352,000","4,600,000","4,907,000","4,843,000","6,098,000","4,132,000","3,529,000","2,516,000","2,832,000","2,807,000","3,093,000","3,059,000","3,079,000","3,180,000","3,511,000","3,309,000","2,646,000","3,367,000","3,163,000","2,924,000","2,183,000","2,127,000","2,457,000","2,409,000",,"2,382,000",,"2,401,000","2,359,000","2,326,000","2,388,000","2,404,000","2,497,000","2,585,000","2,584,000","2,394,000","2,454,000","2,464,000","2,317,000","2,074,000","2,298,000","2,323,000","2,300,000","2,351,000","2,540,000","2,583,000","2,581,000","2,658,000","2,812,000","2,768,000","2,683,000","2,972,000","3,070,000","3,455,000",,,,,,,,,,,,,,,,,,,,,,,,,,,,,,,,,,,,,,,,,,,,,,,,,,,,,,,,,,,,,,,,,,,,,,,,,,,,,,,,,,,,,,,,,,,,,,
NetInterestIncome,"-17,951,000","-4,092,000","-4,352,000","-4,600,000","-4,907,000","-4,843,000","-6,098,000","-4,132,000","-3,529,000","-2,516,000","-2,832,000","-2,807,000","-3,093,000","-3,059,000","-3,079,000","-3,180,000","-3,511,000","-3,309,000","-2,646,000","-3,367,000","-3,163,000","-2,924,000","-2,183,000","-2,127,000","-2,457,000","-2,409,000",,"-2,382,000",,"-2,401,000","-2,359,000","-2,326,000","-2,388,000","-2,404,000","-2,497,000","-2,585,000","-2,584,000","-2,394,000","-2,454,000","-2,464,000","-2,317,000","-2,074,000","-2,298,000","-2,323,000","-2,275,000","-2,351,000","-2,540,000","-2,583,000","-2,581,000","-2,658,000","-2,812,000","-2,768,000","-2,683,000","-2,972,000","-3,070,000","-3,455,000",,,,,,,,,,,,,,,,,,,,,,,,,,,,,,,,,,,,,,,,,,,,,,,,,,,,,,,,,,,,,,,,,,,,,,,,,,,,,,,,,,,,,,,,,,,,,,
EBIT,"-23,606,000","-17,359,000","14,026,000","6,509,000","-26,782,000","-34,045,000","-52,876,000","-49,816,000","-53,281,000","-23,554,000","12,541,000","21,880,000","26,939,000","4,866,000","12,676,000","22,029,000","28,430,000","16,536,000","22,125,000","21,093,000","19,239,000","17,753,000","15,602,000","25,091,000","17,796,000","11,220,000",,"10,387,000",,"26,037,000","8,065,000","6,888,000","11,177,000","22,667,000","9,700,000","5,693,000","8,092,000","24,284,000","8,340,000","5,432,000","9,757,000","20,461,000","13,900,000","3,249,000","6,322,000","23,240,000","8,098,000","-775,000","5,446,000","19,406,000","7,226,000","7,856,000","2,311,000","19,055,000","5,817,000","6,149,000","8,342,000","23,947,000","4,154,000","6,257,000","8,638,000","23,515,000","9,637,000","1,853,000","8,467,000","21,182,000","8,229,000","5,148,000","8,019,000","18,144,000","3,952,000","4,715,000","7,755,000","19,901,000","9,599,000","7,447,000","10,737,000","25,641,000","8,728,000","7,750,000","7,752,000","25,155,000","10,664,000","6,474,000","5,521,000","24,799,000","34,679,000","-5,926,000","-259,000","10,337,000","-3,845,000","-2,150,000","2,000,000","15,000,000","3,000,000","-1,600,000","3,800,000","17,800,000","29,100,000","3,100,000","8,000,000","17,300,000","21,100,000","4,800,000","8,400,000","16,100,000","10,100,000","2,500,000","7,400,000","19,700,000","8,400,000","3,100,000","7,200,000","13,300,000","-1,600,000","5,600,000","9,400,000","14,700,000","-2,200,000","5,500,000","8,700,000","12,300,000","10,100,000","4,300,000","6,700,000","10,100,000","-1,800,000","3,300,000","6,200,000","10,000,000","-1,900,000","3,000,000","5,700,000","46,900,000","-105,700,000","35,300,000","37,900,000","44,900,000","-91,800,000","34,100,000","37,100,000","42,000,000","-90,600,000","31,900,000","34,100,000","38,500,000","-82,200,000","28,900,000","32,200,000","36,100,000"
EBITDA,"47,773,000"
ReconciledCostOfRevenue,"325,343,000","87,577,000","98,040,000","82,517,000","57,209,000","36,734,000","33,335,000","29,687,000","14,423,000","109,103,000","125,545,000","122,544,000","138,636,000","104,656,000","99,128,000","93,741,000","108,427,000","97,871,000","89,761,000","79,670,000","82,415,000","88,385,000","74,097,000","73,213,000","71,218,000","70,013,000",,"60,467,000",,"76,583,000","65,932,000","68,181,000","60,359,000","64,966,000","59,199,000","63,705,000","51,796,000","62,916,000","53,953,000","53,440,000","49,780,000","58,709,000","55,674,000","51,445,000","45,390,000","61,531,000","48,360,000","49,121,000","45,210,000","57,760,000","47,991,000","54,683,000","45,588,000","56,925,000","45,673,000","51,347,000","50,761,000","58,281,000","24,795,000","53,606,000","40,274,000","53,619,000","31,029,000","45,216,000","33,226,000","49,060,000","15,072,000","42,206,000","37,458,000","46,653,000","15,623,000","38,723,000","30,095,000","45,099,000","54,634,000","54,271,000","45,686,000","60,499,000","53,411,000","51,966,000","48,003,000","59,639,000","34,912,000","49,688,000","41,675,000","51,800,000","33,579,000","50,669,000","44,025,000","51,429,000","44,490,000","42,330,000","40,300,000","51,900,000","46,200,000","47,300,000","45,800,000","51,300,000","62,900,000","37,500,000","35,000,000","42,700,000","46,900,000","33,300,000","28,600,000","33,600,000","39,800,000","29,800,000","28,800,000","31,500,000","49,400,000","33,800,000","35,400,000","38,300,000","43,400,000","30,400,000","29,900,000","33,500,000","42,400,000","26,800,000","24,500,000","27,200,000","32,200,000","26,400,000","24,500,000","27,900,000","30,000,000","24,800,000","23,400,000","26,700,000","29,900,000","22,600,000","22,800,000",,,,,,,,,,,,,,,,,
ReconciledDepreciation,"71,379,000","17,231,000","17,924,000","17,730,000","18,494,000","17,979,000","18,484,000","18,690,000","18,845,000","19,033,000","18,793,000","19,226,000","18,273,000","15,985,000","18,527,000","14,652,000","14,510,000","13,987,000","14,259,000","13,076,000","12,387,000","12,331,000","10,891,000","10,557,000","10,444,000","10,274,000",,"10,326,000",,"10,509,000","9,852,000","9,891,000","10,240,000","9,161,000","8,861,000","8,367,000","8,541,000","8,410,000","8,421,000","8,674,000","8,753,000","8,313,000","8,750,000","8,279,000","8,827,000","9,003,000","8,377,000","8,322,000","8,482,000","8,342,000","7,873,000","8,086,000","8,154,000","8,199,000","8,006,000","8,027,000","8,260,000","8,392,000","7,651,000","7,739,000","8,043,000","8,165,000","7,026,000","6,979,000","6,384,000","6,527,000","6,802,000","6,703,000","6,921,000","6,828,000","6,276,000","6,460,000","6,642,000","9,563,000","12,075,000","11,706,000","11,512,000","11,515,000","11,493,000","11,528,000","11,748,000","11,773,000","11,819,000","11,274,000","11,144,000","10,978,000","11,164,000","11,143,000","10,679,000","11,314,000","10,668,000","10,217,000","10,200,000","10,400,000","9,100,000","10,100,000","9,900,000","9,200,000","10,700,000","7,600,000","7,400,000","7,200,000","9,300,000","6,700,000","6,600,000","6,300,000","7,900,000","5,700,000","5,600,000","5,900,000","7,200,000","5,800,000","5,400,000","5,200,000","6,700,000","4,600,000","4,600,000","4,500,000","6,100,000","4,100,000","4,000,000","4,100,000","5,700,000","4,000,000","4,100,000","3,800,000","5,000,000","3,600,000","3,500,000","3,600,000","4,700,000","3,300,000","3,400,000",,,,,,,,,,,,,,,,,
NetIncomeFromContinuingOperationNetMinorityInterest,"-30,065,000","-14,902,000","6,444,000","1,759,000","-23,366,000","-28,130,000","-39,022,000","-39,440,000","-27,029,000","-19,352,000","7,802,000","14,289,000","18,066,000","1,860,000","8,720,000","16,231,000","18,619,000","9,821,000","34,441,000","10,978,000","10,124,000","9,453,000","8,742,000","14,372,000","9,336,000","5,452,000",,"4,945,000",,"14,651,000","3,249,000","3,091,000","5,223,000","12,432,000","4,254,000","4,071,000","3,245,000","13,431,000","3,475,000","-1,372,000","4,724,000","10,679,000","6,699,000","734,000","2,824,000","12,477,000","3,483,000","-2,029,000","2,084,000","10,020,000","3,029,000","3,191,000","-323,000","10,218,000","2,208,000","1,663,000","896,000","12,433,000","4,030,000","1,785,000","2,940,000","11,731,000","5,702,000","4,254,000","10,263,000","13,708,000","2,468,000","3,162,000","4,522,000","12,316,000","1,849,000","1,786,000","4,417,000","10,487,000","4,579,000","2,284,000","4,803,000","12,945,000","2,649,000","1,735,000","2,552,000","12,371,000","4,292,000","1,517,000","1,928,000","14,723,000","-2,165,000","54,000","3,779,000","11,072,000","2,918,000","533,000","5,100,000","12,700,000","2,500,000","500,000","5,900,000","14,200,000","5,400,000","3,000,000","6,900,000","13,100,000","8,800,000","3,700,000","6,800,000","11,600,000","7,800,000","2,600,000","6,600,000","25,300,000","7,000,000","2,600,000","5,500,000","9,100,000","6,500,000","2,200,000","4,500,000","7,800,000","5,500,000","1,600,000","3,500,000","5,800,000","4,500,000","1,300,000","2,700,000","4,800,000","3,400,000","800,000","2,600,000","4,800,000","3,200,000","900,000","2,500,000",,,,,,,,,,,,,,,,,
TotalUnusualItemsExcludingGoodwill,"-4,092,000","156,000","-1,333,000","861,000","-3,776,000","2,244,000","-13,687,000","-950,000","800,000","-9,419,000","-2,210,000","58,000","28,000","480,000","-800,000","83,000","-381,000","-36,000","4,760,000","-330,000","466,000","-327,000","-93,000","247,000","-595,000","-105,000",,"-206,000",,"200,000","-3,052,000","-627,000","-470,000","19,000","193,000","196,000","-772,000","20,000","-261,000","5,333,000","-394,000","46,000","1,059,000","-653,000","2,000","-37,000","-348,000","-1,627,000","57,000","51,000","234,000","-112,000","-2,226,000","111,000","938,000","295,000","-3,120,000","293,000","539,000","431,000","176,000","423,000","1,379,000","6,246,000","9,243,000","11,080,000","-45,000","2,674,000","2,117,000","4,866,000","-3,857,000","2,001,000","2,613,000","1,312,000","1,742,000","374,000","1,314,000","15,565,000","-33,837,000","9,788,000","10,350,000","15,652,000","13,664,000","9,823,000","10,367,000","2,835,000","8,287,000","10,541,000","12,590,000","13,468,000","13,289,000","7,724,000","10,500,000","11,000,000","6,200,000","7,000,000","9,600,000","9,900,000","-16,400,000","5,000,000","6,500,000","7,200,000","-2,700,000","4,500,000","5,400,000","5,600,000","3,800,000","3,800,000","6,100,000","25,200,000","4,900,000","3,600,000","4,000,000","4,400,000",,,,,"12,100,000","-800,000","-700,000","-700,000",,,,,,,,,,,,,,,,,,,,,,,,,,,,
TotalUnusualItems,"-4,092,000","156,000","-1,333,000","861,000","-3,776,000","2,244,000","-13,687,000","-950,000","800,000","-9,419,000","-2,210,000","58,000","28,000","480,000","-800,000","83,000","-381,000","-36,000","4,760,000","-330,000","466,000","-327,000","-93,000","247,000","-595,000","-105,000",,"-206,000",,"200,000","-3,052,000","-627,000","-470,000","19,000","193,000","196,000","-772,000","20,000","-261,000","5,333,000","-394,000","46,000","1,059,000","-653,000","2,000","-37,000","-348,000","-1,627,000","57,000","51,000","234,000","-112,000","-2,226,000","111,000","938,000","295,000","-3,120,000","293,000","539,000","431,000","176,000","423,000","1,379,000","6,246,000","9,243,000","11,080,000","-45,000","2,674,000","2,117,000","4,866,000","-3,857,000","2,001,000","2,613,000","1,312,000","1,742,000","374,000","1,314,000","15,565,000","-33,837,000","9,788,000","10,350,000","15,652,000","13,664,000","9,823,000","10,367,000","2,835,000","8,287,000","10,541,000","12,590,000","13,468,000","13,289,000","7,724,000","10,500,000","11,000,000","6,200,000","7,000,000","9,600,000","9,900,000","-16,400,000","5,000,000","6,500,000","7,200,000","-2,700,000","4,500,000","5,400,000","5,600,000","3,800,000","3,800,000","6,100,000","25,200,000","4,900,000","3,600,000","4,000,000","4,400,000",,,,,"12,100,000","-800,000","-700,000","-700,000",,,,,,,,,,,,,,,,,,,,,,,,,,,,
NormalizedEBITDA,"51,865,000","-284,000","33,283,000","23,378,000","-4,512,000","-18,310,000","-20,705,000","-30,176,000","-35,236,000","4,898,000","33,544,000","41,048,000","45,184,000","20,371,000","32,003,000","36,598,000","43,321,000","30,559,000","31,624,000","34,499,000","31,160,000","30,411,000","26,586,000","35,401,000","28,835,000","21,599,000",,"20,919,000",,"36,346,000","20,969,000","17,406,000","21,887,000","31,809,000","18,368,000","13,864,000","17,405,000","32,674,000","17,022,000","8,773,000","18,904,000","28,728,000","21,591,000","12,181,000","15,230,000","32,280,000","16,823,000","9,341,000","13,871,000","27,697,000","15,200,000","16,054,000","12,691,000","27,143,000","12,885,000","13,881,000","19,722,000","32,046,000","11,266,000","13,565,000","16,505,000","31,257,000","15,920,000","2,586,000","5,608,000","16,629,000","15,076,000","9,177,000","12,823,000","20,106,000","14,085,000","9,174,000","11,784,000","28,152,000","19,932,000","18,779,000","20,935,000","21,591,000","54,058,000","9,490,000","9,150,000","21,276,000","8,819,000","7,925,000","6,298,000","32,942,000","37,556,000","-5,324,000","-2,170,000","8,183,000","-6,466,000","343,000","1,700,000","14,400,000","5,900,000","1,500,000","4,100,000","17,100,000","56,200,000","5,700,000","8,900,000","17,300,000","33,100,000","7,000,000","9,600,000","16,800,000","14,200,000","4,400,000","7,000,000","400,000","10,700,000","5,300,000","8,600,000","14,100,000","5,100,000","10,200,000","14,100,000","19,200,000","-8,200,000","10,400,000","13,400,000","17,100,000","15,800,000","8,300,000","10,800,000","13,900,000","3,200,000","6,900,000","9,700,000","13,600,000","2,800,000","6,300,000","9,100,000","46,900,000","-105,700,000","35,300,000","37,900,000","44,900,000","-91,800,000","34,100,000","37,100,000","42,000,000","-90,600,000","31,900,000","34,100,000","38,500,000","-82,200,000","28,900,000","32,200,000","36,100,000"
TaxRateForCalcs,"0.277","0.305","0.334","0.079","0.263","0.277","0.338","0.269","0.27","0.253","0.191","0.253","0.237","0.007","0.091","0.139","0.25","0.258","0.4","0.386","0.37","0.377","0.355","0.377","0.391","0.393",,"0.369",,"0.386","0.4","0.359","0.394","0.391","0.4","0.35","0.384","0.35","0.391","0.35","0.357","0.35","0.35","0.207","0.298","0.4","0.373","0.396","0.273","0.4","0.314","0.373","0.132","0.365","0.196","0.383","0.35","0.389","0.337","0.392","0.4","0.35","0.178","0.107","0.235","0.254","0.157","0.237","0.309","0.361","0.278","0.4","0.342","0.395","0.352","0.4","0.4","0.4","0.294","0.4","0.4","0.4","0.4","0.4","0.4","0.35","0.4","0.4","0.4","0.4","0.4","0.4","0.4","0.4","0.4","0.4","0.398","0.4","0.393","0.4","0.4","0.399","0.385","0.4","0.398","0.4","0.376","0.35","0.4","0.4","0.369","0.4","0.4","0.4","0.343","0.4","0.392","0.4","0.353","0.4","0.4","0.4","0.392","0.4","0.4","0.392","0.346","0.4","0.395","0.385","0.22","0.357","0.39",,,,,,,,,,,,,,,,,
TaxEffectOfUnusualItems,"-1,131,584.667","47,580","-445,068.224","68,019","-993,088","621,588","-4,630,566.419","-255,550","216,000","-2,383,007","-422,242.249","14,674","6,636","3,453.237","-72,772.741","11,537","-95,250","-9,288","1,904,000","-127,380","172,420","-123,279","-32,975.184","93,119","-232,645","-41,265",,"-76,014",,"77,200","-1,220,800","-225,093","-185,180","7,429","77,200","68,600","-296,448","7,000","-101,943.425","1,866,550","-140,494.892","16,100","370,650","-135,395.248","595.724","-14,800","-129,920.835","-643,919.893","15,538.22","20,400","73,423.199","-41,757.862","-293,209.677","40,478.456","184,048.78","112,897.179","-1,092,000","114,068.373","181,911.392","169,143.295","70,400","148,050","245,994.524","668,652.393","2,172,797.347","2,817,316.94","-7,056.713","634,147.648","653,898.365","1,756,325.031","-1,073,396.175","800,400","893,962.02","518,245.298","613,765.488","149,600","525,600","6,222,102.615","-9,953,853.065","3,915,200","4,140,000","6,260,800","5,465,600","3,929,200","4,146,800","993,244.495","3,314,800","4,216,400","5,036,000","5,387,200","5,315,600","3,089,600","4,200,000","4,400,000","2,480,000","2,800,000","3,820,408.163","3,960,000","-6,449,438.202","2,000,000","2,600,000","2,873,394.495","-1,038,461.538","1,800,000","2,150,442.478","2,240,000","1,428,800","1,330,000","2,440,000","10,080,000","1,809,909.91","1,440,000","1,600,000","1,760,000","0","0","0","0","4,270,588.235","-320,000","-280,000","-280,000","0","0","0","0","0","0","0","0","0","0","0",,,,,,,,,,,,,,,,,