name,ttm,03/31/2022,12/31/2021,09/30/2021,06/30/2021,03/31/2021,12/31/2020,09/30/2020,06/30/2020,03/31/2020,12/31/2019,09/30/2019,06/30/2019,03/31/2019,12/31/2018,09/30/2018,06/30/2018,03/31/2018,12/31/2017,09/30/2017,06/30/2017,03/31/2017,12/31/2016,09/30/2016,06/30/2016,03/31/2016,12/31/2015,09/30/2015,06/30/2015,03/31/2015,12/31/2014,09/30/2014,06/30/2014,03/31/2014,12/31/2013,09/30/2013,06/30/2013,03/31/2013,12/31/2012,09/30/2012,06/30/2012,03/31/2012,12/31/2011,09/30/2011,06/30/2011,03/31/2011,12/31/2010,09/30/2010,06/30/2010,03/31/2010,12/31/2009,09/30/2009,06/30/2009,03/31/2009,12/31/2008,09/30/2008,06/30/2008,03/31/2008,12/31/2007,09/30/2007,06/30/2007,03/31/2007,12/31/2006,09/30/2006,06/30/2006,03/31/2006,12/31/2005,09/30/2005,06/30/2005,03/31/2005,12/31/2004,09/30/2004,06/30/2004,03/31/2004,12/31/2003,09/30/2003,06/30/2003,03/31/2003,12/31/2002,09/30/2002,06/30/2002,03/31/2002,12/31/2001,09/30/2001,06/30/2001,03/31/2001,12/31/2000,09/30/2000,06/30/2000,03/31/2000,12/31/1999,09/30/1999,06/30/1999,03/31/1999,12/31/1998,09/30/1998,06/30/1998,03/31/1998,12/31/1997,09/30/1997,06/30/1997,03/31/1997,12/31/1996,09/30/1996,06/30/1996,03/31/1996,12/31/1995,09/30/1995,06/30/1995,03/31/1995,12/31/1994,09/30/1994,06/30/1994,03/31/1994
TotalRevenue,"1,946,667,000","482,229,000","498,530,000","492,949,000","472,959,000","446,753,000","416,630,000","460,635,000","509,203,000","845,918,000","905,375,000","888,675,000","868,309,000","851,183,000","932,696,000","896,652,000","915,918,000","901,857,000","910,820,000","868,951,000","842,944,000","835,597,000","830,770,000","828,006,000","771,759,000","752,624,000","741,740,000","722,273,000","676,588,000","639,395,000","650,524,000","626,506,000","595,544,000","566,338,000","567,387,000","554,730,000","529,180,000","502,715,000","471,332,000","473,134,000","449,530,000","422,616,000","404,898,000","407,665,000","393,402,000","382,283,000","368,480,000","351,058,000","349,094,000","332,927,000","333,288,000","331,276,000","319,815,000","303,885,000","297,815,000","267,185,000","257,704,000","245,573,000","239,502,000","236,876,000","226,810,000","214,456,000","211,313,000","215,755,000","203,807,000","187,679,000","177,695,000","178,099,000","173,756,000","164,150,000","160,993,000","158,333,000","152,187,000","148,116,000","145,782,000","145,514,000","133,701,000","126,200,000","119,473,000","122,502,000","116,223,000","107,282,000","104,754,000","102,784,000","83,137,000","63,920,000","64,216,000","64,272,000","55,178,000","59,409,000","58,500,000","57,900,000","56,800,000","53,800,000","52,100,000","49,400,000","46,100,000","37,800,000","36,800,000","34,400,000","30,600,000","27,000,000","24,500,000","22,400,000","17,800,000","16,100,000","13,400,000","12,500,000","9,000,000","9,000,000","8,200,000","8,100,000","8,100,000","8,100,000"
	OperatingRevenue,"1,912,777,000","469,561,000","479,017,000","492,345,000","471,854,000","438,129,000","411,673,000","444,122,000","493,611,000","838,982,000","899,547,000","882,682,000","862,266,000","844,306,000","879,229,000","845,111,000","915,918,000","901,857,000","910,820,000","868,951,000","842,944,000","835,597,000","8,294,800,000","828,006,000","771,759,000","752,624,000","741,740,000","722,273,000","676,588,000","639,395,000","650,524,000","626,506,000","595,544,000","566,338,000","567,387,000","554,730,000","529,180,000","502,715,000","471,332,000","473,134,000","449,530,000","422,616,000","404,898,000","407,665,000","393,402,000","382,283,000","368,480,000","351,058,000","349,094,000","332,927,000","333,288,000","331,276,000","319,815,000","303,885,000","297,815,000","267,185,000","257,704,000","245,573,000","239,502,000","236,876,000","226,810,000","214,456,000","211,313,000","215,755,000","203,807,000","187,679,000","177,695,000","178,099,000","173,756,000","164,150,000","160,993,000","158,333,000","152,187,000","148,116,000","145,782,000","145,514,000","133,701,000","126,200,000","119,473,000","122,502,000","116,223,000","107,282,000","104,754,000","102,784,000","83,137,000","63,920,000","64,216,000","64,272,000","55,178,000","59,409,000","58,500,000","57,900,000","56,800,000","53,800,000","52,100,000","49,400,000","46,100,000","37,800,000","36,800,000","34,400,000","30,600,000","27,000,000","24,500,000","22,400,000","17,800,000","16,100,000","13,400,000","12,500,000","9,000,000","9,000,000","8,200,000","8,100,000","8,100,000","8,100,000"
CostOfRevenue,"1,428,369,000","371,644,000","360,627,000","354,881,000","341,217,000","341,224,000","309,007,000","332,344,000","370,691,000","677,985,000","679,977,000","657,259,000","636,978,000","647,330,000","686,442,000","655,876,000","652,813,000","662,485,000","649,808,000","615,973,000","592,290,000","600,181,000","565,689,000","553,473,000","511,617,000","518,857,000","487,238,000","474,040,000","447,681,000","443,026,000","427,895,000","416,364,000","394,682,000","393,457,000","377,343,000","366,324,000","351,338,000","348,701,000","309,947,000","309,636,000","293,907,000","289,246,000","263,277,000","263,405,000","251,545,000","258,984,000","237,246,000","225,864,000","222,824,000","226,497,000","213,193,000","211,329,000","204,554,000","206,649,000","194,969,000","170,944,000","161,225,000","161,074,000","539,485,000","9,395,000","136,266,000","139,845,000","129,231,000","128,928,000","123,023,000","7,802,000","7,569,000","7,015,000","6,844,000","6,250,000","7,048,000","5,895,000","5,960,000","5,351,000","5,027,000","4,778,000","4,718,000","4,065,000","4,351,000","3,997,000","3,954,000","3,489,000",,"10,160,000","8,819,000","6,857,000","7,275,000","7,002,000","6,677,000","5,721,000","5,700,000","5,800,000","5,100,000","4,500,000","4,400,000","3,600,000","3,400,000","2,700,000","2,900,000","2,500,000","2,400,000",,"2,100,000","1,700,000","1,300,000","1,200,000",,,,,,,,
GrossProfit,"518,298,000","110,585,000","137,903,000","138,068,000","131,742,000","105,529,000","107,623,000","128,291,000","138,512,000","167,933,000","225,398,000","231,416,000","231,331,000","203,853,000","246,254,000","240,776,000","263,105,000","239,372,000","261,012,000","252,978,000","250,654,000","235,416,000","265,081,000","274,533,000","260,142,000","233,767,000","254,502,000","248,233,000","228,907,000","196,369,000","222,629,000","210,142,000","200,862,000","172,881,000","190,044,000","188,406,000","177,842,000","154,014,000","161,385,000","163,498,000","155,623,000","133,370,000","141,621,000","144,260,000","141,857,000","123,299,000","131,234,000","125,194,000","126,270,000","106,430,000","120,095,000","119,947,000","115,261,000","97,236,000","102,846,000","96,241,000","96,479,000","84,499,000","-299,983,000","227,481,000","90,544,000","74,611,000","82,082,000","86,827,000","80,784,000","179,877,000","170,126,000","171,084,000","166,912,000","157,900,000","153,945,000","152,438,000","146,227,000","142,765,000","140,755,000","140,736,000","128,983,000","122,135,000","115,122,000","118,505,000","112,269,000","103,793,000",,"92,624,000","74,318,000","57,063,000","56,941,000","57,270,000","48,501,000","53,688,000","52,800,000","52,100,000","51,700,000","49,300,000","47,700,000","45,800,000","42,700,000","35,100,000","33,900,000","31,900,000","28,200,000",,"22,400,000","20,700,000","16,500,000","14,900,000",,,,,,,,
OperatingExpense,"291,013,000","70,056,000","66,840,000","75,043,000","79,074,000","74,547,000","62,363,000","73,541,000","92,067,000","123,908,000","116,336,000","121,964,000","123,349,000","121,854,000","142,680,000","131,614,000","134,426,000","134,939,000","135,309,000","126,546,000","128,750,000","129,379,000","122,303,000","117,642,000","112,357,000","109,534,000","103,542,000","97,103,000","87,950,000","81,548,000","81,543,000","71,999,000","71,190,000","68,784,000","66,127,000","65,115,000","64,471,000","62,462,000","58,362,000","56,125,000","55,887,000","53,982,000","50,112,000","49,223,000","48,734,000","47,579,000","45,348,000","43,820,000","44,170,000","42,879,000","40,911,000","41,604,000","40,482,000","40,613,000","37,464,000","34,045,000","33,955,000","32,572,000","-360,979,000","164,339,000","32,305,000","36,088,000","31,284,000","30,279,000","27,224,000","142,069,000","140,471,000","126,271,000","123,035,000","128,579,000","113,751,000","110,892,000","105,824,000","108,685,000","102,062,000","102,534,000","96,557,000","94,567,000","84,422,000","87,235,000","84,386,000","81,571,000","111,372,000","72,877,000","61,849,000","50,058,000","48,318,000","48,898,000","47,673,000","46,639,000","43,200,000","42,500,000","38,300,000","37,100,000","33,700,000","32,700,000","30,700,000","25,300,000","23,600,000","23,200,000","20,800,000","20,500,000","16,500,000","15,000,000","11,800,000","11,000,000","6,500,000","9,300,000",,,,,,
	SellingGeneralAndAdministration,"258,128,000","61,287,000","58,981,000","66,892,000","70,968,000","66,516,000","54,671,000","66,346,000","77,674,000","105,235,000","96,926,000","102,356,000","103,540,000","101,821,000","112,789,000","102,905,000","107,908,000","108,776,000","108,895,000","101,430,000","103,015,000","103,765,000","97,049,000","93,457,000","92,116,000","89,950,000","85,393,000","80,185,000","72,401,000","67,936,000","67,641,000","60,643,000","60,829,000","58,414,000","55,636,000","54,654,000","54,601,000","53,318,000","50,271,000","48,200,000","48,200,000","46,869,000","42,846,000","43,010,000","42,702,000","41,798,000","39,505,000","37,499,000","39,164,000","38,099,000","36,569,000","37,648,000","36,295,000","36,650,000","33,444,000","30,749,000","31,016,000","29,756,000","-363,057,000","161,762,000","29,839,000","33,615,000","28,874,000","27,971,000","24,820,000","139,721,000","138,071,000","123,932,000","120,506,000","125,932,000","111,397,000","108,594,000","103,487,000","106,322,000","99,705,000","100,039,000","94,654,000","92,917,000","82,734,000","85,715,000","82,923,000","80,106,000","104,960,000","66,533,000","56,746,000","46,480,000","44,757,000","45,420,000","44,238,000","43,303,000","39,900,000","39,300,000","35,300,000","34,400,000","31,200,000","30,300,000","28,600,000","23,600,000","22,200,000","21,900,000","19,800,000","19,700,000","15,800,000","14,500,000","11,500,000","10,800,000","6,300,000","9,200,000",,,,,,
		GeneralAndAdministrativeExpense,"258,128,000","61,287,000","58,981,000","66,892,000","70,968,000","66,516,000","54,671,000","66,346,000","77,674,000","105,235,000","96,926,000","102,356,000","103,540,000","101,821,000","112,789,000","102,905,000","107,908,000","108,776,000","108,895,000","101,430,000","103,015,000","103,765,000","97,049,000","93,457,000","92,116,000","89,950,000","85,393,000","80,185,000","72,401,000","67,936,000","67,641,000","60,643,000","60,829,000","58,414,000","55,636,000","54,654,000","54,601,000","53,318,000","50,271,000",,,,,,,,,,,,,,,,,,,,,,,,,,,,,,,,,,,,,,,,,,,,,,,,,,,,,,,,,,,,,,,,,,,,,,,,,,,
			OtherGandA,"258,128,000","61,287,000","58,981,000","66,892,000","70,968,000","66,516,000","54,671,000","66,346,000","77,674,000","105,235,000","96,926,000","102,356,000","103,540,000","101,821,000","112,789,000","102,905,000","107,908,000","108,776,000","108,895,000","101,430,000","103,015,000","103,765,000","97,049,000","93,457,000","92,116,000","89,950,000","85,393,000","80,185,000","72,401,000","67,936,000","67,641,000","60,643,000","60,829,000","58,414,000","55,636,000","54,654,000","54,601,000","53,318,000","50,271,000",,,,,,,,,,,,,,,,,,,,,,,,,,,,,,,,,,,,,,,,,,,,,,,,,,,,,,,,,,,,,,,,,,,,,,,,,,,
	DepreciationAmortizationDepletionIncomeStatement,"32,885,000","8,769,000","7,859,000","8,151,000","8,106,000","8,031,000","7,692,000","7,195,000","14,393,000","18,673,000","19,410,000","19,608,000","19,809,000","20,033,000","29,891,000","28,709,000","26,518,000","26,163,000","26,414,000","25,116,000","25,735,000","25,614,000","25,254,000","24,185,000","20,241,000","19,584,000","18,149,000","16,918,000","15,549,000","13,612,000","13,902,000","11,356,000","10,361,000","10,370,000","10,491,000","10,461,000","9,870,000","9,144,000","8,091,000","7,925,000","7,687,000","7,113,000","7,266,000","6,213,000","6,032,000","5,781,000","5,843,000","6,321,000","5,006,000","4,780,000","4,342,000","3,956,000","4,187,000","3,963,000","4,020,000","3,296,000","2,939,000","2,816,000","2,078,000","2,577,000","2,466,000","2,473,000","2,410,000","2,308,000","2,404,000","2,348,000","2,400,000","2,339,000","2,529,000","2,647,000","2,354,000","2,298,000","2,337,000","2,363,000","2,357,000","2,495,000","1,903,000","1,650,000","1,688,000","1,520,000","1,463,000","1,465,000","6,412,000","6,344,000","5,103,000","3,578,000","3,561,000","3,478,000","3,435,000","3,336,000","3,300,000","3,200,000","3,000,000","2,700,000","2,500,000","2,400,000","2,100,000","1,700,000","1,400,000","1,300,000","1,000,000","800,000","700,000","500,000","300,000","200,000","200,000","100,000",,,,,,
		DepreciationAndAmortizationInIncomeStatement,"32,885,000","8,769,000","7,859,000","8,151,000","8,106,000","8,031,000","7,692,000","7,195,000","14,393,000","18,673,000","19,410,000","19,608,000","19,809,000","20,033,000","29,891,000","28,709,000","26,518,000","26,163,000","26,414,000","25,116,000","25,735,000","25,614,000","25,254,000","24,185,000","20,241,000","19,584,000","18,149,000","16,918,000","15,549,000","13,612,000","13,902,000","11,356,000","10,361,000","10,370,000","10,491,000","10,461,000","9,870,000","9,144,000","8,091,000","7,925,000","7,687,000","7,113,000","7,266,000","6,213,000","6,032,000","5,781,000","5,843,000","6,321,000","5,006,000","4,780,000","4,342,000","3,956,000","4,187,000","3,963,000","4,020,000","3,296,000","2,939,000","2,816,000","2,078,000","2,577,000","2,466,000","2,473,000","2,410,000","2,308,000","2,404,000","2,348,000","2,400,000","2,339,000","2,529,000","2,647,000","2,354,000","2,298,000","2,337,000","2,363,000","2,357,000","2,495,000","1,903,000","1,650,000","1,688,000","1,520,000","1,463,000","1,465,000","6,412,000","6,344,000","5,103,000","3,578,000","3,561,000","3,478,000","3,435,000","3,336,000","3,300,000","3,200,000","3,000,000","2,700,000","2,500,000","2,400,000","2,100,000","1,700,000","1,400,000","1,300,000","1,000,000","800,000","700,000","500,000","300,000","200,000","200,000","100,000",,,,,,
OperatingIncome,"227,285,000","40,529,000","71,063,000","63,025,000","52,668,000","30,982,000","45,260,000","54,750,000","46,445,000","44,025,000","109,062,000","109,452,000","107,982,000","81,999,000","103,574,000","109,162,000","128,679,000","104,433,000","125,703,000","126,432,000","121,904,000","106,037,000","142,778,000","156,891,000","147,785,000","124,233,000","150,960,000","151,130,000","140,957,000","114,821,000","141,086,000","138,143,000","129,672,000","104,097,000","123,917,000","123,291,000","113,371,000","91,552,000","103,023,000","107,373,000","99,736,000","79,388,000","91,509,000","95,037,000","93,123,000","75,720,000","85,886,000","81,374,000","82,100,000","63,551,000","79,184,000","78,343,000","74,779,000","56,623,000","65,382,000","62,196,000","62,524,000","51,927,000","60,996,000","63,142,000","58,239,000","38,523,000","50,798,000","56,548,000","53,560,000","37,808,000","29,655,000","44,813,000","43,877,000","29,321,000","40,194,000","41,546,000","40,403,000","34,080,000","38,693,000","38,202,000","32,426,000","27,568,000","30,700,000","31,270,000","27,883,000","22,222,000","19,218,000","19,747,000","12,469,000","7,005,000","8,623,000","8,372,000","828,000","7,049,000","9,600,000","9,600,000","13,400,000","12,200,000","14,000,000","13,100,000","12,000,000","9,800,000","10,300,000","8,700,000","7,400,000","6,500,000","5,900,000","5,700,000","4,700,000","3,900,000","3,400,000","3,200,000","9,000,000","9,000,000","-15,500,000","8,100,000","8,100,000","8,100,000"
NetNonOperatingInterestIncomeExpense,"-62,895,000","-11,818,000","-16,603,000","-17,595,000","-16,879,000","-17,645,000","-27,302,000","-27,250,000","-28,265,000","-27,608,000","-27,677,000","-29,901,000","-31,080,000","-30,723,000","-25,448,000","-21,782,000","-21,604,000","-19,935,000","-19,844,000","-18,428,000","-18,535,000","-17,752,000","-16,356,000","-17,215,000","-15,058,000","-14,463,000","-8,493,000","-6,201,000","-5,149,000","-3,267,000","-3,313,000","-2,019,000","-2,188,000","-1,371,000","-1,046,000","-1,507,000","-1,673,000","-1,189,000","-2,434,000","-202,000","-848,000","-554,000","-684,000","-1,056,000","-988,000","-911,000","-884,000","-481,000","-1,118,000","-710,000","-506,000","-570,000","-824,000","-1,011,000",,,,,,,,,,,,,,,,,,,,,,,,,,,,,,,,,,,,,,,,,,,,,,,,,,,,,,,,,,,,
	InterestIncomeNonOperating,,,,,,,,,,,,,,,,,,,,,,,,,,,,,,,,,,,,,,,,"422,000",,,,,,,,,,,,,,,,,,,,,,,,,,,,,,,,,,,,,,,,,,,,,,,,,,,,,,,,,,,,,,,,,,,,,,,,,,
	InterestExpenseNonOperating,"62,895,000","11,818,000","16,603,000","17,595,000","16,879,000","17,645,000","27,302,000","27,250,000","28,265,000","27,608,000","27,677,000","29,901,000","31,080,000","30,723,000","25,448,000","21,782,000","21,604,000","19,935,000","19,844,000","18,428,000","18,535,000","17,752,000","16,356,000","17,215,000","15,058,000","14,463,000","8,493,000","6,201,000","5,149,000","3,267,000","3,313,000","2,019,000","2,188,000","1,371,000","1,046,000","1,507,000","1,673,000","1,189,000","1,219,000","624,000","848,000","554,000","684,000","1,056,000","988,000","911,000","884,000","481,000","1,118,000","710,000","506,000","570,000","824,000","1,011,000",,,,,,,,,,,,,,,,,,,,,,,,,,,,,,,,,,,,,,,,,,,,,,,,,,,,,,,,,,,,
OtherIncomeExpense,"-57,897,000","-57,057,000","-945,000","-1,996,000","2,101,000","-12,948,000","-7,602,000","-23,475,000","-7,207,000","-30,241,000","-40,578,000","-1,465,585,000","-24,270,000","-661,000","3,244,000","3,068,000","2,459,000","2,989,000","2,483,000","-5,000","1,054,000","1,373,000","1,576,000","1,017,000","1,199,000","1,412,000","1,528,000","1,351,000","1,129,000","963,000","1,100,000","1,288,000","485,000","1,635,000","526,000","372,000","396,000","402,000","681,000",,"365,000","428,000","504,000","337,000","329,000","325,000","327,000","438,000","265,000","404,000","382,000","430,000","429,000","441,000","537,000","487,000","645,000","1,313,000","1,209,000","2,121,000","1,661,000","1,864,000","1,735,000","1,173,000","478,000",,"534,000","267,000",,,"539,000","96,000","112,000",,"186,000","76,000","81,000",,,,,,,"100,000",,,"146,000","58,000","74,000",,"100,000","100,000","100,000","100,000","100,000",,,"400,000","400,000","400,000","600,000","700,000","500,000","500,000","400,000","500,000","400,000","100,000",,,,,,
	GainOnSaleOfSecurity,"8,560,000","875,000","1,823,000","1,686,000","4,176,000","5,967,000","4,849,000","10,534,000","3,851,000","-679,000","1,429,000","1,373,000","1,222,000","1,647,000","967,000","1,302,000","1,202,000","1,464,000","2,777,000","235,000","365,000","576,000","770,000","221,000","410,000","618,000","751,000","567,000","384,000","142,000","195,000","563,000","335,000","1,635,000","526,000","372,000","396,000","402,000","681,000",,,,,,,,,,,,,,,,,,,,,,,,,,,,,,,,,,,,,,,,,,,,,,,,,,,,,,,,,,,,,,,,,,,,,,,,,,,
	EarningsFromEquityInterest,"1,922,000","505,000","290,000","550,000","577,000","495,000","504,000","282,000","479,000","1,345,000","2,304,000","2,249,000","1,990,000","1,236,000","2,277,000","1,766,000","1,257,000","1,525,000","-294,000","-240,000","689,000","797,000","806,000","796,000","789,000","794,000","777,000","784,000","745,000","821,000","905,000","725,000","150,000",,,,,,,,,,,,,,,,,,,,,,,,,,,,,,,,,,,,,,,,,,,,,,,,,,,,,,,,,,,,,,,,,,,,,,,,,,,,,,,,,
	SpecialIncomeCharges,"-68,379,000","-58,437,000","-3,058,000","-4,232,000","-2,652,000","-19,410,000","-12,955,000","-34,291,000","-11,537,000","-30,907,000","-44,311,000","-1,469,207,000","-27,482,000","-3,544,000",,,,,,,,,,,,,,,,,,,,,,,,,,,"365,000","428,000","504,000","337,000","329,000","325,000","327,000","438,000","265,000","404,000","382,000","430,000","429,000","441,000","537,000","487,000","645,000","1,313,000","1,209,000","2,121,000","1,661,000","1,864,000","1,735,000","1,173,000","478,000",,"534,000","267,000",,,"539,000","96,000","112,000",,"186,000","76,000","81,000",,,,,,,"100,000",,,"146,000","58,000","74,000",,"100,000","100,000","100,000","100,000","100,000",,,"400,000","400,000","400,000","600,000","700,000","500,000","500,000","400,000","500,000","400,000","100,000",,,,,,
		RestructuringAndMergernAcquisition,"18,643,000","1,421,000","3,058,000","4,232,000","9,932,000","4,878,000","12,955,000","34,291,000","11,537,000","30,907,000","44,311,000","19,992,000","27,482,000","3,544,000",,,,,,,,,,,,,,,,,,,,,,,,,,,,,,,,,,,,,,,,,,,,,,,,,,,,,,,,,,,,,,,,,,,,,,,,,,,,,,,,,,,,,,,,,,,,,,,,,,,,
		ImpairmentOfCapitalAssets,,,,,,,,,,,"0","1,449,215,000",,,,,,,,,,,,,,,,,,,,,,,,,,,,,,,,,,,,,,,,,,,,,,,,,,,,,,,,,,,,,,,,,,,,,,,,,,,,,,,,,,,,,,,,,,,,,,,,,,,,,,
		OtherSpecialCharges,"57,016,000","57,016,000","0",,,"14,532,000",,,,,,,,,,,,,,,,,,,,,,,,,,,,,,,,,,,,,,,,,,,,,,,,,,,,,,,,,,,,,,,,,,,,,,,,,,,,,,,,,,,,,,,,,,,,,,,,,,,,,,,,,,,,
		GainOnSaleOfPPE,,,"0","0","7,280,000",,,,,,,,,,,,,,,,,,,,,,,,,,,,,,,,,,,,,,,,,,,,,,,,,,,,,,,,,,,,,,,,,,,,,,,,,,,,,,,,,,,,,,,,,,,,,,,,,,,,,,,,,,,,,
PretaxIncome,"106,493,000","-28,346,000","53,515,000","43,434,000","37,890,000","389,000","10,356,000","4,025,000","10,973,000","-13,824,000","40,807,000","-1,386,034,000","52,632,000","50,615,000","81,370,000","90,448,000","109,534,000","87,487,000","108,342,000","107,999,000","104,423,000","89,658,000","127,998,000","140,693,000","133,926,000","111,182,000","143,995,000","146,280,000","136,937,000","112,517,000","138,873,000","137,412,000","127,969,000","104,361,000","123,397,000","122,156,000","112,094,000","90,765,000","102,485,000","107,171,000","99,253,000","79,262,000","91,329,000","94,318,000","92,464,000","75,134,000","85,329,000","81,331,000","81,247,000","63,245,000","79,060,000","78,203,000","74,384,000","56,053,000","64,172,000","61,557,000","62,834,000","52,855,000","61,946,000","65,116,000","59,778,000","40,166,000","52,443,000","57,599,000","53,627,000","37,849,000","29,980,000","44,713,000","43,230,000","28,658,000","40,292,000","41,344,000","40,215,000","33,970,000","38,649,000","37,861,000","32,072,000","27,417,000","30,624,000","31,203,000","27,818,000","22,092,000","18,851,000","19,052,000","11,754,000","6,553,000","7,951,000","7,479,000","-113,000","6,142,000","8,800,000","8,800,000","13,000,000","12,100,000","13,700,000","12,700,000","11,800,000","10,200,000","10,500,000","9,200,000","8,000,000","7,200,000","6,600,000","6,100,000","5,000,000","4,300,000","3,900,000","3,300,000",,,,,,
TaxProvision,"24,795,000","-7,401,000","13,239,000","11,594,000","7,363,000","-4,955,000","5,869,000","6,677,000","3,373,000","2,286,000","7,824,000","-125,788,000","17,116,000","8,962,000","21,156,000","24,873,000","30,122,000","24,059,000","-27,761,000","42,119,000","40,725,000","34,967,000","49,919,000","44,272,000","51,601,000","43,411,000","51,581,000","55,640,000","52,889,000","43,928,000","50,593,000","51,174,000","48,944,000","40,701,000","44,423,000","45,198,000","42,876,000","35,398,000","36,382,000","41,261,000","38,709,000","30,912,000","32,970,000","36,077,000","36,523,000","29,678,000","31,529,000","20,061,000","31,889,000","24,982,000","28,659,000","30,069,000","31,167,000","22,001,000","25,187,000","24,161,000","24,662,000","20,726,000","23,382,000","25,558,000","23,463,000","14,584,000","20,028,000","22,434,000","20,169,000","14,099,000","14,110,000","16,656,000","16,103,000","10,675,000","14,507,000","15,401,000","14,980,000","12,654,000","14,678,000","14,388,000","12,187,000","10,418,000","11,637,000","11,857,000","10,851,000","8,616,000","8,703,000","8,733,000","5,397,000","2,949,000","3,881,000","3,650,000","178,000","2,764,000","3,800,000","3,800,000","5,200,000","4,800,000","5,500,000","5,100,000","4,700,000","4,100,000","4,200,000","3,700,000","3,200,000","2,900,000","2,700,000","2,500,000","2,000,000","1,700,000","1,600,000","1,300,000",,,,,,
NetIncomeCommonStockholders,"92,134,000","-21,188,000","47,516,000","30,795,000","35,011,000","17,642,000","-64,296,000","-41,044,000","-672,436,000","-18,712,000","9,331,000","-1,255,916,000","-8,245,000","-242,872,000","60,214,000","65,575,000","79,412,000","63,428,000","136,103,000","65,880,000","63,698,000","54,691,000","78,079,000","96,509,000","82,427,000","67,899,000","92,702,000","90,781,000","84,130,000","68,707,000","88,398,000","86,207,000","79,016,000","63,660,000","78,974,000","76,958,000","69,218,000","55,367,000","66,103,000","65,910,000","60,544,000","48,350,000","58,359,000","58,241,000","55,941,000","45,456,000","53,800,000","61,270,000","49,358,000","38,263,000","50,401,000","48,134,000","43,217,000","34,052,000","38,985,000","37,396,000","39,330,000","55,806,000","41,267,000","39,558,000","36,315,000","25,582,000","32,415,000","35,165,000","33,458,000","23,750,000","15,870,000","28,057,000","27,127,000","17,983,000","25,785,000","25,943,000","25,235,000","21,316,000","23,971,000","23,473,000","19,885,000","16,999,000","18,987,000","19,346,000","16,967,000","13,476,000","10,148,000","10,319,000","6,357,000","3,604,000","4,070,000","3,829,000","-291,000","3,378,000","5,000,000","5,000,000","7,800,000","7,300,000","8,200,000","7,600,000","7,100,000","6,100,000","6,300,000","5,500,000","4,800,000","4,300,000","3,900,000","3,600,000","3,000,000","2,600,000","2,300,000","2,000,000","1,200,000","1,200,000","1,300,000","1,400,000","1,400,000","1,400,000"
	NetIncome,"92,134,000","-21,188,000","47,516,000","30,795,000","35,011,000","17,642,000","-64,296,000","-41,044,000","-672,436,000","-18,712,000","9,331,000","-1,255,916,000","-8,245,000","-242,872,000","60,214,000","65,575,000","79,412,000","63,428,000","136,103,000","65,880,000","63,698,000","54,691,000","78,079,000","96,509,000","82,427,000","67,899,000","92,702,000","90,781,000","84,130,000","68,707,000","88,398,000","86,207,000","79,016,000","63,660,000","78,974,000","76,958,000","69,218,000","55,367,000","66,103,000","65,910,000","60,544,000","48,350,000","58,359,000","58,241,000","55,941,000","45,456,000","53,800,000","61,270,000","49,358,000","38,263,000","50,401,000","48,134,000","43,217,000","34,052,000","38,985,000","37,396,000","39,330,000","55,806,000","41,267,000","39,558,000","36,315,000","25,582,000","32,415,000","35,165,000","33,458,000","23,750,000","15,870,000","28,057,000","27,127,000","17,983,000","25,785,000","25,943,000","25,235,000","21,316,000","23,971,000","23,473,000","19,885,000","16,999,000","18,987,000","19,346,000","16,967,000","13,476,000","10,148,000","10,319,000","6,357,000","3,604,000","4,070,000","3,829,000","-291,000","3,378,000","5,000,000","5,000,000","7,800,000","7,300,000","8,200,000","7,600,000","7,100,000","6,100,000","6,300,000","5,500,000","4,800,000","4,300,000","3,900,000","3,600,000","3,000,000","2,600,000","2,300,000","2,000,000","1,200,000","1,200,000","1,300,000","1,400,000","1,400,000","1,400,000"
		NetIncomeIncludingNoncontrollingInterests,"92,111,000","-21,192,000","47,510,000","30,788,000","35,005,000","17,634,000","-64,296,000","-41,044,000","-672,436,000","-18,712,000","9,331,000","-1,255,916,000","-8,245,000","-242,872,000","60,214,000","65,575,000","79,412,000","63,428,000","136,103,000","65,880,000","63,698,000","54,691,000","78,079,000","96,421,000","82,325,000","67,771,000","92,414,000","90,640,000","84,048,000","68,589,000","88,280,000","86,238,000","79,025,000","63,660,000","78,974,000","76,958,000","69,218,000","55,367,000","66,103,000","65,910,000","60,544,000","48,350,000","58,359,000","58,241,000","55,941,000","45,456,000","53,800,000","61,270,000","49,358,000","38,263,000","50,401,000","48,134,000","43,217,000","34,052,000","38,985,000","37,396,000","39,330,000","55,806,000","41,267,000","39,558,000","36,315,000","25,582,000","32,415,000","35,165,000","33,458,000","23,750,000","15,870,000","28,057,000","27,127,000","17,983,000","25,785,000","25,943,000","25,235,000","21,316,000","23,971,000","23,473,000","19,885,000","16,999,000","18,987,000","19,346,000","16,967,000","13,476,000","10,148,000","10,319,000","6,357,000","3,604,000","4,070,000","3,829,000","-291,000","3,378,000","5,000,000","5,000,000","7,800,000","7,300,000","8,200,000","7,600,000","7,100,000","6,100,000","6,300,000","5,500,000","4,800,000","4,300,000","3,900,000","3,600,000","3,000,000","2,600,000","2,300,000","2,000,000","1,200,000","1,200,000","1,300,000","1,400,000","1,400,000","1,400,000"
			NetIncomeContinuousOperations,"81,698,000","-20,945,000","40,276,000","31,840,000","30,527,000","5,344,000","4,487,000","-2,652,000","7,600,000","-16,110,000","32,983,000","-1,260,246,000","35,516,000","41,653,000","60,214,000","65,575,000","79,412,000","63,428,000","136,103,000","65,880,000","63,698,000","54,691,000","78,079,000","96,421,000","82,325,000","67,771,000","92,414,000","90,640,000","84,048,000","68,589,000","88,280,000","86,238,000","79,025,000","63,660,000","78,974,000","76,958,000","69,218,000","55,367,000","66,103,000","65,910,000","60,544,000","48,350,000","58,359,000","58,241,000","55,941,000","45,456,000","53,800,000","61,270,000","49,358,000","38,263,000","50,401,000","48,134,000","43,217,000","34,052,000","38,985,000","37,396,000","38,172,000","32,129,000","38,564,000","39,558,000","36,315,000","25,582,000","32,415,000","35,165,000","33,458,000","23,750,000","15,870,000","28,057,000","27,127,000","17,983,000","25,785,000","25,943,000","25,235,000","21,316,000","23,971,000","23,473,000","19,885,000","16,999,000","18,987,000","19,346,000","16,967,000","13,476,000","10,148,000","10,319,000","6,357,000","3,604,000","4,070,000","3,829,000","-291,000","3,378,000","5,000,000","5,000,000","7,800,000","7,300,000","8,200,000","7,600,000","7,100,000","6,100,000","6,300,000","5,500,000","4,800,000","4,300,000","3,900,000","3,600,000","3,000,000","2,600,000","2,300,000","2,000,000","1,200,000","1,200,000","1,300,000","1,400,000","1,400,000","1,400,000"
			NetIncomeDiscontinuousOperations,"10,413,000","-247,000","7,234,000","-1,052,000","4,478,000","12,290,000","-68,783,000","-38,392,000","-680,036,000","-2,602,000","-23,652,000","4,330,000","-43,761,000","-284,525,000",,,,,,,,,,,,,,,,,,,,,,,,,,,,,,,,,,,,,"0","0","0","0","0",,"1,158,000","23,677,000",,,,,,,,,,,,,,,,,,,,,,,,,,,,,,,,,,,,,,,,,,,,,,,,,,,,,,,,
		MinorityInterests,"23,000","4,000","6,000","7,000","6,000","8,000",,,,,,,,,,,,,"0","0","0","0","0","88,000","102,000","128,000","288,000","141,000","82,000","118,000","118,000","-31,000","-9,000",,,,,,,,,,,,,,,,,,,,,,,,,,,,,,,,,,,,,,,,,,,,,,,,,,,,,,,,,,,,,,,,,,,,,,,,,,,,,,,,,
DilutedNIAvailtoComStockholders,"92,134,000","-21,188,000","47,516,000","30,795,000","35,011,000","17,642,000","-64,296,000","-41,044,000","-672,436,000","-18,712,000","9,331,000","-1,255,916,000","-8,245,000","-242,872,000","60,214,000","65,575,000","79,412,000","63,428,000","136,103,000","65,880,000","63,698,000","54,691,000","78,079,000","96,509,000","82,427,000","67,899,000","92,702,000","90,781,000","84,130,000","68,707,000","88,398,000","86,207,000","79,016,000","63,660,000","78,974,000","76,958,000","69,218,000","55,367,000","66,103,000","65,910,000","60,544,000","48,350,000","58,359,000","58,241,000","55,941,000","45,456,000","53,800,000","61,270,000","49,358,000","38,263,000","50,401,000","48,134,000","43,217,000","34,052,000","38,985,000","37,396,000","39,330,000","55,806,000","41,267,000","39,558,000","36,315,000","25,582,000","32,415,000","35,165,000","33,458,000","23,750,000","15,870,000","28,057,000","27,127,000","17,983,000","25,785,000","25,943,000","25,235,000","21,316,000","23,971,000","23,473,000","19,885,000","16,999,000","18,987,000","19,346,000","16,967,000","13,476,000","10,148,000","10,319,000","6,357,000","3,604,000","4,070,000","3,829,000","-291,000","3,378,000","5,000,000","5,000,000","7,800,000","7,300,000","8,200,000","7,600,000","7,100,000","6,100,000","6,300,000","5,500,000","4,800,000","4,300,000","3,900,000","3,600,000","3,000,000","2,600,000","2,300,000","2,000,000","1,200,000","1,200,000","1,300,000","1,400,000","1,400,000","1,400,000"
BasicEPS,,"-0.25","0.55","0.36","0.41","0.21","-0.751","-0.49","-8.05","-0.23","0.111","-15.24","-0.1","-2.82","0.686","0.734","0.85","0.672","1.452","0.71","0.69","0.59","0.833","1.04","0.89","0.74","0.989","0.98","0.91","0.73","0.921","0.87","0.789","0.64","0.78","0.775","0.684","0.56","0.661","0.675","0.625","0.5","0.596","0.605","0.59","0.473",,"0.643","0.53","0.407",,"0.525","0.466","0.375",,"0.415","0.4","0.585",,"0.405","0.375","0.265",,"0.365","0.35","0.125",,"0.3","0.293","0.198",,"0.27","0.258","0.223",,"0.253","0.21","0.175",,"0.188","0.16","0.133",,"0.108","0.08","0.058",,"0.06","-0.005","0.055",,"0.04","0.063","0.059",,"0.031","0.03","0.025",,"0.024","0.02","0.019",,"0.016","0.015","0.013",,"0.011","0.008","0.008",,"0.008","0.008","0.008"
DilutedEPS,,"-0.25","0.55","0.36","0.41","0.21","-0.76","-0.49","-8.05","-0.23","0.11","-15.24","-0.1","-2.82","0.68","0.72","0.85","0.672","1.452","0.71","0.69","0.59","0.833","1.04","0.89","0.73","0.989","0.97","0.9","0.72","0.89","0.86","0.789","0.63","0.78","0.76","0.684","0.55","0.66","0.66","0.61","0.49","0.595","0.595","0.575","0.47",,"0.643","0.52","0.405",,"0.515","0.465","0.37",,"0.405","0.39","0.57",,"0.395","0.36","0.255",,"0.355","0.34","0.123",,"0.29","0.285","0.193",,"0.26","0.248","0.213",,"0.243","0.205","0.17",,"0.183","0.155","0.128",,"0.1","0.075","0.055",,"0.06","-0.005","0.055",,"0.04","0.063","0.056",,"0.03","0.029","0.025",,"0.023","0.019","0.018",,"0.015","0.014","0.013",,"0.011","0.008","0.008",,"0.008","0.008","0.008"
BasicAverageShares,,"85,405,000","86,423,000","85,065,000","84,912,000","84,526,000","85,593,000","83,862,000","83,490,000","82,799,000","84,248,000","82,441,000","83,234,000","86,073,000","87,820,000","89,349,000","92,987,000","94,388,000","93,721,000","92,589,000","92,181,000","92,360,000","93,718,000","92,604,000","92,182,000","92,269,000","93,739,000","92,949,000","92,500,000","94,231,000","96,030,000","99,088,000","100,174,000","99,465,000","101,207,000","99,506,000","101,172,000","98,618,000","100,038,000","97,876,000","97,086,000","96,538,000","97,866,000","95,980,000","95,062,000","96,114,000",,"95,298,000","93,032,000","94,104,000",,"91,326,000","90,564,000","90,564,000",,"90,414,000","92,962,000","95,144,000",,"97,824,000","97,074,000","96,732,000",,"96,368,000","96,006,000","189,072,000",,"93,752,000","92,464,000","90,760,000",,"96,172,000","97,904,000","96,300,000",,"93,160,000","94,620,000","97,744,000",,"102,708,000","105,468,000","100,904,000",,"95,940,000","79,700,000","63,580,000",,"63,116,000","63,112,000","62,500,000",,"62,300,000","62,008,000","62,008,000",,"122,288,000","121,944,000","121,800,000",,"120,608,000","120,504,000","119,328,000",,"59,444,000","59,368,000","52,280,000",,"52,044,000","52,044,000","52,044,000",,"52,044,000","52,044,000","52,044,000"
DilutedAverageShares,,"85,405,000","86,423,000","86,096,000","85,933,000","85,491,000","85,593,000","83,862,000","83,745,000","82,799,000","84,248,000","82,441,000","83,689,000","86,545,000","88,258,000","91,359,000","93,529,000","94,388,000","93,721,000","92,881,000","92,812,000","93,143,000","93,718,000","93,146,000","92,945,000","93,091,000","93,739,000","93,646,000","93,495,000","95,325,000","99,129,000","100,145,000","100,174,000","100,696,000","101,207,000","101,178,000","101,172,000","100,784,000","100,212,000","99,618,000","99,090,000","98,798,000","98,264,000","97,870,000","97,460,000","96,722,000",,"95,298,000","95,056,000","94,534,000",,"93,328,000","92,506,000","91,862,000",,"92,356,000","95,308,000","97,866,000",,"100,528,000","100,250,000","99,820,000",,"99,030,000","98,922,000","195,376,000",,"96,356,000","95,288,000","93,820,000",,"99,920,000","101,828,000","100,420,000",,"96,784,000","97,308,000","100,364,000",,"105,452,000","109,704,000","106,428,000",,"102,980,000","85,168,000","66,768,000",,"64,748,000","63,112,000","62,820,000",,"62,300,000","62,008,000","62,008,000",,"122,288,000","121,944,000","121,800,000",,"120,608,000","120,504,000","119,328,000",,"59,444,000","59,368,000","52,280,000",,"52,044,000","52,044,000","52,044,000",,"52,044,000","52,044,000","52,044,000"
TotalOperatingIncomeAsReported,"215,922,000","39,108,000","68,005,000","58,793,000","50,016,000","26,104,000","32,305,000","20,459,000","34,908,000","13,118,000","64,751,000","-1,359,755,000","80,500,000","78,455,000","103,574,000","109,162,000","128,679,000","104,433,000","125,703,000","126,432,000","121,904,000","106,037,000","142,778,000","156,891,000","147,785,000","124,233,000","150,960,000","151,130,000","140,957,000","114,821,000","141,086,000","138,143,000","129,672,000","104,097,000","123,917,000","123,291,000","113,371,000","91,552,000","103,023,000","107,373,000","99,736,000","79,388,000","91,509,000","95,037,000","93,123,000","75,720,000","85,886,000","81,374,000","82,100,000","63,551,000","79,184,000","78,343,000","74,779,000","56,623,000","65,382,000","62,196,000","62,524,000","51,927,000","60,996,000","63,142,000","58,239,000","38,523,000","50,798,000","56,548,000","53,560,000","37,808,000","29,655,000","44,813,000","43,877,000","29,321,000","40,194,000","41,546,000","40,403,000","34,080,000","38,693,000","38,202,000","32,426,000","27,568,000","30,700,000","31,270,000","27,883,000","22,222,000","19,218,000","19,747,000","12,469,000","7,005,000","8,623,000","8,372,000","828,000","7,049,000","9,600,000","9,600,000","13,400,000","12,200,000","14,000,000","13,100,000","12,000,000","9,800,000","10,300,000","8,700,000","7,400,000","6,500,000","5,900,000","5,700,000","4,700,000","3,900,000","3,400,000","3,200,000",,,,,,
TotalExpenses,"1,719,382,000","441,700,000","427,467,000","429,924,000","420,291,000","415,771,000","371,370,000","405,885,000","462,758,000","801,893,000","796,313,000","779,223,000","760,327,000","769,184,000","829,122,000","787,490,000","787,239,000","797,424,000","785,117,000","742,519,000","721,040,000","729,560,000","687,992,000","671,115,000","623,974,000","628,391,000","590,780,000","571,143,000","535,631,000","524,574,000","509,438,000","488,363,000","465,872,000","462,241,000","443,470,000","431,439,000","415,809,000","411,163,000","368,309,000","365,761,000","349,794,000","343,228,000","313,389,000","312,628,000","300,279,000","306,563,000","282,594,000","269,684,000","266,994,000","269,376,000","254,104,000","252,933,000","245,036,000","247,262,000","232,433,000","204,989,000","195,180,000","193,646,000","178,506,000","173,734,000","168,571,000","175,933,000","160,515,000","159,207,000","150,247,000","149,871,000","148,040,000","133,286,000","129,879,000","134,829,000","120,799,000","116,787,000","111,784,000","114,036,000","107,089,000","107,312,000","101,275,000","98,632,000","88,773,000","91,232,000","88,340,000","85,060,000","85,536,000","83,037,000","70,668,000","56,915,000","55,593,000","55,900,000","54,350,000","52,360,000","48,900,000","48,300,000","43,400,000","41,600,000","38,100,000","36,300,000","34,100,000","28,000,000","26,500,000","25,700,000","23,200,000","20,500,000","18,600,000","16,700,000","13,100,000","12,200,000","10,000,000","9,300,000",,,,,,
NetIncomeFromContinuingAndDiscontinuedOperation,"92,134,000","-21,188,000","47,516,000","30,795,000","35,011,000","17,642,000","-64,296,000","-41,044,000","-672,436,000","-18,712,000","9,331,000","-1,255,916,000","-8,245,000","-242,872,000","60,214,000","65,575,000","79,412,000","63,428,000","136,103,000","65,880,000","63,698,000","54,691,000","78,079,000","96,509,000","82,427,000","67,899,000","92,702,000","90,781,000","84,130,000","68,707,000","88,398,000","86,207,000","79,016,000","63,660,000","78,974,000","76,958,000","69,218,000","55,367,000","66,103,000","65,910,000","60,544,000","48,350,000","58,359,000","58,241,000","55,941,000","45,456,000","53,800,000","61,270,000","49,358,000","38,263,000","50,401,000","48,134,000","43,217,000","34,052,000","38,985,000","37,396,000","39,330,000","55,806,000","41,267,000","39,558,000","36,315,000","25,582,000","32,415,000","35,165,000","33,458,000","23,750,000","15,870,000","28,057,000","27,127,000","17,983,000","25,785,000","25,943,000","25,235,000","21,316,000","23,971,000","23,473,000","19,885,000","16,999,000","18,987,000","19,346,000","16,967,000","13,476,000","10,148,000","10,319,000","6,357,000","3,604,000","4,070,000","3,829,000","-291,000","3,378,000","5,000,000","5,000,000","7,800,000","7,300,000","8,200,000","7,600,000","7,100,000","6,100,000","6,300,000","5,500,000","4,800,000","4,300,000","3,900,000","3,600,000","3,000,000","2,600,000","2,300,000","2,000,000","1,200,000","1,200,000","1,300,000","1,400,000","1,400,000","1,400,000"
NormalizedIncome,"127,612,210.333","21,597,318","41,211,475.1","33,713,218","29,304,656","15,165,390","10,404,380","14,690,610","12,926,398","6,947,780","67,643,156.493","74,015,106","53,241,500","43,214,231","59,498,417.623","64,631,050","78,540,550","62,366,600","134,436,800","65,736,650","63,475,350","54,339,640","77,609,298.677","96,357,394","82,174,850","67,522,020","92,220,018.584","90,429,460","83,894,224","68,620,380","88,274,040.699","85,853,436","78,808,970","62,662,650","78,637,360.341","76,723,640","68,973,668","55,121,780","66,103,000","65,910,000","60,321,351.214","48,088,919.028","58,036,945.275","58,032,903.804","55,741,954.004","45,259,375.303","53,593,826.249","60,940,036.517","49,197,011.04","38,018,581.437","50,157,473.792","47,869,334.706","42,938,150","33,784,094.054","38,658,768.232","37,100,146.531","37,780,158.959","31,330,865.916","37,811,346.463","38,269,491.523","35,305,946.251","24,394,805.657","31,342,597.105","34,448,866.994","33,159,774.778","23,750,000","15,549,600","27,889,459.933","27,127,000","17,983,000","25,440,065.149","25,882,760.836","25,164,719.756","21,316,000","23,855,638.516","23,425,881.646","19,834,779.091","16,999,000","18,987,000","19,346,000","16,967,000","13,476,000","10,148,000","10,259,000","6,357,000","3,604,000","3,982,400","3,794,200","-335,400","3,378,000","4,940,000","4,940,000","7,740,000","7,239,669.421","8,140,000","7,600,000","7,100,000","5,860,000","6,060,000","5,260,000","4,440,000","3,880,000","3,600,000","3,300,000","2,760,000","2,297,674.419","2,060,000","1,939,393.939","1,200,000","1,200,000","1,300,000","1,400,000","1,400,000","1,400,000"
InterestIncome,,,,,,,,,,,,,,,,,,,,,,,,,,,,,,,,,,,,,,,,"422,000",,,,,,,,,,,,,,,,,,,,,,,,,,,,,,,,,,,,,,,,,,,,,,,,,,,,,,,,,,,,,,,,,,,,,,,,,,
InterestExpense,"62,895,000","11,818,000","16,603,000","17,595,000","16,879,000","17,645,000","27,302,000","27,250,000","28,265,000","27,608,000","27,677,000","29,901,000","31,080,000","30,723,000","25,448,000","21,782,000","21,604,000","19,935,000","19,844,000","18,428,000","18,535,000","17,752,000","16,356,000","17,215,000","15,058,000","14,463,000","8,493,000","6,201,000","5,149,000","3,267,000","3,313,000","2,019,000","2,188,000","1,371,000","1,046,000","1,507,000","1,673,000","1,189,000","1,219,000","624,000","848,000","554,000","684,000","1,056,000","988,000","911,000","884,000","481,000","1,118,000","710,000","506,000","570,000","824,000","1,011,000",,,,,,,,,,,,,,,,,,,,,,,,,,,,,,,,,,,,,,,,,,,,,,,,,,,,,,,,,,,,
NetInterestIncome,"-62,895,000","-11,818,000","-16,603,000","-17,595,000","-16,879,000","-17,645,000","-27,302,000","-27,250,000","-28,265,000","-27,608,000","-27,677,000","-29,901,000","-31,080,000","-30,723,000","-25,448,000","-21,782,000","-21,604,000","-19,935,000","-19,844,000","-18,428,000","-18,535,000","-17,752,000","-16,356,000","-17,215,000","-15,058,000","-14,463,000","-8,493,000","-6,201,000","-5,149,000","-3,267,000","-3,313,000","-2,019,000","-2,188,000","-1,371,000","-1,046,000","-1,507,000","-1,673,000","-1,189,000","-2,434,000","-202,000","-848,000","-554,000","-684,000","-1,056,000","-988,000","-911,000","-884,000","-481,000","-1,118,000","-710,000","-506,000","-570,000","-824,000","-1,011,000",,,,,,,,,,,,,,,,,,,,,,,,,,,,,,,,,,,,,,,,,,,,,,,,,,,,,,,,,,,,
EBIT,"169,388,000","-16,528,000","70,118,000","61,029,000","54,769,000","18,034,000","37,658,000","31,275,000","39,238,000","13,784,000","68,484,000","-1,356,133,000","83,712,000","81,338,000","106,818,000","112,230,000","131,138,000","107,422,000","128,186,000","126,427,000","122,958,000","107,410,000","144,354,000","157,908,000","148,984,000","125,645,000","152,488,000","152,481,000","142,086,000","115,784,000","142,186,000","139,431,000","130,157,000","105,732,000","124,443,000","123,663,000","113,767,000","91,954,000","103,704,000","107,795,000","100,101,000","79,816,000","92,013,000","95,374,000","93,452,000","76,045,000","86,213,000","81,812,000","82,365,000","63,955,000","79,566,000","78,773,000","75,208,000","57,064,000","68,364,000","62,196,000","62,524,000","51,927,000","60,996,000","63,142,000","58,239,000","38,523,000","50,798,000","56,548,000","53,560,000","37,808,000","29,655,000","44,813,000","43,877,000","29,321,000","40,194,000","41,546,000","40,403,000","34,080,000","38,693,000","38,202,000","32,426,000","27,568,000","30,700,000","31,270,000","27,883,000","22,222,000","19,218,000","19,747,000","12,469,000","7,005,000","8,623,000","8,372,000","828,000","7,049,000","9,600,000","9,600,000","13,400,000","12,200,000","14,000,000","13,100,000","12,000,000","9,800,000","10,300,000","8,700,000","7,400,000","6,500,000","5,900,000","5,700,000","4,700,000","3,900,000","3,400,000","3,200,000","9,000,000","9,000,000","-15,500,000","8,100,000","8,100,000","8,100,000"
EBITDA,"202,273,000"
ReconciledCostOfRevenue,"1,428,369,000","371,644,000","360,627,000","354,881,000","341,217,000","341,224,000","309,007,000","347,582,000","374,965,000","677,985,000","679,977,000","657,259,000","636,978,000","647,330,000","686,442,000","655,876,000","652,813,000","662,485,000","649,808,000","615,973,000","592,290,000","600,181,000","565,689,000","553,473,000","511,617,000","518,857,000","487,238,000","474,040,000","447,681,000","443,026,000","427,895,000","416,364,000","394,681,000","393,457,000","377,343,000","366,324,000","351,338,000","348,701,000","309,947,000","309,636,000","293,907,000","289,246,000","263,277,000","263,405,000","251,545,000","258,984,000","237,246,000","225,864,000","222,824,000","226,497,000","212,925,000","211,329,000","204,554,000","206,649,000","194,969,000","170,944,000","161,225,000","160,935,000","538,516,000","9,395,000","136,266,000","139,845,000","129,231,000","128,928,000","123,023,000","7,802,000","7,569,000","7,015,000","6,844,000","6,250,000","7,048,000","5,894,000","5,960,000","5,351,000","5,027,000","4,778,000","4,718,000","4,065,000","4,351,000","3,997,000","3,955,000","3,489,000",,"10,160,000","8,819,000","6,857,000","7,275,000","7,002,000","6,677,000","5,721,000","5,700,000","5,800,000","5,200,000","4,500,000","4,400,000","3,600,000","3,400,000","2,700,000","2,900,000","2,500,000","2,400,000",,"2,100,000","1,700,000","1,200,000","1,200,000",,,,,,,,
ReconciledDepreciation,"32,885,000","8,769,000","7,859,000","8,151,000","8,106,000","8,031,000","7,692,000","-8,043,000","10,119,000","18,673,000","19,410,000","19,608,000","19,809,000","20,033,000","29,891,000","28,709,000","26,518,000","26,163,000","26,414,000","25,116,000","25,735,000","25,614,000","25,254,000","24,185,000","20,241,000","19,584,000","18,149,000","16,918,000","15,549,000","13,612,000","13,902,000","11,356,000","10,362,000","10,370,000","10,491,000","10,461,000","9,870,000","9,144,000","8,091,000","7,925,000","7,687,000","7,113,000","7,266,000","6,213,000","6,032,000","5,781,000","5,843,000","6,321,000","5,006,000","4,780,000","4,610,000","3,956,000","4,187,000","3,963,000","4,020,000","3,296,000","2,939,000","2,955,000","3,047,000","2,577,000","2,466,000","2,473,000","2,410,000","2,308,000","2,404,000","2,348,000","2,400,000","2,339,000","2,529,000","2,647,000","2,354,000","2,299,000","2,337,000","2,363,000","2,357,000","2,495,000","1,903,000","1,650,000","1,688,000","1,520,000","1,462,000","1,465,000","6,414,000","6,344,000","5,103,000","3,578,000","3,561,000","3,478,000","3,435,000","3,336,000","3,300,000","3,200,000","2,900,000","2,700,000","2,500,000","2,400,000","2,100,000","1,700,000","1,400,000","1,300,000","1,000,000","800,000","700,000","500,000","400,000","200,000","200,000","100,000",,,,,,
NetIncomeFromContinuingOperationNetMinorityInterest,"81,721,000","-20,941,000","40,282,000","31,847,000","30,533,000","5,352,000","4,487,000","-2,652,000","7,600,000","-16,110,000","32,983,000","-1,260,246,000","35,516,000","41,653,000","60,214,000","65,575,000","79,412,000","63,428,000","136,103,000","65,880,000","63,698,000","54,691,000","78,079,000","96,509,000","82,427,000","67,899,000","92,702,000","90,781,000","84,130,000","68,707,000","88,398,000","86,207,000","79,016,000","63,660,000","78,974,000","76,958,000","69,218,000","55,367,000","66,103,000","65,910,000","60,544,000","48,350,000","58,359,000","58,241,000","55,941,000","45,456,000","53,800,000","61,270,000","49,358,000","38,263,000","50,401,000","48,134,000","43,217,000","34,052,000","38,985,000","37,396,000","38,172,000","32,129,000","38,564,000","39,558,000","36,315,000","25,582,000","32,415,000","35,165,000","33,458,000","23,750,000","15,870,000","28,057,000","27,127,000","17,983,000","25,785,000","25,943,000","25,235,000","21,316,000","23,971,000","23,473,000","19,885,000","16,999,000","18,987,000","19,346,000","16,967,000","13,476,000","10,148,000","10,319,000","6,357,000","3,604,000","4,070,000","3,829,000","-291,000","3,378,000","5,000,000","5,000,000","7,800,000","7,300,000","8,200,000","7,600,000","7,100,000","6,100,000","6,300,000","5,500,000","4,800,000","4,300,000","3,900,000","3,600,000","3,000,000","2,600,000","2,300,000","2,000,000","1,200,000","1,200,000","1,300,000","1,400,000","1,400,000","1,400,000"
TotalUnusualItemsExcludingGoodwill,"-59,819,000","-57,562,000","-1,235,000","-2,546,000","1,524,000","-13,443,000","-8,106,000","-23,757,000","-7,686,000","-31,586,000","-42,882,000","-1,467,834,000","-26,260,000","-1,897,000","967,000","1,302,000","1,202,000","1,464,000","2,777,000","235,000","365,000","576,000","770,000","221,000","410,000","618,000","751,000","567,000","384,000","142,000","195,000","563,000","335,000","1,635,000","526,000","372,000","396,000","402,000","681,000",,"365,000","428,000","504,000","337,000","329,000","325,000","327,000","438,000","265,000","404,000","382,000","430,000","429,000","441,000","537,000","487,000","645,000","1,313,000","1,209,000","2,121,000","1,661,000","1,864,000","1,735,000","1,173,000","478,000",,"534,000","267,000",,,"539,000","96,000","112,000",,"186,000","76,000","81,000",,,,,,,"100,000",,,"146,000","58,000","74,000",,"100,000","100,000","100,000","100,000","100,000",,,"400,000","400,000","400,000","600,000","700,000","500,000","500,000","400,000","500,000","400,000","100,000",,,,,,
TotalUnusualItems,"-59,819,000","-57,562,000","-1,235,000","-2,546,000","1,524,000","-13,443,000","-8,106,000","-23,757,000","-7,686,000","-31,586,000","-42,882,000","-1,467,834,000","-26,260,000","-1,897,000","967,000","1,302,000","1,202,000","1,464,000","2,777,000","235,000","365,000","576,000","770,000","221,000","410,000","618,000","751,000","567,000","384,000","142,000","195,000","563,000","335,000","1,635,000","526,000","372,000","396,000","402,000","681,000",,"365,000","428,000","504,000","337,000","329,000","325,000","327,000","438,000","265,000","404,000","382,000","430,000","429,000","441,000","537,000","487,000","645,000","1,313,000","1,209,000","2,121,000","1,661,000","1,864,000","1,735,000","1,173,000","478,000",,"534,000","267,000",,,"539,000","96,000","112,000",,"186,000","76,000","81,000",,,,,,,"100,000",,,"146,000","58,000","74,000",,"100,000","100,000","100,000","100,000","100,000",,,"400,000","400,000","400,000","600,000","700,000","500,000","500,000","400,000","500,000","400,000","100,000",,,,,,
NormalizedEBITDA,"262,092,000","49,803,000","79,212,000","71,726,000","61,351,000","39,508,000","53,456,000","62,227,000","61,317,000","64,043,000","130,776,000","131,309,000","129,781,000","103,268,000","135,742,000","139,637,000","156,454,000","132,121,000","151,823,000","151,308,000","148,328,000","132,448,000","168,838,000","181,872,000","168,815,000","144,611,000","169,886,000","168,832,000","157,251,000","129,254,000","155,893,000","150,224,000","140,184,000","114,467,000","134,408,000","133,752,000","123,241,000","100,696,000","111,795,000","115,720,000","107,423,000","86,501,000","98,775,000","101,250,000","99,155,000","81,501,000","91,729,000","87,695,000","87,106,000","68,331,000","83,794,000","82,299,000","78,966,000","60,586,000","71,847,000","65,005,000","64,818,000","53,569,000","62,834,000","63,598,000","59,044,000","39,132,000","51,473,000","57,683,000","55,486,000","40,156,000","31,521,000","46,885,000","46,406,000","31,968,000","42,009,000","43,749,000","42,628,000","36,443,000","40,864,000","40,621,000","34,248,000","29,218,000","32,388,000","32,790,000","29,346,000","23,687,000","25,632,000","25,991,000","17,572,000","10,583,000","12,038,000","11,792,000","4,189,000","10,385,000","12,800,000","12,700,000","16,300,000","14,800,000","16,400,000","15,500,000","14,100,000","11,100,000","11,300,000","9,600,000","7,800,000","6,600,000","6,100,000","5,700,000","4,700,000","3,600,000","3,200,000","3,200,000","9,000,000","9,000,000","-15,500,000","8,100,000","8,100,000","8,100,000"
TaxRateForCalcs,"0.233","0.261","0.247","0.267","0.194","0.27","0.27","0.27","0.307","0.27","0.192","0.091","0.325","0.177","0.26","0.275","0.275","0.275","0.4","0.39","0.39","0.39","0.39","0.314","0.385","0.39","0.358","0.38","0.386","0.39","0.364","0.372","0.382","0.39","0.36","0.37","0.383","0.39","0.355","0.385","0.39","0.39","0.361","0.383","0.395","0.395","0.369","0.247","0.392","0.395","0.362","0.384","0.35","0.393","0.392","0.392","0.392","0.392","0.377","0.393","0.393","0.363","0.382","0.389","0.376","0.373","0.4","0.373","0.372","0.372","0.36","0.373","0.372","0.373","0.38","0.38","0.38","0.38","0.38","0.38","0.39","0.39","0.4","0.4","0.4","0.4","0.4","0.4","0.4","0.4","0.4","0.4","0.4","0.397","0.4","0.4","0.398","0.4","0.4","0.4","0.4","0.4","0.4","0.4","0.4","0.395","0.4","0.394","0.4","0.4","0.4","0.4","0.4","0.4"
TaxEffectOfUnusualItems,"-13,927,789.667","-15,023,682","-305,524.9","-679,782","295,656","-3,629,610","-2,188,620","-6,414,390","-2,359,602","-8,528,220","-8,221,843.507","-133,572,894","-8,534,500","-335,769","251,417.623","358,050","330,550","402,600","1,110,800","91,650","142,350","224,640","300,298.677","69,394","157,850","241,020","269,018.584","215,460","148,224","55,380","71,040.699","209,436","127,970","637,650","189,360.341","137,640","151,668","156,780","0","0","142,351.214","166,919.028","181,945.275","128,903.804","129,954.004","128,375.303","120,826.249","108,036.517","104,011.04","159,581.437","138,473.792","165,334.706","150,150","173,094.054","210,768.232","191,146.531","253,158.959","514,865.916","456,346.463","832,491.523","651,946.251","676,805.657","662,597.105","456,866.994","179,774.778","0","213,600","99,459.933","0","0","194,065.149","35,760.836","41,719.756","0","70,638.516","28,881.646","30,779.091","0","0","0","0","0","0","40,000","0","0","58,400","23,200","29,600","0","40,000","40,000","40,000","39,669.421","40,000","0","0","160,000","160,000","160,000","240,000","280,000","200,000","200,000","160,000","197,674.419","160,000","39,393.939","0","0","0","0","0","0"