name,ttm,03/31/2022,12/31/2021,09/30/2021,06/30/2021,03/31/2021,12/31/2020,09/30/2020,06/30/2020,03/31/2020,12/31/2019,09/30/2019,06/30/2019,03/31/2019,12/31/2018,09/30/2018,06/30/2018,03/31/2018,12/31/2017,09/30/2017,06/30/2017,03/31/2017,12/31/2016,09/30/2016,06/30/2016,03/31/2016,12/31/2015,09/30/2015,06/30/2015,03/31/2015,12/31/2014,09/30/2014,06/30/2014,03/31/2014,12/31/2013,09/30/2013,06/30/2013,03/31/2013,12/31/2012,09/30/2012,06/30/2012,03/31/2012,12/31/2011,09/30/2011,06/30/2011,03/31/2011,12/31/2010,09/30/2010,06/30/2010,03/31/2010,12/31/2009,09/30/2009,06/30/2009,03/31/2009,12/31/2008,09/30/2008,06/30/2008,03/31/2008,12/31/2007,09/30/2007,06/30/2007,03/31/2007,12/31/2006,09/30/2006,06/30/2006,03/31/2006,12/31/2005,09/30/2005,06/30/2005,03/31/2005,12/31/2004,09/30/2004,06/30/2004,03/31/2004,12/31/2003,09/30/2003,06/30/2003,03/31/2003,12/31/2002,09/30/2002,06/30/2002,03/31/2002,12/31/2001,09/30/2001,06/30/2001,03/31/2001,12/31/2000,09/30/2000,06/30/2000,03/31/2000,12/31/1999,09/30/1999,06/30/1999,03/31/1999,12/31/1998,09/30/1998,06/30/1998,03/31/1998,12/31/1997,09/30/1997,06/30/1997,03/31/1997,12/31/1996,09/30/1996,06/30/1996,03/31/1996,12/31/1995,09/30/1995,06/30/1995,03/31/1995,12/31/1994,09/30/1994,06/30/1994,03/31/1994,12/31/1993,09/30/1993,06/30/1993,03/31/1993,12/31/1992,09/30/1992,06/30/1992,03/31/1992,12/31/1991,09/30/1991,06/30/1991,03/31/1991,12/31/1990,09/30/1990,06/30/1990,03/31/1990,12/31/1989,09/30/1989,06/30/1989,03/31/1989,12/31/1988,09/30/1988,06/30/1988,03/31/1988,12/31/1987,09/30/1987,06/30/1987,03/31/1987,12/31/1986,09/30/1986,06/30/1986,03/31/1986,12/31/1985,09/30/1985
TotalRevenue,"5,437,438,000","1,269,651,000","1,465,891,000","1,300,805,000","1,401,091,000","1,086,881,000","1,225,166,000","1,037,352,000","919,722,000","718,971,000","1,104,468,000","772,662,000","751,441,000","664,682,000","881,875,000","785,638,000","770,980,000","626,723,000","724,114,000","603,751,000","668,044,000","581,705,000","736,329,000","595,420,000","587,334,000","407,761,000","578,911,000","468,487,000","473,128,000","388,510,000","505,672,000","418,403,000","442,752,000","327,757,000","472,162,000","448,000,000","416,018,000","344,254,000","437,746,000","320,662,000","258,347,000","186,268,000","247,376,000","211,360,000","215,685,000","169,747,000","259,566,000","225,681,000","326,330,000","147,078,000","323,879,000","203,226,000","195,266,000","175,932,000","278,816,000","361,249,000","411,898,000","406,145,000","784,756,000","686,661,000","716,708,000","745,124,000","1,343,219,000","1,082,893,000","1,232,936,000","1,142,694,000","1,736,092,000","1,167,812,000","1,046,340,000","933,916,000","1,343,856,000","1,026,129,000","875,483,000","763,604,000","862,080,000","798,906,000","689,442,000","569,642,000","771,022,000","581,698,000","509,430,000","456,374,000","676,605,000","521,312,000","508,235,000","419,722,000","538,501,000","446,239,000","419,647,000","347,158,000","460,600,000","410,100,000","399,800,000","297,100,000","384,200,000","331,600,000","303,900,000","243,500,000","271,900,000","266,600,000","237,300,000","193,800,000","252,300,000","233,300,000","237,800,000","199,200,000","223,500,000","234,600,000","215,300,000","192,500,000","244,200,000","214,200,000","197,800,000","168,700,000","181,000,000","192,700,000","161,200,000","117,200,000","139,500,000","140,600,000","130,600,000","102,600,000","116,000,000","116,200,000","112,400,000","88,700,000","115,400,000","123,700,000","147,600,000","129,800,000","160,700,000","205,300,000","196,500,000","164,900,000","346,200,000","179,500,000","185,400,000","129,600,000","213,100,000","229,800,000","216,700,000","140,900,000","173,900,000","207,900,000","163,900,000","128,900,000","108,200,000","101,800,000"
	OperatingRevenue,"5,437,438,000","1,269,651,000","1,465,891,000","1,300,805,000","1,401,091,000","1,086,881,000","1,225,166,000","1,037,352,000","919,722,000","718,971,000","1,104,468,000","772,662,000","751,441,000","664,682,000","881,875,000","785,638,000","770,980,000","626,723,000","724,114,000","603,751,000","668,044,000","581,705,000","736,329,000","595,420,000","587,334,000","407,761,000","578,911,000","468,487,000","473,128,000","388,510,000","505,672,000","418,403,000","442,752,000","327,757,000","472,162,000","448,000,000","416,018,000","344,254,000","437,746,000","320,662,000","258,347,000","186,268,000","247,376,000","211,360,000","215,685,000","169,747,000","259,566,000","225,681,000","326,330,000","147,078,000","323,879,000","203,226,000","195,266,000","175,932,000","278,816,000","361,249,000","411,898,000","406,145,000","784,756,000","686,661,000","716,708,000","745,124,000","1,410,131,000","1,061,744,000","1,232,936,000","1,142,694,000","1,736,092,000","1,167,812,000","1,046,340,000","933,916,000","1,343,856,000","1,026,129,000","875,483,000","763,604,000","862,080,000","798,906,000","689,442,000","569,642,000","771,022,000","581,698,000","509,430,000","456,374,000","676,605,000","521,312,000","508,235,000","419,722,000","538,501,000","446,239,000","419,647,000","347,158,000","460,600,000","410,100,000","399,800,000","297,100,000","384,200,000","331,600,000","303,900,000","243,500,000","271,900,000","266,600,000","237,300,000","193,800,000","252,300,000","233,300,000","237,800,000","199,200,000","223,500,000","234,600,000","215,300,000","192,500,000","244,200,000","214,200,000","197,800,000","168,700,000","181,000,000","192,700,000","161,200,000","117,200,000","139,500,000","140,600,000","130,600,000","102,600,000","116,000,000","116,200,000","112,400,000","88,700,000","115,400,000","123,700,000","147,600,000","129,800,000","160,700,000","205,300,000","196,500,000","164,900,000","346,200,000","179,500,000","185,400,000","129,600,000","213,100,000","229,800,000","216,700,000","140,900,000","173,900,000","207,900,000","163,900,000","128,900,000","108,200,000","101,800,000"
CostOfRevenue,"4,100,150,000","938,973,000","1,115,101,000","978,455,000","1,067,621,000","828,993,000","937,124,000","808,466,000","719,967,000","569,576,000","892,599,000","619,668,000","599,746,000","534,119,000","713,208,000","639,754,000","616,214,000","506,013,000","592,342,000","499,795,000","548,779,000","481,901,000","610,741,000","496,484,000","485,195,000","337,930,000","481,488,000","386,582,000","389,226,000","326,276,000","419,045,000","345,665,000","363,162,000","264,402,000","387,273,000","362,195,000","335,943,000","279,718,000","347,542,000","271,069,000","221,938,000","160,144,000","204,454,000","171,167,000","180,838,000","140,998,000","208,817,000","172,017,000","260,036,000","109,581,000","254,579,000","161,029,000","153,618,000","142,666,000","300,765,000","285,367,000","344,378,000","342,986,000","683,051,000","559,854,000","592,745,000","604,306,000","1,085,005,000","821,225,000","1,110,575,000","960,180,000","1,386,781,000","946,661,000","734,772,000","767,571,000","1,078,323,000","827,355,000","719,686,000","645,210,000","731,071,000","673,385,000","595,290,000","497,400,000","661,649,000","500,169,000","442,667,000","393,268,000","586,504,000","443,425,000","429,024,000","357,165,000","458,431,000","375,354,000","358,119,000","295,187,000","404,600,000","357,500,000","345,400,000","264,200,000","344,300,000","297,600,000","274,600,000","222,900,000","250,300,000","249,000,000","222,100,000","181,100,000","235,500,000","217,900,000","223,400,000","185,500,000","210,100,000","218,700,000","200,700,000","178,200,000",,,,,,,,,,,,,,,,,,,,,,,,,,,,,,,,,,,,,,
GrossProfit,"1,337,288,000","330,678,000","350,790,000","322,350,000","333,470,000","257,888,000","288,042,000","228,886,000","199,755,000","149,395,000","211,869,000","152,994,000","151,695,000","130,563,000","168,667,000","145,884,000","154,766,000","120,710,000","131,772,000","103,956,000","119,265,000","99,804,000","125,588,000","98,936,000","102,139,000","69,831,000","97,423,000","81,905,000","83,902,000","62,234,000","86,627,000","72,738,000","79,590,000","63,355,000","84,889,000","85,805,000","80,075,000","64,536,000","90,204,000","49,593,000","36,409,000","26,124,000","42,922,000","40,193,000","34,847,000","28,749,000","50,749,000","53,664,000","66,294,000","37,497,000","69,300,000","42,197,000","41,648,000","33,266,000","-21,949,000","75,882,000","67,520,000","63,159,000","101,705,000","126,807,000","123,963,000","140,818,000","258,214,000","261,668,000","122,361,000","182,514,000","349,311,000","221,151,000","311,568,000","166,345,000","265,533,000","198,774,000","155,797,000","118,394,000","131,009,000","125,521,000","94,152,000","72,242,000","109,373,000","81,529,000","66,763,000","63,106,000","90,101,000","77,887,000","79,211,000","62,557,000","80,070,000","70,885,000","61,528,000","51,971,000","56,000,000","52,600,000","54,400,000","32,900,000","39,900,000","34,000,000","29,300,000","20,600,000","21,600,000","17,600,000","15,200,000","12,700,000","16,800,000","15,400,000","14,400,000","13,700,000","13,400,000","15,900,000","14,600,000","14,300,000",,,,,,,,,,,,,,,,,,,,,,,,,,,,,,,,,,,,,,
OperatingExpense,"508,314,000","129,314,000","130,023,000","120,116,000","128,861,000","114,993,000","117,949,000","103,632,000","92,316,000","89,321,000","105,101,000","92,716,000","82,712,000","82,261,000","93,366,000","83,523,000","81,571,000","71,341,000","81,379,000","69,102,000","70,709,000","66,298,000","67,919,000","61,904,000","64,440,000","56,277,000","63,560,000","57,444,000","54,781,000","50,532,000","54,601,000","50,512,000","49,798,000","48,341,000","55,421,000","57,753,000","51,908,000","48,201,000","49,752,000","44,772,000","39,223,000","34,124,000","47,918,000","55,472,000","56,065,000","50,806,000","65,282,000","59,355,000","68,203,000","52,892,000","63,861,000","65,838,000","52,979,000","53,841,000","22,297,000","97,468,000","80,782,000","85,553,000","116,947,000","129,171,000","133,941,000","143,077,000","184,961,000","165,332,000","127,000","30,033,000","33,780,000","27,825,000","119,816,000","30,416,000","33,593,000","27,905,000","21,510,000","18,576,000","20,919,000","18,159,000","24,147,000","11,476,000","15,735,000","10,498,000","10,434,000","10,060,000","12,947,000","11,097,000","11,510,000","10,406,000","18,223,000","17,270,000","13,430,000","12,330,000","11,700,000","12,400,000","13,100,000","10,200,000","12,400,000","10,800,000","8,900,000","7,700,000","8,100,000","5,800,000","6,900,000","6,100,000","6,400,000","6,000,000","6,200,000","5,100,000","6,800,000","5,900,000","5,900,000","5,200,000","234,800,000","203,900,000","186,700,000","159,000,000","173,800,000","184,800,000","154,100,000","112,900,000","191,700,000","123,300,000","111,600,000","80,200,000","94,300,000","99,500,000","90,600,000","72,800,000","89,900,000","111,100,000","118,700,000","104,700,000","186,600,000","200,700,000","171,200,000",,,,,,,,,,,,,,,
	SellingGeneralAndAdministration,"508,314,000","129,314,000","130,023,000","120,116,000","128,861,000","114,993,000","117,949,000","103,632,000","92,316,000","89,321,000","105,101,000","92,716,000","82,712,000","82,261,000","93,366,000","83,523,000","81,571,000","71,341,000","81,379,000","69,102,000","70,709,000","66,298,000","67,919,000","61,904,000","64,440,000","56,277,000","63,560,000","57,444,000","54,781,000","50,532,000","54,601,000","50,512,000","49,798,000","48,341,000","55,421,000","57,753,000","51,908,000","48,201,000","49,160,000","44,788,000","39,223,000","34,124,000","45,996,000","53,082,000","53,618,000","52,356,000","63,972,000","58,538,000","67,674,000","52,401,000","62,369,000","62,244,000","52,687,000","53,576,000","22,297,000","97,468,000","80,782,000","85,553,000","116,947,000","129,171,000","133,941,000","143,077,000","184,961,000","165,332,000","127,000","30,033,000","33,780,000","27,825,000","147,591,000","30,416,000","33,593,000","27,905,000","21,510,000","18,576,000","20,919,000","18,159,000","24,147,000","11,476,000","15,735,000","10,498,000","10,434,000","10,060,000","12,947,000","11,097,000","11,510,000","10,406,000","11,224,000","11,168,000","8,515,000","8,554,000","6,900,000","8,700,000","7,700,000","6,300,000","6,800,000","5,300,000","4,000,000","3,500,000","3,600,000","1,700,000","3,300,000","3,200,000","3,100,000","2,900,000","3,000,000","2,600,000","3,700,000","3,200,000","3,500,000","3,100,000",,,,,,,,,,,,,,,,,,,,,,,,,,,,,,,,,,,,,,
		GeneralAndAdministrativeExpense,"260,862,000","71,983,000","66,986,000","59,935,000","61,958,000","57,163,000","53,232,000",,"40,419,000","45,089,000","46,178,000","46,951,000","39,326,000","42,572,000","45,317,000","40,237,000","40,372,000","35,753,000","39,843,000","33,170,000","32,292,000","32,369,000","27,438,000","27,758,000","31,414,000",,,,,,,,,,,,,,,,,,"28,689,000","35,604,000","36,265,000","36,756,000","42,939,000","39,269,000","44,588,000","40,212,000","41,508,000","45,805,000","37,804,000","38,386,000",,,,,,,,,,"134,036,000",,,,,,,,,,,,,,,,,,,,,,,,,,,,,,,,,,,,,,,,,,,,,,,,,,,,,,,,,,,,,,,,,,,,,,,,,,,,,,,,,,,,
			OtherGandA,"260,862,000","71,983,000","66,986,000","59,935,000","61,958,000","57,163,000","53,232,000",,"40,419,000","45,089,000","46,178,000","46,951,000","39,326,000","42,572,000","45,317,000","40,237,000","40,372,000","35,753,000","39,843,000","33,170,000","32,292,000","32,369,000","27,438,000","27,758,000","31,414,000",,,,,,,,,,,,,,,,,,"28,689,000","35,604,000","36,265,000","36,756,000","42,939,000","39,269,000","44,588,000","40,212,000","41,508,000","45,805,000","37,804,000","38,386,000",,,,,,,,,,"134,036,000",,,,,,,,,,,,,,,,,,,,,,,,,,,,,,,,,,,,,,,,,,,,,,,,,,,,,,,,,,,,,,,,,,,,,,,,,,,,,,,,,,,,
		SellingAndMarketingExpense,"247,452,000","57,331,000","63,037,000","60,181,000","66,903,000","57,830,000","64,717,000",,"51,897,000","44,232,000","58,923,000","45,765,000","43,386,000","39,689,000","48,049,000","43,286,000","41,199,000","35,588,000","41,536,000","35,932,000","38,417,000","33,929,000","40,481,000","34,146,000","33,026,000",,,,,,,,,,,,,,,,,,"17,307,000","17,478,000","17,353,000","15,600,000","21,033,000","19,269,000","23,086,000","12,189,000","20,861,000","16,439,000","14,883,000","15,190,000",,,,,,,,,,"31,296,000",,,,,,,,,,,,,,,,,,,,,,,,,,,,,,,,,,,,,,,,,,,,,,,,,,,,,,,,,,,,,,,,,,,,,,,,,,,,,,,,,,,,
	DepreciationAmortizationDepletionIncomeStatement,,,,,,,,,,,,,,,,,,,,,,,,,,,,,,,,,,,,,,,,,,,,,,,,,,,,,,,,,,,,,,,,,,,,,,,,,,,,,,,,,,,,,,,"6,999,000","6,102,000","4,915,000","3,776,000","4,800,000","3,700,000","5,400,000","3,900,000","5,600,000","5,500,000","4,900,000","4,200,000","4,500,000","4,100,000","3,600,000","2,900,000","3,300,000","3,100,000","3,200,000","2,500,000","3,100,000","2,700,000","2,400,000","2,100,000",,,,,,,,,,,,,,,,,,,,,,,,,,,,,,,,,,,,,,
		DepreciationAndAmortizationInIncomeStatement,,,,,,,,,,,,,,,,,,,,,,,,,,,,,,,,,,,,,,,,,,,,,,,,,,,,,,,,,,,,,,,,,,,,,,,,,,,,,,,,,,,,,,,"6,999,000","6,102,000","4,915,000","3,776,000","4,800,000","3,700,000","5,400,000","3,900,000","5,600,000","5,500,000","4,900,000","4,200,000","4,500,000","4,100,000","3,600,000","2,900,000","3,300,000","3,100,000","3,200,000","2,500,000","3,100,000","2,700,000","2,400,000","2,100,000",,,,,,,,,,,,,,,,,,,,,,,,,,,,,,,,,,,,,,
	OtherOperatingExpenses,"45,001,000",,,,,,,,,"10,929,000","16,118,000","10,352,000","9,574,000","8,957,000","10,350,000","9,408,000","9,611,000","8,831,000","9,287,000","8,849,000","8,500,000","7,898,000","9,181,000","7,955,000","7,543,000","6,241,000","5,742,000","5,464,000","4,207,000","6,159,000","6,152,000","5,643,000","5,615,000","4,924,000","6,127,000","6,921,000","6,581,000","5,642,000","22,237,000","-16,000",,,"1,922,000","2,390,000","2,447,000","-1,550,000","1,310,000","817,000","529,000","491,000","1,492,000","3,594,000","292,000","265,000",,,,,,,,,,,,,,,"-27,775,000",,,,,,,,,,,,,,,,,,,,,,,,,,,,,,,,,,,,,,,,,,,,,,,,,,,,,,,,,,,,,,,,,,,,,,,,,,,,,,,
OperatingIncome,"828,974,000","201,364,000","220,767,000","202,234,000","204,609,000","142,895,000","170,093,000","125,254,000","107,439,000","60,074,000","106,768,000","60,278,000","68,983,000","48,302,000","75,301,000","62,361,000","73,195,000","49,369,000","50,393,000","34,854,000","48,556,000","33,506,000","57,669,000","37,032,000","37,699,000","13,554,000","33,863,000","24,461,000","29,121,000","11,702,000","32,026,000","22,226,000","29,792,000","15,014,000","29,468,000","28,052,000","28,167,000","16,335,000","40,452,000","4,821,000","-2,814,000","-8,000,000","-4,996,000","-15,279,000","-21,218,000","-22,057,000","-14,533,000","-5,691,000","-1,909,000","-15,395,000","5,439,000","-23,641,000","-11,331,000","-20,575,000","-44,246,000","-21,586,000","-13,262,000","-22,394,000","-15,242,000","-2,364,000","-9,978,000","-2,259,000","73,253,000","96,336,000","122,234,000","152,481,000","315,531,000","193,326,000","191,752,000","135,929,000","231,940,000","170,869,000","134,287,000","99,818,000","110,090,000","107,362,000","70,005,000","60,766,000","93,638,000","71,031,000","56,329,000","53,046,000","77,154,000","66,790,000","67,701,000","52,151,000","61,847,000","53,615,000","48,098,000","39,641,000","44,300,000","40,200,000","41,300,000","22,700,000","27,500,000","23,200,000","20,400,000","12,900,000","13,500,000","11,800,000","8,300,000","6,600,000","10,400,000","9,400,000","8,200,000","8,600,000","6,600,000","10,000,000","8,700,000","9,100,000","9,400,000","10,300,000","11,100,000","9,700,000","7,200,000","7,900,000","7,100,000","4,300,000","-52,200,000","17,300,000","19,000,000","22,400,000","21,700,000","16,700,000","21,800,000","15,900,000","25,500,000","12,600,000","28,900,000","25,100,000","-25,900,000","4,600,000","25,300,000","164,900,000","-481,000,000","179,500,000","185,400,000","129,600,000","-540,400,000","229,800,000","216,700,000","140,900,000","-474,100,000","207,900,000","163,900,000","128,900,000","-236,100,000","101,800,000"
NetNonOperatingInterestIncomeExpense,"5,561,000","755,000","789,000","3,149,000","868,000","967,000","2,924,000","756,000","720,000","1,889,000","-2,364,000","3,648,000","4,131,000","3,655,000","413,000","6,187,000","4,292,000","2,879,000","-50,960,000","55,473,000","4,085,000","3,306,000","2,711,000","2,904,000","3,325,000","2,691,000","2,157,000","1,723,000","3,816,000","2,758,000","2,879,000","6,832,000","5,314,000","13,652,000","6,626,000","7,345,000","8,515,000","6,240,000","-10,829,000","14,663,000","12,051,000","9,967,000","7,650,000","3,050,000","478,000","-1,404,000","-2,753,000","-1,456,000","-1,895,000","-5,946,000","-6,850,000","-7,036,000","-6,870,000","-5,669,000",,,,,,,,,,,,,,,,,,,,,,,,,,,,,,,,,,,,,,,,,,,,,,,,,,,,,,,,,,,,,,,,,,,,,,,,,,,,,,,,,,,,,,,,,,,,,,
	InterestIncomeNonOperating,"5,561,000","755,000","789,000","3,149,000","868,000","967,000","2,924,000","756,000","720,000","1,889,000","-2,364,000","3,648,000","4,131,000","3,655,000","413,000","6,187,000","4,292,000","2,879,000","-50,960,000","55,473,000","4,085,000","3,306,000","2,711,000","2,904,000","3,325,000","2,691,000","2,157,000","1,723,000","3,816,000","2,758,000","2,879,000","6,832,000","5,314,000","14,337,000","6,626,000","7,345,000","9,424,000","7,057,000","10,009,000","5,365,000","5,373,000","5,913,000","8,961,000","6,745,000","7,872,000","7,326,000","7,060,000","7,544,000","7,541,000","4,428,000","2,394,000","2,724,000","2,968,000","4,071,000",,,,,,,,,,,,,,,,,,,,,,,,,,,,,,,,,,,,,,,,,,,,,,,,,,,,,,,,,,,,,,,,,,,,,,,,,,,,,,,,,,,,,,,,,,,,,,
	InterestExpenseNonOperating,,,"0","0","0","0","0","0","0","0","0","0","0","0","0","0","0","0","0","0","0","0","0","0","0","0","0","0","0","0","0","0","0","685,000","0","0","909,000","817,000","0","0","0","808,000","1,311,000","3,695,000","7,394,000","8,730,000","9,813,000","9,000,000","9,436,000","10,374,000","9,244,000","9,760,000","9,838,000","9,740,000",,,,,,,,,,,,,,,,,,,,,,,,,,,,,,,,,,,,,,,,,,,,,,,,,,,,,,,,,,,,,,,,,,,,,,,,,,,,,,,,,,,,,,,,,,,,,,
	TotalOtherFinanceCost,,"-755,000",,,,,,,,,,,,,,,,,,,,,,,,,,,,,,,,,,,,,,"-9,298,000","-6,678,000","-4,862,000",,,,,,,,,,,,,,,,,,,,,,,,,,,,,,,,,,,,,,,,,,,,,,,,,,,,,,,,,,,,,,,,,,,,,,,,,,,,,,,,,,,,,,,,,,,,,,,,,,,,,,,,,,
OtherIncomeExpense,"-25,271,000","-237,000","-12,408,000","-12,691,000","65,000","450,000","-1,723,000","8,000","3,479,000","-13,401,000","7,842,000","-1,120,000","1,217,000","3,649,000","-6,428,000","-1,128,000","-871,000","-1,716,000","52,365,000","-647,000","-747,000","-452,000","-1,382,000","-1,884,000","-566,000","-1,972,000","-3,462,000","-2,526,000","-1,055,000","-1,134,000","-11,020,000","-5,134,000","-1,080,000","-10,026,000","-1,776,000","-488,000","1,330,000","11,000",,,"418,000","158,000","-22,430,000","-21,960,000","-9,063,000","-243,000","-17,780,000","-3,447,000","105,000","99,000","-13,970,000","-1,141,000","-862,000","-14,829,000","-59,619,000","-95,388,000","-88,278,000","-54,832,000","-175,199,000","-248,950,000","-161,050,000","-141,422,000","-158,164,000","1,234,000",,,,,,,,,,,"0",,,,,,,,,,"-4,272,000","-4,137,000",,,,,,,,,,,,,,,,,,,,,,,,,,,,,,,,,,,,,,,,,,,,,,,,,,,,,,,,,,,,,,
	GainOnSaleOfSecurity,,,,,,,,,,,,"767,000","2,327,000","4,840,000",,,,,,,,,,,,,,,,,,,,,,,,,,,,,,,,,,,,,,,,,,,,,,,,,,,,,,,,,,,,,,,,,,,,,,,,,,,,,,,,,,,,,,,,,,,,,,,,,,,,,,,,,,,,,,,,,,,,,,,,,,,,,,,,,,,,,,
	SpecialIncomeCharges,,,"-11,421,000","-12,150,000",,,,,,,,,,,"0","0","0","0","-75,000","-29,000","-81,000","-101,000","-398,000","-326,000","-288,000","-431,000","-1,793,000","-2,176,000","0","0","-8,741,000","-4,293,000","0","-9,412,000",,,,,,,"418,000","158,000","-22,430,000","-21,960,000","-9,063,000","-243,000","-17,780,000","-3,447,000","105,000","99,000","-13,970,000","-1,141,000","-862,000","-14,829,000","-59,619,000","-95,388,000","-88,278,000","-54,832,000","-175,199,000","-248,950,000","-161,050,000","-141,422,000","-158,164,000","1,234,000",,,,,,,,,,,"0",,,,,,,,,,"-4,272,000","-4,137,000",,,,,,,,,,,,,,,,,,,,,,,,,,,,,,,,,,,,,,,,,,,,,,,,,,,,,,,,,,,,,,
		ImpairmentOfCapitalAssets,,,,,,,,,,,,,,,,,,,,,,,,,,,,,,,,,,,,,,,,,,,"811,000","4,692,000","9,119,000","279,000","17,929,000","3,718,000","0","0","13,977,000","1,197,000","1,243,000","14,569,000",,,,,,,,,,,,,,,,,,,,,,,,,,,,,,,,,,,,,,,,,,,,,,,,,,,,,,,,,,,,,,,,,,,,,,,,,,,,,,,,,,,,,,,,,,,,,,
		WriteOff,,,,,,,,,,,,,,,"0","0","0","0","75,000","29,000","81,000","101,000","398,000","326,000","288,000","431,000","1,793,000","2,176,000",,,"0","4,293,000",,,,,,,,,,,,,,,,,,,,,,,,,,,,,,,,,,,,,,,,,,,,,,,,,,,,,,,,,,,,,,,,,,,,,,,,,,,,,,,,,,,,,,,,,,,,,,,,,,,,,,,,,,,,,,,,,,,,
		OtherSpecialCharges,,,"11,421,000","12,150,000",,,,,,,,,,,,,,,,,,,,,,,,,,,"8,741,000",,,"9,412,000",,,,,,,,,"21,619,000","17,268,000","-56,000","-36,000","-149,000","-271,000","-105,000","-99,000","-7,000","-56,000","-381,000","260,000",,,,,,,,,,,,,,,,,,,,,,,,,,,,,,,,,,,,,,,,,,,,,,,,,,,,,,,,,,,,,,,,,,,,,,,,,,,,,,,,,,,,,,,,,,,,,,
	OtherNonOperatingIncomeExpenses,"-1,700,000","-237,000","-987,000","-541,000","65,000","450,000","6,227,000","8,000","3,479,000","-13,401,000","15,776,000","-1,887,000","-1,110,000","-1,191,000","-6,428,000","-1,128,000","-871,000","-1,716,000","-1,182,000","-618,000","-666,000","-351,000","-984,000","-1,558,000","-278,000","-1,541,000","-1,669,000","-350,000","-1,055,000","-1,134,000","-2,279,000","-841,000","-1,080,000","-614,000","-1,776,000","-488,000","1,330,000","11,000",,,,,,,,,,,,,,,,,,,,,,,,,,,,,,,,,,,,,,,,,,,,,,,,,,,,,,,,,,,,,,,,,,,,,,,,,,,,,,,,,,,,,,,,,,,,,,,,,,,,,,,,,,,,,,
PretaxIncome,"809,264,000","201,882,000","209,148,000","192,692,000","205,542,000","144,312,000","171,294,000","126,018,000","111,638,000","48,562,000","112,246,000","62,806,000","74,331,000","55,606,000","69,286,000","67,420,000","76,616,000","50,532,000","51,798,000","89,680,000","51,894,000","36,360,000","58,998,000","38,052,000","40,458,000","14,273,000","32,558,000","23,658,000","31,882,000","13,326,000","23,885,000","23,924,000","34,026,000","18,640,000","34,318,000","34,909,000","38,012,000","22,586,000","29,851,000","19,484,000","9,655,000","2,125,000","-19,776,000","-34,189,000","-29,803,000","-23,704,000","-35,066,000","-10,594,000","-3,699,000","-21,242,000","-15,381,000","-31,818,000","-19,063,000","-41,073,000","-86,395,000","-116,974,000","-101,540,000","-77,226,000","-190,441,000","-251,314,000","-171,028,000","-143,681,000","-17,999,000","76,421,000","122,234,000","152,481,000","315,531,000","193,326,000","163,977,000","135,929,000","231,940,000","170,869,000","134,287,000","99,818,000","110,090,000","107,362,000","70,005,000","60,766,000","93,638,000","71,031,000","56,329,000","53,046,000","77,154,000","66,790,000","63,429,000","48,014,000","61,847,000","53,615,000","48,098,000","39,641,000","44,300,000","40,200,000","41,300,000","22,800,000","27,400,000","23,300,000","20,400,000","12,900,000","13,500,000","11,800,000","8,200,000","5,800,000","10,000,000","8,800,000","7,100,000","6,800,000","5,300,000","8,400,000","6,700,000","6,200,000","6,800,000","8,500,000","9,000,000","6,700,000","4,400,000","5,100,000","4,400,000","1,100,000","900,000","800,000",,"3,300,000","700,000","-5,400,000","-1,100,000","-8,400,000","-700,000","-12,700,000","2,800,000","-600,000","-57,700,000","-28,900,000","-8,800,000",,,,,,,,,,,,,,,
TaxProvision,"197,876,000","53,461,000","46,487,000","46,738,000","51,190,000","33,622,000","23,806,000","27,080,000","27,242,000","11,802,000","19,657,000","12,226,000","19,738,000","15,056,000","14,561,000","14,028,000","12,717,000","11,768,000","27,246,000","28,517,000","18,023,000","14,111,000","18,622,000","11,693,000","13,545,000","4,710,000","9,963,000","8,880,000","11,884,000","4,906,000","9,246,000","8,466,000","12,484,000","7,136,000","3,609,000","-1,342,000","-186,897,000","70,000","181,000","-642,000","-983,000","-140,000","-955,000","-2,479,000","-1,823,000","-3,825,000","-5,092,000","-355,000","-15,000","-369,000","-142,543,000","230,000","10,519,000","-220,000","2,633,000","997,000","-814,000","-4,406,000","90,651,000","-95,936,000","-64,956,000","-49,283,000","-11,634,000","27,715,000","45,743,000","57,060,000","118,052,000","72,336,000","61,354,000","51,298,000","89,317,000","65,796,000","51,719,000","38,917,000","43,068,000","41,886,000","27,311,000","23,729,000","36,564,000","27,472,000","21,993,000","20,710,000","30,090,000","26,265,000","24,586,000","18,731,000","22,634,000","19,355,000","19,289,000","18,620,000","17,700,000","16,100,000","16,300,000","9,000,000","10,600,000","9,000,000","7,800,000","5,000,000","5,300,000","4,500,000","3,100,000","2,200,000","3,700,000","3,200,000","2,600,000","2,500,000","1,900,000","2,900,000","2,400,000","2,100,000","2,400,000","3,100,000","3,300,000","2,900,000","1,500,000","1,900,000","1,400,000","200,000","400,000","100,000",,"1,300,000","700,000","-400,000","500,000","-2,000,000","1,600,000","-4,000,000","1,600,000","1,600,000","-3,400,000","-10,900,000","-3,500,000",,,,,,,,,,,,,,,
NetIncomeCommonStockholders,"608,276,000","147,665,000","161,798,000","145,197,000","153,630,000","110,069,000","146,513,000","98,288,000","83,912,000","36,529,000","92,000,000","50,256,000","54,270,000","40,300,000","54,386,000","53,064,000","63,599,000","38,535,000","24,425,000","60,851,000","33,712,000","22,138,000","40,241,000","26,265,000","26,827,000","9,523,000","22,548,000","14,747,000","19,960,000","8,395,000","14,383,000","15,458,000","21,456,000","11,452,000","30,263,000","35,604,000","223,042,000","22,141,000","28,569,000","20,126,000","10,638,000","2,265,000","-18,821,000","-31,710,000","-27,980,000","-19,879,000","-29,974,000","-10,239,000","-3,684,000","-20,873,000","127,162,000","-32,048,000","-29,582,000","-40,853,000","-89,028,000","-117,971,000","-100,726,000","-72,820,000","-281,092,000","-155,378,000","-106,072,000","-94,398,000","-6,365,000","48,706,000","76,491,000","95,421,000","197,479,000","120,990,000","102,623,000","84,631,000","142,623,000","105,073,000","82,568,000","60,901,000","67,022,000","65,476,000","42,694,000","37,037,000","57,074,000","43,559,000","34,336,000","32,336,000","47,064,000","40,525,000","38,843,000","29,283,000","39,213,000","34,260,000","28,809,000","21,021,000","26,600,000","24,100,000","25,000,000","13,800,000","16,800,000","14,300,000","12,600,000","-7,400,000","8,200,000","7,300,000","5,100,000","1,400,000","6,300,000","5,600,000","4,100,000","4,300,000","3,400,000","5,500,000","4,300,000","4,100,000","4,400,000","5,400,000","5,700,000","3,800,000","18,700,000","3,200,000","3,000,000","900,000","400,000","700,000","1,500,000","1,300,000","500,000","300,000","100,000","900,000","400,000","700,000","1,200,000","3,500,000","-54,300,000","-18,000,000","-5,300,000",,,,,,,,,,,,,,,
	NetIncome,"611,388,000","148,421,000","162,661,000","145,954,000","154,352,000","110,690,000","147,488,000","98,938,000","84,396,000","36,760,000","92,589,000","50,580,000","54,593,000","40,550,000","54,725,000","53,392,000","63,899,000","38,764,000","24,552,000","61,163,000","33,871,000","22,249,000","40,376,000","26,359,000","26,913,000","9,563,000","22,595,000","14,778,000","19,998,000","8,420,000","14,639,000","15,458,000","21,542,000","11,504,000","30,709,000","36,251,000","224,909,000","22,516,000","29,670,000","20,126,000","10,638,000","2,265,000","-18,821,000","-31,710,000","-27,980,000","-19,879,000","-29,974,000","-10,239,000","-3,684,000","-20,873,000","127,162,000","-32,048,000","-29,582,000","-40,853,000","-89,028,000","-117,971,000","-100,726,000","-72,820,000","-281,092,000","-155,378,000","-106,072,000","-94,398,000","-6,365,000","48,706,000","76,491,000","95,421,000","197,479,000","120,990,000","102,623,000","84,631,000","142,623,000","105,073,000","82,568,000","60,901,000","67,022,000","65,476,000","42,694,000","37,037,000","57,074,000","43,559,000","34,336,000","32,336,000","47,064,000","40,525,000","38,843,000","29,283,000","39,213,000","34,260,000","28,809,000","21,021,000","26,600,000","24,100,000","25,000,000","13,800,000","16,800,000","14,300,000","12,600,000","-7,400,000","8,200,000","7,300,000","5,100,000","1,400,000","6,300,000","5,600,000","4,100,000","4,300,000","3,400,000","5,500,000","4,300,000","4,100,000","4,400,000","5,400,000","5,700,000","3,800,000","18,700,000","3,200,000","3,000,000","900,000","400,000","700,000","1,500,000","1,300,000","500,000","300,000","100,000","900,000","400,000","700,000","1,200,000","3,500,000","-54,300,000","-18,000,000","-5,300,000",,,,,,,,,,,,,,,
		NetIncomeIncludingNoncontrollingInterests,"611,388,000","148,421,000","162,661,000","145,954,000","154,352,000","110,690,000","147,488,000","98,938,000","84,396,000","36,760,000","92,589,000","50,580,000","54,593,000","40,550,000","54,725,000","53,392,000","63,899,000","38,764,000","24,552,000","61,163,000","33,871,000","22,249,000","40,376,000","26,359,000","26,913,000","9,563,000","22,595,000","14,778,000","19,998,000","8,420,000","14,639,000","15,458,000","21,542,000","11,504,000","30,709,000","36,251,000","224,909,000","22,516,000","29,670,000","20,126,000","10,638,000","2,265,000","-18,821,000","-31,710,000","-27,980,000","-19,879,000","-29,974,000","-10,239,000","-3,684,000","-20,873,000","127,162,000","-32,048,000","-29,582,000","-40,853,000","-89,028,000","-117,971,000","-100,726,000","-72,820,000","-281,092,000","-155,378,000","-106,072,000","-94,398,000","-6,365,000","48,706,000","76,491,000","95,421,000","197,479,000","120,990,000","102,623,000","84,631,000","142,623,000","105,073,000","82,568,000","60,901,000","67,022,000","65,476,000","42,694,000","37,037,000","57,074,000","43,559,000","34,336,000","32,336,000","47,064,000","40,525,000","38,843,000","29,283,000","39,213,000","34,260,000","28,809,000","21,021,000","26,600,000","24,100,000","25,000,000","13,800,000","16,800,000","14,300,000","12,600,000","-7,400,000","8,200,000","7,300,000","5,100,000","1,400,000","6,300,000","5,600,000","4,100,000","4,300,000","3,400,000","5,500,000","4,300,000","4,100,000","4,400,000","5,400,000","5,700,000","3,800,000","18,700,000","3,200,000","3,000,000","900,000","400,000","700,000","1,500,000","1,300,000","500,000","300,000","100,000","900,000","400,000","700,000","1,200,000","2,200,000","-54,300,000","-18,000,000","-5,300,000","-12,500,000","-31,000,000","-35,800,000","-21,800,000","1,900,000","4,000,000","2,300,000","3,700,000","6,100,000","10,800,000","8,500,000","8,600,000","7,800,000","11,200,000","4,500,000"
			NetIncomeContinuousOperations,"611,388,000","148,421,000","162,661,000","145,954,000","154,352,000","110,690,000","147,488,000","98,938,000","84,396,000","36,760,000","92,589,000","50,580,000","54,593,000","40,550,000","54,725,000","53,392,000","63,899,000","38,764,000","24,552,000","61,163,000","33,871,000","22,249,000","40,376,000","26,359,000","26,913,000","9,563,000","22,595,000","14,778,000","19,998,000","8,420,000","14,639,000","15,458,000","21,542,000","11,504,000","30,709,000","36,251,000","224,909,000","22,516,000","29,670,000","20,126,000","10,638,000","2,265,000","-18,821,000","-31,710,000","-27,980,000","-19,879,000","-29,974,000","-10,239,000","-3,684,000","-20,873,000","127,162,000","-32,048,000","-29,582,000","-40,853,000","-89,028,000","-117,971,000","-100,726,000","-72,820,000","-281,092,000","-155,378,000","-106,072,000","-94,398,000","-6,365,000","48,706,000","76,491,000","95,421,000","197,479,000","120,990,000","102,623,000","84,631,000","142,623,000","105,073,000","82,568,000","60,901,000","67,022,000","65,476,000","42,694,000","37,037,000","57,074,000","43,559,000","34,336,000","32,336,000","47,064,000","40,525,000","38,843,000","29,283,000","39,213,000","34,260,000","28,809,000","21,021,000","26,600,000","24,100,000","25,000,000","13,800,000","16,800,000","14,300,000","12,600,000","7,900,000","8,200,000","7,300,000","5,100,000","3,600,000","6,300,000","5,600,000","4,500,000","4,300,000","3,400,000","5,500,000","4,300,000","4,100,000","4,400,000","5,400,000","5,700,000","3,800,000","2,900,000","3,200,000","3,000,000","900,000","500,000","700,000","1,500,000","2,000,000","0","-5,000,000","-1,600,000","-6,400,000","-2,300,000","-8,700,000","1,200,000","-2,200,000","-54,300,000","-18,000,000","-5,300,000","-12,500,000","-31,000,000","-35,800,000","-21,800,000","1,900,000","4,000,000","2,300,000","3,700,000","6,100,000","10,800,000","8,500,000","8,600,000","7,800,000","11,200,000","4,500,000"
			NetIncomeExtraordinary,,,,,,,,,,,,,,,,,,,,,,,,,,,,,,,,,,,,,,,,,,,,,,,,,,,,,,,,,,,,,,,,,,,,,,,,,,,,,,,,,,,,,,,,,,,,,,,,,,,,,,,,,,,,,,,,,,,,,,,"0",,,,,,,,,,,,,,,,,,,,,,,,,,,,,
			NetIncomeFromTaxLossCarryforward,,,,,,,,,,,,,,,,,,,,,,,,,,,,,,,,,,,,,,,,,,,,,,,,,,,,,,,,,,,,,,,,,,,,,,,,,,,,,,,,,,,,,,,,,,,,,,,"0",,,"-15,300,000","0",,,"-2,200,000","0",,"-400,000",,,,,,,,,,,,,,"-100,000",,,"-700,000","500,000","5,300,000","1,700,000","7,300,000","2,700,000","9,400,000",,"5,700,000",,,,,,,,,,,,,,,,,,
		MinorityInterests,,,,,,,,,,,,,,,,,,,,,,,,,,,,,,,,,,,,,,,,,,,,,,,,,,,,,,,,,,,,,,,,,,,,,,,,,,,,,,,,,,,,,,,,,,,,,,,,,,,,,,,,,,,,,,,,,,,,,,,,,,,,,,,"0",,,"1,300,000",,,,,,,,,,,,,,,,,,
	OtherunderPreferredStockDividend,"3,112,000","756,000","863,000","757,000","722,000","621,000","975,000","650,000","484,000","231,000","589,000","324,000","323,000","250,000","339,000","328,000","300,000","229,000","127,000","312,000","159,000","111,000","135,000","94,000","86,000","40,000","47,000","31,000","38,000","25,000",,,"86,000","52,000","446,000","647,000","1,867,000","375,000",,,,,,,,,,,,,,,,,,,,,,,,,,,,,,,,,,,,,,,,,,,,,,,,,,,,,,,,,,,,,,,,,,,,,,,,,,,,,,,,,,,,,,,,,,,,,,,,,,,,,,,,,,,,,,
AverageDilutionEarnings,"74,000","16,000","21,000","18,000","20,000","16,000","21,000","14,000","6,000","3,000","14,000","7,000","4,000","3,000","2,000","4,000","3,000","2,000","4,000","4,000","2,000","0","0","0","0","0","0","0","0","0",,,"0","0","0","4,000","18,000",,,,,,,,,,,,,,,,,,,,,,,,,,,,,,,,,,,,,,,,,,,,,,,,,,,,,,,,,,,,,,,,,,,,,,,,,,,,,,,,,,,,,,,,,,,,,,,,,,,,,,,,,,,,,,,
DilutedNIAvailtoComStockholders,"608,350,000","147,681,000","161,819,000","145,215,000","153,650,000","110,085,000","146,534,000","98,302,000","83,918,000","36,532,000","92,014,000","50,263,000","54,274,000","40,303,000","54,388,000","53,068,000","63,602,000","38,537,000","24,429,000","60,855,000","33,714,000","22,138,000","40,241,000","26,265,000","26,827,000","9,523,000","22,548,000","14,747,000","19,960,000","8,395,000","14,383,000","15,458,000","21,456,000","11,452,000","30,263,000","35,608,000","223,060,000","22,141,000","28,569,000","20,126,000","10,638,000","2,265,000","-18,821,000","-31,710,000","-27,980,000","-19,879,000","-29,974,000","-10,239,000","-3,684,000","-20,873,000","127,162,000","-32,048,000","-29,582,000","-40,853,000","-89,028,000","-117,971,000","-100,726,000","-72,820,000","-281,092,000","-155,378,000","-106,072,000","-94,398,000","-6,365,000","48,706,000","76,491,000","95,421,000","197,479,000","120,990,000","102,623,000","84,631,000","142,623,000","105,073,000","82,568,000","60,901,000","67,022,000","65,476,000","42,694,000","37,037,000","57,074,000","43,559,000","34,336,000","32,336,000","47,064,000","40,525,000","38,843,000","29,283,000","39,213,000","34,260,000","28,809,000","21,021,000","26,600,000","24,100,000","25,000,000","13,800,000","16,800,000","14,300,000","12,600,000","-7,400,000","8,200,000","7,300,000","5,100,000","1,400,000","6,300,000","5,600,000","4,100,000","4,300,000","3,400,000","5,500,000","4,300,000","4,100,000","4,400,000","5,400,000","5,700,000","3,800,000","18,700,000","3,200,000","3,000,000","900,000","400,000","700,000","1,500,000","1,300,000","500,000","300,000","100,000","900,000","400,000","700,000","1,200,000","3,500,000","-54,300,000","-18,000,000","-5,300,000",,,,,,,,,,,,,,,
BasicEPS,,"2.09","2.3","2.07","2.19","1.58","2.27","1.426","1.231","0.537","1.37","0.75","0.815","0.611","0.832","0.806","0.969","0.592",,"0.937","0.516","0.341","0.619","0.408","0.416","0.151","0.355","0.227","0.31","0.129","0.227","0.242","0.333","0.181","0.469","0.552","3.478","0.348",,"0.318","0.166","0.03","-0.302","-0.514","-0.454","-0.325",,"-0.166","-0.06","-0.34",,"-0.522","-0.484","-0.665",,"-1.928","-1.648","-1.195",,"-2.571","-1.754","-1.565",,"0.817","1.285","1.61",,"2.064","1.777","1.474",,"1.867","1.477","1.088",,"1.19","0.788","0.615",,"0.783","0.61","0.582",,"0.73","0.703","0.542",,"0.643","0.532","0.377",,"0.225","0.234","0.128",,"0.163","0.147","-0.085",,"0.087","0.06","0.016",,"0.064","0.046","0.046",,"0.057","0.044","0.041",,"0.055","0.057","0.039",,"0.03","0.03","0.009",,"0.007","0.014","0.011",,"-0.048","-0.014","-0.067",,"-0.096","0.011","-0.023",,"-0.236","-0.069","-0.158",,"-0.438","-0.259","0.021",,"0.025","0.039","0.062",,"0.085","0.085","0.094",,"0.069"
DilutedEPS,,"2.02","2.21","1.99","2.11","1.51","2.19","1.38","1.213","0.519","1.315","0.731","0.796","0.593","0.814","0.797","0.96","0.583",,"0.921","0.508","0.341","0.619","0.408","0.416","0.151","0.348","0.227","0.31","0.129","0.227","0.242","0.333","0.174","0.469","0.552","3.448","0.34",,"0.31","0.166","0.03","-0.302","-0.514","-0.454","-0.325",,"-0.166","-0.06","-0.34",,"-0.522","-0.484","-0.665",,"-1.928","-1.648","-1.195",,"-2.571","-1.754","-1.565",,"0.801","1.255","1.573",,"1.981","1.701","1.406",,"1.785","1.413","1.041",,"1.142","0.756","0.596",,"0.755","0.586","0.558",,"0.712","0.682","0.524",,"0.628","0.524","0.373",,"0.22","0.229","0.126",,"0.135","0.122","-0.085",,"0.073","0.055","0.016",,"0.057","0.041","0.041",,"0.053","0.041","0.039",,"0.05","0.053","0.037",,"0.03","0.03","0.009",,"0.007","0.014","0.011",,"-0.048","-0.014","-0.067",,"-0.096","0.011","-0.023",,"-0.236","-0.069","-0.158",,"-0.438","-0.259","0.021",,"0.025","0.039","0.062",,"0.085","0.085","0.094",,"0.069"
BasicAverageShares,,"70,766,146","70,303,149","70,301,085","70,291,057","69,790,927","64,427,363","68,977,964","68,057,093","67,490,537","67,168,276","66,936,450","66,243,316","65,814,513","65,625,787","65,518,576","65,438,170","65,168,035",,"65,064,578","64,893,193","64,674,735","64,616,707","64,619,613","64,615,563","64,584,640","64,532,463","64,529,089","64,505,344","64,434,733","64,330,229","64,317,076","64,337,306","64,264,264","64,147,561","64,141,029","64,080,737","63,942,039",,"63,173,766","62,693,337","62,579,257","62,236,229","61,818,917","61,795,109","61,791,141",,"61,670,775","61,660,194","61,654,903",,"61,633,740","61,568,927","61,369,200",,"61,133,760","60,989,586","60,781,922",,"60,514,737","60,476,379","60,184,063",,"59,484,356","59,440,707","59,283,306",,"58,699,996","57,825,693","57,481,792",,"56,205,521","55,973,387","55,957,912",,"54,977,105","54,262,134","60,327,093",,"55,608,285","56,178,370","55,581,237",,"55,456,609","55,069,824","53,955,245",,"53,318,768","54,068,992","55,662,588",,"56,181,202","56,077,986","56,072,953",,"45,929,822","45,521,980","45,265,194",,"44,285,875","44,285,875","45,884,026",,"45,557,225","47,447,890","48,522,876",,"48,696,590","48,459,942","48,605,957",,"51,642,992","47,964,826","47,916,958",,"51,864,691","51,683,304","51,345,717",,"50,874,608","50,826,739","50,998,054",,"50,809,108","50,796,512","50,796,512",,"50,796,512","50,796,512","48,030,326",,"40,031,569","40,031,569","41,570,857",,"44,143,056","44,301,774","48,715,575",,"50,181,801","49,985,301","49,846,737",,"49,506,632","48,345,237","37,131,862",,"34,453,857"
DilutedAverageShares,,"72,938,414","73,110,624","72,800,011","72,715,273","72,788,177","66,824,728","71,090,902","69,207,415","70,125,723","69,778,105","69,085,672","68,389,128","67,725,000","66,649,548","66,749,175","66,532,629","66,363,368",,"66,262,259","66,064,491","64,988,563","64,845,860","64,825,341","64,629,308","64,591,879","64,748,845","64,905,156","64,818,844","64,668,688","64,528,704","64,588,368","64,617,343","64,619,961","64,453,584","64,505,096","64,699,731","64,709,455",,"63,718,728","63,162,420","62,927,959","62,236,229","61,818,917","61,795,109","61,791,141",,"61,670,775","61,660,194","61,654,903",,"61,633,740","61,568,927","61,369,200",,"61,133,760","60,989,586","60,781,922",,"60,514,737","60,476,379","60,184,063",,"60,669,493","60,807,054","60,804,408",,"61,185,345","60,451,248","60,267,393",,"58,783,062","58,506,221","58,571,562",,"57,316,838","56,586,736","62,278,699",,"57,591,100","58,469,114","57,784,596",,"56,946,529","56,832,095","56,047,084",,"54,630,401","54,937,540","56,271,831",,"56,181,202","56,077,986","56,072,953",,"45,929,822","45,521,980","45,265,194",,"44,285,875","44,285,875","45,884,026",,"45,557,225","47,447,890","48,522,876",,"48,696,590","48,459,942","48,605,957",,"51,642,992","47,964,826","47,916,958",,"51,864,691","51,683,304","51,345,717",,"50,874,608","50,826,739","50,998,054",,"50,809,108","50,796,512","50,796,512",,"50,796,512","50,796,512","48,030,326",,"40,031,569","40,031,569","41,570,857",,"44,143,056","44,301,774","48,715,575",,"50,181,801","49,985,301","49,846,737",,"49,506,632","48,345,237","37,131,862",,"34,453,857"
TotalExpenses,"4,608,464,000","1,068,287,000","1,245,124,000","1,098,571,000","1,196,482,000","943,986,000","1,055,073,000","912,098,000","812,283,000","658,897,000","997,700,000","712,384,000","682,458,000","616,380,000","806,574,000","723,277,000","697,785,000","577,354,000","673,721,000","568,897,000","619,488,000","548,199,000","678,660,000","558,388,000","549,635,000","394,207,000","545,048,000","444,026,000","444,007,000","376,808,000","473,646,000","396,177,000","412,960,000","312,743,000","442,694,000","419,948,000","387,851,000","327,919,000","397,294,000","315,841,000","261,161,000","194,268,000","252,372,000","226,639,000","236,903,000","191,804,000","274,099,000","231,372,000","328,239,000","162,473,000","318,440,000","226,867,000","206,597,000","196,507,000","323,062,000","382,835,000","425,160,000","428,539,000","799,998,000","689,025,000","726,686,000","747,383,000","1,269,966,000","986,557,000","1,110,702,000","990,213,000","1,420,561,000","974,486,000","854,588,000","797,987,000","1,111,916,000","855,260,000","741,196,000","663,786,000","751,990,000","691,544,000","619,437,000","508,876,000","677,384,000","510,667,000","453,101,000","403,328,000","599,451,000","454,522,000","440,534,000","367,571,000","476,654,000","392,624,000","371,549,000","307,517,000","416,300,000","369,900,000","358,500,000","274,400,000","356,700,000","308,400,000","283,500,000","230,600,000","258,400,000","254,800,000","229,000,000","187,200,000","241,900,000","223,900,000","229,600,000","190,600,000","216,900,000","224,600,000","206,600,000","183,400,000","234,800,000","203,900,000","186,700,000","159,000,000","173,800,000","184,800,000","154,100,000","112,900,000","191,700,000","123,300,000","111,600,000","80,200,000","94,300,000","99,500,000","90,600,000","72,800,000","89,900,000","111,100,000","118,700,000","104,700,000","186,600,000","200,700,000","171,200,000",,,,,,,,,,,,,,,
NetIncomeFromContinuingAndDiscontinuedOperation,"611,388,000","148,421,000","162,661,000","145,954,000","154,352,000","110,690,000","147,488,000","98,938,000","84,396,000","36,760,000","92,589,000","50,580,000","54,593,000","40,550,000","54,725,000","53,392,000","63,899,000","38,764,000","24,552,000","61,163,000","33,871,000","22,249,000","40,376,000","26,359,000","26,913,000","9,563,000","22,595,000","14,778,000","19,998,000","8,420,000","14,639,000","15,458,000","21,542,000","11,504,000","30,709,000","36,251,000","224,909,000","22,516,000","29,670,000","20,126,000","10,638,000","2,265,000","-18,821,000","-31,710,000","-27,980,000","-19,879,000","-29,974,000","-10,239,000","-3,684,000","-20,873,000","127,162,000","-32,048,000","-29,582,000","-40,853,000","-89,028,000","-117,971,000","-100,726,000","-72,820,000","-281,092,000","-155,378,000","-106,072,000","-94,398,000","-6,365,000","48,706,000","76,491,000","95,421,000","197,479,000","120,990,000","102,623,000","84,631,000","142,623,000","105,073,000","82,568,000","60,901,000","67,022,000","65,476,000","42,694,000","37,037,000","57,074,000","43,559,000","34,336,000","32,336,000","47,064,000","40,525,000","38,843,000","29,283,000","39,213,000","34,260,000","28,809,000","21,021,000","26,600,000","24,100,000","25,000,000","13,800,000","16,800,000","14,300,000","12,600,000","7,900,000","8,200,000","7,300,000","5,100,000","3,600,000","6,300,000","5,600,000","4,500,000","4,300,000","3,400,000","5,500,000","4,300,000","4,100,000","4,400,000","5,400,000","5,700,000","3,800,000","2,900,000","3,200,000","3,000,000","900,000","500,000","700,000","1,500,000","2,000,000","0","-5,000,000","-1,600,000","-6,400,000","-2,300,000","-8,700,000","1,200,000","-2,200,000","-54,300,000","-18,000,000","-5,300,000",,,,,,,,,,,,,,,
NormalizedIncome,"629,195,571.507","148,421,000","171,543,472.13","155,151,550","154,352,000","110,690,000","147,488,000","98,938,000","84,396,000","36,760,000","92,589,000","49,962,565","52,884,982","37,021,640","54,725,000","53,392,000","63,899,000","38,764,000","-7,576,200","61,182,778","33,923,893","22,310,812","40,648,376.148","26,584,918","27,104,520","9,851,770","23,839,328.122","16,138,000","19,998,000","8,420,000","19,996,316.265","18,231,278","21,542,000","17,311,204","30,709,000","36,251,000","224,909,000","22,516,000","29,670,000","20,126,000","10,366,300","2,162,300","2,525,836.064","-11,342,291.088","-19,471,368.654","-19,675,211.736","-14,775,867.336","-6,907,507.363","-3,788,574.209","-20,970,280.247","136,242,500","-31,306,350","-29,021,700","-26,103,428.822","-50,275,650","-55,968,800","-13,155,684.578","-21,116,347.862","-167,212,650","-1,461,572.344","-6,188,380.943","-1,484,156.444","88,533,400","47,919,525.026","76,491,000","95,421,000","197,479,000","120,990,000","102,623,000","84,631,000","142,623,000","105,073,000","82,568,000","60,901,000","67,022,000","65,476,000","42,694,000","37,037,000","57,074,000","43,559,000","34,336,000","32,336,000","47,064,000","40,525,000","41,459,110.864","31,806,092.66","39,213,000","34,260,000","28,809,000","21,021,000","26,600,000","24,100,000","25,000,000","13,800,000","16,800,000","14,300,000","12,600,000","7,900,000","8,200,000","7,300,000","5,100,000","3,600,000","6,300,000","5,600,000","4,500,000","4,300,000","3,400,000","5,500,000","4,300,000","4,100,000","4,400,000","5,400,000","5,700,000","3,800,000","2,900,000","3,200,000","3,000,000","900,000","500,000","700,000","1,500,000","2,000,000","0","-5,000,000","-1,600,000","-6,400,000","-2,300,000","-8,700,000","1,200,000","-2,200,000","-54,300,000","-18,000,000","-5,300,000",,,,,,,,,,,,,,,
InterestIncome,"5,561,000","755,000","789,000","3,149,000","868,000","967,000","2,924,000","756,000","720,000","1,889,000","-2,364,000","3,648,000","4,131,000","3,655,000","413,000","6,187,000","4,292,000","2,879,000","-50,960,000","55,473,000","4,085,000","3,306,000","2,711,000","2,904,000","3,325,000","2,691,000","2,157,000","1,723,000","3,816,000","2,758,000","2,879,000","6,832,000","5,314,000","14,337,000","6,626,000","7,345,000","9,424,000","7,057,000","10,009,000","5,365,000","5,373,000","5,913,000","8,961,000","6,745,000","7,872,000","7,326,000","7,060,000","7,544,000","7,541,000","4,428,000","2,394,000","2,724,000","2,968,000","4,071,000",,,,,,,,,,,,,,,,,,,,,,,,,,,,,,,,,,,,,,,,,,,,,,,,,,,,,,,,,,,,,,,,,,,,,,,,,,,,,,,,,,,,,,,,,,,,,,
InterestExpense,,,"0","0","0","0","0","0","0","0","0","0","0","0","0","0","0","0","0","0","0","0","0","0","0","0","0","0","0","0","0","0","0","685,000","0","0","909,000","817,000","0","0","0","808,000","1,311,000","3,695,000","7,394,000","8,730,000","9,813,000","9,000,000","9,436,000","10,374,000","9,244,000","9,760,000","9,838,000","9,740,000",,,,,,,,,,,,,,,,,,,,,,,,,,,,,,,,,,,,,,,,,,,,,,,,,,,,,,,,,,,,,,,,,,,,,,,,,,,,,,,,,,,,,,,,,,,,,,
NetInterestIncome,"5,561,000","755,000","789,000","3,149,000","868,000","967,000","2,924,000","756,000","720,000","1,889,000","-2,364,000","3,648,000","4,131,000","3,655,000","413,000","6,187,000","4,292,000","2,879,000","-50,960,000","55,473,000","4,085,000","3,306,000","2,711,000","2,904,000","3,325,000","2,691,000","2,157,000","1,723,000","3,816,000","2,758,000","2,879,000","6,832,000","5,314,000","13,652,000","6,626,000","7,345,000","8,515,000","6,240,000","-10,829,000","14,663,000","12,051,000","9,967,000","7,650,000","3,050,000","478,000","-1,404,000","-2,753,000","-1,456,000","-1,895,000","-5,946,000","-6,850,000","-7,036,000","-6,870,000","-5,669,000",,,,,,,,,,,,,,,,,,,,,,,,,,,,,,,,,,,,,,,,,,,,,,,,,,,,,,,,,,,,,,,,,,,,,,,,,,,,,,,,,,,,,,,,,,,,,,
EBIT,"828,974,000","201,364,000","227,959,000","192,692,000","205,542,000","144,312,000","176,642,000","126,018,000","111,638,000","48,562,000","112,246,000","62,806,000","74,331,000","55,606,000","69,286,000","67,420,000","76,616,000","50,532,000","51,798,000","89,680,000","51,894,000","36,360,000","58,998,000","38,052,000","40,458,000","14,273,000","32,558,000","23,658,000","31,882,000","13,326,000","23,885,000","23,924,000","34,026,000","19,325,000","34,318,000","34,909,000","38,921,000","23,403,000","29,851,000","19,484,000","9,655,000","2,933,000","-18,465,000","-30,494,000","-22,409,000","-14,974,000","-25,253,000","-1,594,000","5,737,000","-10,868,000","-6,137,000","-22,058,000","-9,225,000","-31,333,000","-44,246,000","-21,586,000","-13,262,000","-22,394,000","-15,242,000","-2,364,000","-9,978,000","-2,259,000","73,253,000","96,336,000","122,234,000","152,481,000","315,531,000","193,326,000","191,752,000","135,929,000","231,940,000","170,869,000","134,287,000","99,818,000","110,090,000","107,362,000","70,005,000","60,766,000","93,638,000","71,031,000","56,329,000","53,046,000","77,154,000","66,790,000","67,701,000","52,151,000","61,847,000","53,615,000","48,098,000","39,641,000","44,300,000","40,200,000","41,300,000","22,700,000","27,500,000","23,200,000","20,400,000","12,900,000","13,500,000","11,800,000","8,300,000","6,600,000","10,400,000","9,400,000","8,200,000","8,600,000","6,600,000","10,000,000","8,700,000","9,100,000","9,400,000","10,300,000","11,100,000","9,700,000","7,200,000","7,900,000","7,100,000","4,300,000","-52,200,000","17,300,000","19,000,000","22,400,000","21,700,000","16,700,000","21,800,000","15,900,000","25,500,000","12,600,000","28,900,000","25,100,000","-25,900,000","4,600,000","25,300,000","164,900,000","-481,000,000","179,500,000","185,400,000","129,600,000","-540,400,000","229,800,000","216,700,000","140,900,000","-474,100,000","207,900,000","163,900,000","128,900,000","-236,100,000","101,800,000"
EBITDA,"860,289,000"
ReconciledCostOfRevenue,"4,100,150,000","938,973,000","1,115,101,000","978,455,000","1,067,621,000","828,993,000","937,124,000","808,466,000","719,967,000","569,576,000","892,599,000","619,668,000","599,746,000","534,119,000","713,208,000","639,754,000","616,214,000","506,013,000","592,342,000","499,795,000","548,779,000","481,901,000","610,741,000","496,484,000","485,195,000","337,930,000","481,488,000","386,582,000","389,226,000","326,276,000","419,045,000","345,665,000","363,162,000","264,402,000","387,273,000","362,195,000","335,943,000","279,718,000","347,542,000","271,069,000","221,938,000","160,144,000","204,454,000","171,167,000","180,838,000","140,998,000","208,817,000","172,017,000","260,036,000","109,581,000","254,579,000","161,029,000","153,618,000","142,666,000","300,765,000","285,367,000","344,378,000","342,986,000","683,051,000","559,854,000","592,745,000","604,306,000","1,085,005,000","821,225,000","1,110,575,000","960,180,000","1,386,781,000","946,661,000","734,772,000","767,571,000","1,078,323,000","827,355,000","719,686,000","645,210,000","731,071,000","673,385,000","595,290,000","497,400,000","661,649,000","500,169,000","442,667,000","393,268,000","586,504,000","443,425,000","429,024,000","357,165,000","458,431,000","375,354,000","358,119,000","295,187,000","404,600,000","357,500,000","345,400,000","264,200,000","344,300,000","297,600,000","274,600,000","222,900,000","250,300,000","249,000,000","222,100,000","181,100,000","235,500,000","217,900,000","223,400,000","185,500,000","210,100,000","218,700,000","200,700,000","178,200,000",,,,,,,,,,,,,,,,,,,,,,,,,,,,,,,,,,,,,,
ReconciledDepreciation,"31,315,000","6,652,000","7,736,000","7,752,000","9,175,000","7,003,000","8,285,000","7,354,000","6,375,000","5,152,000","7,576,000","5,537,000","5,063,000","4,878,000","5,920,000","5,454,000","5,316,000","4,636,000","1,116,000","1,501,000","1,376,000","1,328,000","1,430,000","1,335,000","1,294,000","1,073,000","985,000","992,000","1,009,000","1,083,000","1,000,000","995,000","999,000","934,000","904,000","888,000","994,000","1,078,000","1,058,000","1,052,000","1,349,000","1,307,000","1,658,000","1,496,000","1,627,000","1,590,000","1,875,000","1,311,000","1,308,000","1,265,000","1,247,000","1,235,000","1,297,000","1,623,000","-17,652,000","8,902,000","9,346,000","8,612,000","13,348,000","11,777,000","10,297,000","11,920,000","17,592,000","13,125,000","14,976,000","13,722,000","20,274,000","12,932,000","11,592,000","9,994,000","13,150,000","11,663,000","8,163,000","8,930,000","9,814,000","9,388,000","9,447,000","7,028,000","9,541,000","6,548,000","5,569,000","5,249,000","9,556,000","6,348,000","6,165,000","5,376,000","6,999,000","6,102,000","4,915,000","3,776,000","4,800,000","3,700,000","5,400,000","3,900,000","5,600,000","5,500,000","4,900,000","4,200,000","4,500,000","4,100,000","3,600,000","2,900,000","3,300,000","3,100,000","3,200,000","2,500,000","3,100,000","2,700,000","2,400,000","2,100,000",,,,,,,,,,,,,,,,,,,,,,,,,,,,,,,,,,,,,,
NetIncomeFromContinuingOperationNetMinorityInterest,"611,388,000","148,421,000","162,661,000","145,954,000","154,352,000","110,690,000","147,488,000","98,938,000","84,396,000","36,760,000","92,589,000","50,580,000","54,593,000","40,550,000","54,725,000","53,392,000","63,899,000","38,764,000","24,552,000","61,163,000","33,871,000","22,249,000","40,376,000","26,359,000","26,913,000","9,563,000","22,595,000","14,778,000","19,998,000","8,420,000","14,639,000","15,458,000","21,542,000","11,504,000","30,709,000","36,251,000","224,909,000","22,516,000","29,670,000","20,126,000","10,638,000","2,265,000","-18,821,000","-31,710,000","-27,980,000","-19,879,000","-29,974,000","-10,239,000","-3,684,000","-20,873,000","127,162,000","-32,048,000","-29,582,000","-40,853,000","-89,028,000","-117,971,000","-100,726,000","-72,820,000","-281,092,000","-155,378,000","-106,072,000","-94,398,000","-6,365,000","48,706,000","76,491,000","95,421,000","197,479,000","120,990,000","102,623,000","84,631,000","142,623,000","105,073,000","82,568,000","60,901,000","67,022,000","65,476,000","42,694,000","37,037,000","57,074,000","43,559,000","34,336,000","32,336,000","47,064,000","40,525,000","38,843,000","29,283,000","39,213,000","34,260,000","28,809,000","21,021,000","26,600,000","24,100,000","25,000,000","13,800,000","16,800,000","14,300,000","12,600,000","7,900,000","8,200,000","7,300,000","5,100,000","3,600,000","6,300,000","5,600,000","4,500,000","4,300,000","3,400,000","5,500,000","4,300,000","4,100,000","4,400,000","5,400,000","5,700,000","3,800,000","2,900,000","3,200,000","3,000,000","900,000","500,000","700,000","1,500,000","2,000,000","0","-5,000,000","-1,600,000","-6,400,000","-2,300,000","-8,700,000","1,200,000","-2,200,000","-54,300,000","-18,000,000","-5,300,000",,,,,,,,,,,,,,,
TotalUnusualItemsExcludingGoodwill,"-23,571,000",,"-11,421,000","-12,150,000",,,,,,,,"767,000","2,327,000","4,840,000","0","0","0","0","53,547,000","-29,000","-81,000","-101,000","-398,000","-326,000","-288,000","-431,000","-1,793,000","-2,176,000","0","0","-8,741,000","-4,293,000","0","-9,412,000",,,,,,,"418,000","158,000","-22,430,000","-21,960,000","-9,063,000","-243,000","-17,780,000","-3,447,000","105,000","99,000","-13,970,000","-1,141,000","-862,000","-14,829,000","-59,619,000","-95,388,000","-88,278,000","-54,832,000","-175,199,000","-248,950,000","-161,050,000","-141,422,000","-158,164,000","1,234,000",,,,,,,,,,,"0",,,,,,,,,,"-4,272,000","-4,137,000",,,,,,,,,,,,,,,,,,,,,,,,,,,,,,,,,,,,,,,,,,,,,,,,,,,,,,,,,,,,,,
TotalUnusualItems,"-23,571,000",,"-11,421,000","-12,150,000",,,,,,,,"767,000","2,327,000","4,840,000","0","0","0","0","53,547,000","-29,000","-81,000","-101,000","-398,000","-326,000","-288,000","-431,000","-1,793,000","-2,176,000","0","0","-8,741,000","-4,293,000","0","-9,412,000",,,,,,,"418,000","158,000","-22,430,000","-21,960,000","-9,063,000","-243,000","-17,780,000","-3,447,000","105,000","99,000","-13,970,000","-1,141,000","-862,000","-14,829,000","-59,619,000","-95,388,000","-88,278,000","-54,832,000","-175,199,000","-248,950,000","-161,050,000","-141,422,000","-158,164,000","1,234,000",,,,,,,,,,,"0",,,,,,,,,,"-4,272,000","-4,137,000",,,,,,,,,,,,,,,,,,,,,,,,,,,,,,,,,,,,,,,,,,,,,,,,,,,,,,,,,,,,,,
NormalizedEBITDA,"883,860,000","208,016,000","247,116,000","212,594,000","214,717,000","151,315,000","184,927,000","133,372,000","118,013,000","53,714,000","119,822,000","67,576,000","77,067,000","55,644,000","75,206,000","72,874,000","81,932,000","55,168,000","-633,000","91,210,000","53,351,000","37,789,000","60,826,000","39,713,000","42,040,000","15,777,000","35,336,000","26,826,000","32,891,000","14,409,000","33,626,000","29,212,000","35,025,000","29,671,000","35,222,000","35,797,000","39,915,000","24,481,000","30,909,000","20,536,000","10,586,000","4,082,000","5,623,000","-7,038,000","-11,719,000","-13,141,000","-5,598,000","3,164,000","6,940,000","-9,702,000","9,080,000","-19,682,000","-7,066,000","-14,881,000","15,373,000","82,704,000","84,362,000","41,050,000","173,305,000","258,363,000","161,369,000","151,083,000","249,009,000","108,227,000","137,210,000","166,203,000","335,805,000","206,258,000","203,344,000","145,923,000","245,090,000","182,532,000","142,450,000","108,748,000","119,904,000","116,750,000","79,452,000","67,794,000","103,179,000","77,579,000","61,898,000","58,295,000","86,710,000","73,138,000","78,138,000","61,664,000","68,846,000","59,717,000","53,013,000","43,417,000","49,100,000","43,900,000","46,700,000","26,600,000","33,100,000","28,700,000","25,300,000","17,100,000","18,000,000","15,900,000","11,900,000","9,500,000","13,700,000","12,500,000","11,400,000","11,100,000","9,700,000","12,700,000","11,100,000","11,200,000","9,400,000","10,300,000","11,100,000","9,700,000","7,200,000","7,900,000","7,100,000","4,300,000","-52,200,000","17,300,000","19,000,000","22,400,000","21,700,000","16,700,000","21,800,000","15,900,000","25,500,000","12,600,000","28,900,000","25,100,000","-25,900,000","4,600,000","25,300,000","164,900,000","-481,000,000","179,500,000","185,400,000","129,600,000","-540,400,000","229,800,000","216,700,000","140,900,000","-474,100,000","207,900,000","163,900,000","128,900,000","-236,100,000","101,800,000"
TaxRateForCalcs,"0.245","0.265","0.222","0.243","0.249","0.233","0.139","0.215","0.244","0.243","0.175","0.195","0.266","0.271","0.21","0.208","0.166","0.233","0.4","0.318","0.347","0.388","0.316","0.307","0.335","0.33","0.306","0.375","0.373","0.368","0.387","0.354","0.367","0.383","0.105","0.35","0.35","0.003","0.006","0.35","0.35","0.35","0.048","0.073","0.061","0.161","0.145","0.034","0.004","0.017","0.35","0.35","0.35","0.005","0.35","0.35","0.008","0.057","0.35","0.382","0.38","0.343","0.4","0.363","0.374","0.374","0.374","0.374","0.374","0.377","0.385","0.385","0.385","0.39","0.391","0.39","0.39","0.39","0.39","0.387","0.39","0.39","0.39","0.393","0.388","0.39","0.366","0.361","0.4","0.4","0.4","0.4","0.395","0.395","0.387","0.386","0.382","0.388","0.393","0.381","0.378","0.379","0.37","0.364","0.366","0.368","0.358","0.345","0.358","0.339","0.353","0.365","0.367","0.4","0.341","0.373","0.318","0.182","0.4","0.125","0.4","0.394","0.4","0.074","0.4","0.238","0.4","0.315","0.4","0.4","0.059","0.377","0.398",,,,,,,,,,,,,,,
TaxEffectOfUnusualItems,"-5,763,428.493","0","-2,538,527.87","-2,952,450","0","0","0","0","0","0","0","149,565","618,982","1,311,640","0","0","0","0","21,418,800","-9,222","-28,107","-39,188","-125,623.852","-100,082","-96,480","-142,230","-548,671.878","-816,000","0","0","-3,383,683.735","-1,519,722","0","-3,604,796","0","0","0","0","0","0","146,300","55,300","-1,083,163.936","-1,592,291.088","-554,368.654","-39,211.736","-2,581,867.336","-115,507.363","425.791","1,719.753","-4,889,500","-399,350","-301,700","-79,428.822","-20,866,650","-33,385,800","-707,684.578","-3,128,347.862","-61,319,650","-95,033,572.344","-61,166,380.943","-48,508,156.444","-63,265,600","447,525.026","0","0","0","0","0","0","0","0","0","0","0","0","0","0","0","0","0","0","0","0","-1,655,889.136","-1,613,907.34","0","0","0","0","0","0","0","0","0","0","0","0","0","0","0","0","0","0","0","0","0","0","0","0","0","0","0","0","0","0","0","0","0","0","0","0","0","0","0","0","0","0","0","0","0","0","0",,,,,,,,,,,,,,,