name,ttm,03/31/2022,12/31/2021,09/30/2021,06/30/2021,03/31/2021,12/31/2020,09/30/2020,06/30/2020,03/31/2020,12/31/2019,09/30/2019,06/30/2019,03/31/2019,12/31/2018,09/30/2018,06/30/2018,03/31/2018,12/31/2017,09/30/2017,06/30/2017,03/31/2017,12/31/2016,09/30/2016,06/30/2016,03/31/2016,12/31/2015,09/30/2015,06/30/2015,03/31/2015,12/31/2014,09/30/2014,06/30/2014,03/31/2014,12/31/2013,09/30/2013,06/30/2013,03/31/2013,12/31/2012,09/30/2012,06/30/2012,03/31/2012,12/31/2011,09/30/2011,06/30/2011,03/31/2011,12/31/2010,09/30/2010,06/30/2010,03/31/2010,12/31/2009,09/30/2009,06/30/2009,03/31/2009,12/31/2008,09/30/2008,06/30/2008,03/31/2008,12/31/2007,09/30/2007,06/30/2007,03/31/2007,12/31/2006,09/30/2006,06/30/2006,03/31/2006,12/31/2005,09/30/2005,06/30/2005,03/31/2005,12/31/2004,09/30/2004,06/30/2004,03/31/2004,12/31/2003,09/30/2003,06/30/2003,03/31/2003,12/31/2002,09/30/2002,06/30/2002,03/31/2002,12/31/2001,09/30/2001,06/30/2001,03/31/2001,12/31/2000,09/30/2000,06/30/2000,03/31/2000,12/31/1999,09/30/1999,06/30/1999,03/31/1999,12/31/1998,09/30/1998,06/30/1998,03/31/1998,12/31/1997,09/30/1997,06/30/1997,03/31/1997,12/31/1996,09/30/1996,06/30/1996,03/31/1996,12/31/1995,09/30/1995,06/30/1995,03/31/1995,12/31/1994,09/30/1994,06/30/1994,03/31/1994,12/31/1993,09/30/1993,06/30/1993,03/31/1993,12/31/1992,09/30/1992,06/30/1992,03/31/1992,12/31/1991,09/30/1991,06/30/1991,03/31/1991,12/31/1990,09/30/1990,06/30/1990,03/31/1990,12/31/1989,09/30/1989,06/30/1989,03/31/1989,12/31/1988,09/30/1988,06/30/1988,03/31/1988,12/31/1987,09/30/1987,06/30/1987,03/31/1987,12/31/1986,09/30/1986,06/30/1986,03/31/1986,12/31/1985,09/30/1985
TotalRevenue,"5,869,354,000","1,416,559,000","1,443,125,000","1,586,013,000","1,423,657,000","1,227,938,000","1,385,159,000","1,587,289,000","1,362,928,000","1,197,373,000","1,378,213,000","1,563,799,000","1,303,573,000","1,091,191,000","1,209,874,000","1,280,787,000","1,064,597,000","976,293,000","1,165,239,000","1,272,548,000","1,067,639,000","937,925,000","1,016,098,000","1,208,567,000","1,043,948,000","905,153,000","1,062,485,000","1,280,500,000","986,215,000","918,510,000","1,163,204,000","1,370,455,000","1,094,046,000","1,042,853,000","1,184,424,000","1,285,782,000","1,060,595,000","931,604,000","1,081,143,000","1,173,518,000","967,962,000","852,807,000","1,065,749,000","1,152,181,000","930,757,000","901,805,000","1,042,551,000","1,125,923,000","906,444,000","834,777,000","1,016,529,000","1,107,927,000","958,040,000","1,094,005,000","1,295,765,000","1,333,834,000","1,251,772,000","1,121,907,000","1,232,730,000","1,245,310,000","982,365,000","787,491,000","1,092,113,000","1,190,636,000","973,783,000","815,294,000","1,014,085,000","1,066,862,000","770,172,000","604,295,000","745,899,000","804,598,000","653,301,000","515,459,000","620,118,000","716,100,000","548,219,000","467,753,000","556,987,000","612,398,000","480,218,000","381,935,000","484,287,000","551,680,000","546,418,000","641,248,000","607,869,000","530,834,000","362,979,000","371,989,000","355,000,000","375,500,000","290,300,000","259,000,000","276,900,000","269,900,000","179,700,000","170,100,000","178,800,000","163,700,000","125,500,000","139,900,000","144,200,000","133,800,000","110,100,000","126,500,000","122,600,000","114,000,000","111,300,000","116,500,000","113,700,000","106,400,000","105,100,000","124,400,000","127,600,000","98,800,000","89,000,000","124,200,000","104,500,000","68,600,000","76,400,000","103,000,000","106,500,000","70,600,000","74,800,000","115,400,000","90,000,000","63,700,000","71,300,000","104,200,000","86,500,000","65,500,000","73,700,000","113,800,000","88,200,000","63,300,000","73,700,000","118,600,000","86,400,000","60,800,000","73,500,000","104,800,000","97,400,000","61,800,000","81,300,000","123,000,000","112,400,000","63,100,000"
	OperatingRevenue,"5,869,354,000","1,416,559,000","1,443,125,000","1,586,013,000","1,423,657,000","1,227,938,000","1,385,159,000","1,587,289,000","1,362,928,000","1,197,373,000","1,378,213,000","1,563,799,000","1,303,573,000","1,091,191,000","1,209,874,000","1,280,787,000","1,064,597,000","976,293,000","1,165,239,000","1,272,548,000","1,067,639,000","937,925,000","1,016,098,000","1,208,567,000","1,043,948,000","905,153,000","1,062,485,000","1,280,500,000","986,215,000","918,510,000","1,163,204,000","1,370,455,000","1,094,046,000","1,042,853,000","1,184,424,000","1,285,782,000","1,060,595,000","931,604,000","1,081,143,000","1,173,518,000","967,962,000","852,807,000","1,065,749,000","1,152,181,000","930,757,000","901,805,000","1,042,551,000","1,125,923,000","906,444,000","834,777,000","1,016,529,000","1,107,927,000","958,040,000","1,094,005,000","1,295,765,000","1,333,834,000","1,251,772,000","1,121,907,000","1,232,730,000","1,245,310,000","982,365,000","787,491,000","1,092,113,000","1,190,636,000","973,783,000","815,294,000","1,014,085,000","1,066,862,000","770,172,000","604,295,000","745,899,000","804,598,000","653,301,000","515,459,000","620,118,000","716,100,000","548,219,000","467,753,000","556,987,000","612,398,000","480,218,000","381,935,000","484,287,000","551,680,000","546,418,000","641,248,000","607,869,000","530,834,000","362,979,000","371,989,000","355,000,000","375,500,000","290,300,000","259,000,000","276,900,000","269,900,000","179,700,000","170,100,000","178,800,000","163,700,000","125,500,000","139,900,000","144,200,000","133,800,000","110,100,000","126,500,000","122,600,000","114,000,000","111,300,000","116,500,000","113,700,000","106,400,000","105,100,000","124,400,000","127,600,000","98,800,000","89,000,000","124,200,000","104,500,000","68,600,000","76,400,000","103,000,000","106,500,000","70,600,000","74,800,000","115,400,000","90,000,000","63,700,000","71,300,000","104,200,000","86,500,000","65,500,000","73,700,000","113,800,000","88,200,000","63,300,000","73,700,000","118,600,000","86,400,000","60,800,000","73,500,000","104,800,000","97,400,000","61,800,000","81,300,000","123,000,000","112,400,000","63,100,000"
CostOfRevenue,"4,830,940,000","1,201,611,000","1,196,693,000","1,273,519,000","1,159,118,000","1,006,517,000","1,116,946,000","1,260,993,000","1,100,582,000","1,006,952,000","1,131,880,000","1,263,180,000","1,095,290,000","913,047,000","992,235,000","1,047,120,000","896,295,000","805,334,000","947,947,000","1,025,134,000","895,349,000","772,050,000","816,558,000","971,661,000","863,173,000","759,128,000","912,139,000","1,080,026,000","851,255,000","749,467,000","916,489,000","1,044,689,000","842,555,000","784,671,000","896,692,000","990,139,000","826,546,000","680,915,000","2,798,794,000","52,833,000","749,668,000","648,395,000","811,305,000","904,453,000","722,648,000","689,400,000","2,579,096,000","66,526,000","110,547,000","250,602,000","235,815,000","72,786,000","121,567,000","375,227,000","561,913,000","85,194,000","160,778,000","18,778,000","409,653,000","81,218,000","55,783,000","17,118,000","91,815,000","49,375,000","56,233,000","143,333,000","152,355,000","49,521,000","61,220,000","129,685,000","106,869,000","40,300,000","55,904,000","111,469,000","77,762,000","36,046,000","40,887,000","91,513,000","46,850,000","19,144,000","32,905,000","49,639,000","41,652,000","51,822,000","154,416,000","338,859,000","258,882,000","136,531,000","106,809,000","186,169,000","114,300,000","98,400,000","84,300,000","104,200,000","89,600,000","51,300,000","23,700,000","44,000,000","42,100,000","21,100,000","26,300,000","33,200,000","29,400,000","14,000,000","16,100,000","33,500,000","27,900,000","15,800,000","20,500,000","31,100,000","25,200,000","12,700,000","19,800,000","38,200,000",,,,,,,,,,,,,,,,,,,,,,,,,,,,,,,,,,
GrossProfit,"1,038,414,000","214,948,000","246,432,000","312,494,000","264,539,000","221,421,000","268,213,000","326,296,000","262,346,000","190,421,000","246,333,000","300,619,000","208,283,000","178,144,000","217,639,000","233,667,000","168,302,000","170,959,000","217,292,000","247,414,000","172,290,000","165,875,000","199,540,000","236,906,000","180,775,000","146,025,000","150,346,000","200,474,000","134,960,000","169,043,000","246,715,000","325,766,000","251,491,000","258,182,000","287,732,000","295,643,000","234,049,000","250,689,000","-1,717,651,000","1,120,685,000","218,294,000","204,412,000","254,444,000","247,728,000","208,109,000","212,405,000","-1,536,545,000","1,059,397,000","795,897,000","584,175,000","780,714,000","1,035,141,000","836,473,000","718,778,000","733,852,000","1,248,640,000","1,090,994,000","1,103,129,000","823,077,000","1,164,092,000","926,582,000","770,373,000","1,000,298,000","1,141,261,000","917,550,000","671,961,000","861,730,000","1,017,341,000","708,952,000","474,610,000","639,030,000","764,298,000","597,397,000","403,990,000","542,356,000","680,054,000","507,332,000","376,240,000","510,137,000","593,254,000","447,313,000","332,296,000","442,635,000","499,858,000","392,002,000","302,389,000","348,987,000","394,303,000","256,170,000","185,820,000","240,700,000","277,100,000","206,000,000","154,800,000","187,300,000","218,600,000","156,000,000","126,100,000","136,700,000","142,600,000","99,200,000","106,700,000","114,800,000","119,800,000","94,000,000","93,000,000","94,700,000","98,200,000","90,800,000","85,400,000","88,500,000","93,700,000","85,300,000","86,200,000",,,,,,,,,,,,,,,,,,,,,,,,,,,,,,,,,,
OperatingExpense,"522,016,000","147,605,000","124,236,000","123,325,000","126,850,000","136,257,000","122,324,000","122,585,000","124,092,000","133,351,000","116,113,000","111,149,000","110,972,000","113,926,000","99,288,000","93,663,000","94,310,000","101,583,000","91,748,000","91,037,000","92,611,000","98,763,000","88,054,000","90,222,000","91,810,000","104,273,000","94,954,000","90,731,000","89,632,000","142,990,000","137,093,000","149,001,000","152,557,000","155,278,000","140,615,000","145,770,000","142,671,000","146,158,000","-1,839,822,000","994,620,000","126,580,000","133,355,000","127,866,000","128,307,000","125,806,000","134,339,000","-1,666,719,000","950,435,000","707,235,000","501,246,000","653,230,000","874,868,000","736,408,000","639,697,000","751,175,000","1,045,343,000","892,503,000","975,557,000","666,867,000","984,936,000","783,797,000","691,404,000","868,909,000","956,699,000","793,151,000","580,860,000","741,936,000","867,746,000","595,428,000","409,497,000","561,642,000","649,722,000","512,666,000","359,967,000","473,583,000","564,387,000","432,647,000","323,293,000","431,183,000","503,083,000","396,118,000","286,499,000","396,474,000","406,619,000","321,655,000","238,868,000","278,531,000","318,280,000","215,091,000","156,390,000","196,000,000","223,100,000","170,500,000","129,300,000","184,500,000","175,900,000","162,600,000","93,900,000","103,600,000","113,600,000","80,600,000","75,800,000","82,500,000","89,100,000","73,900,000","64,900,000","68,600,000","75,800,000","71,200,000","62,800,000","68,800,000","74,900,000","70,100,000","61,600,000",,,,,,,,,,,,,,,,,,,,,,,,,,,,,,,,,,
	DepreciationAmortizationDepletionIncomeStatement,"305,612,000","80,121,000","76,601,000","75,229,000","73,661,000","73,723,000","72,268,000","72,084,000","71,508,000","69,239,000","68,080,000","65,021,000","63,019,000","59,897,000","58,907,000","55,016,000","53,553,000","52,729,000","52,348,000","52,155,000","51,658,000","51,325,000","53,092,000","54,094,000","54,248,000","60,259,000","62,761,000","57,817,000","54,154,000","95,507,000","95,188,000","103,497,000","103,126,000","99,557,000","98,040,000","99,966,000","95,289,000","93,561,000","98,347,000","91,850,000","83,627,000","85,380,000","86,534,000","88,897,000","83,290,000","84,674,000","83,777,000","84,841,000","81,547,000","78,678,000","77,301,000","79,547,000","80,449,000","93,245,000","95,885,000","93,226,000","89,678,000","87,231,000","83,686,000","78,400,000","70,044,000","69,802,000","67,908,000","71,312,000","69,105,000","63,377,000","63,650,000","60,580,000","51,588,000","52,839,000","54,357,000","53,115,000","51,787,000","49,511,000","49,612,000","47,749,000","46,911,000","44,065,000","43,425,000","40,589,000","37,845,000","36,103,000","37,180,000","36,205,000","34,476,000","32,096,000","35,758,000","28,686,000","24,306,000","22,139,000","20,800,000","20,800,000","20,000,000","20,100,000","20,600,000","20,000,000","19,400,000","17,800,000","18,900,000","16,900,000","14,400,000","15,700,000","16,700,000","15,400,000","15,500,000","15,100,000","15,000,000","13,600,000","13,300,000","12,800,000","12,100,000","12,400,000","11,900,000","11,700,000",,,,,,,,,,,,,,,,,,,,,,,,,,,,,,,,,,
	OtherTaxes,"216,404,000","67,484,000","47,635,000","48,096,000","53,189,000","62,534,000","50,056,000","50,501,000","52,584,000","64,112,000","48,033,000","46,128,000","47,953,000","54,029,000","40,381,000","38,647,000","40,757,000","48,854,000","39,400,000","38,882,000","40,953,000","47,438,000","34,962,000","36,128,000","37,562,000","44,014,000","32,193,000","32,914,000","35,478,000","47,483,000","41,905,000","45,504,000","49,431,000","55,721,000","42,575,000","45,804,000","47,382,000","52,597,000","44,123,000","41,090,000","42,953,000","47,975,000","41,332,000","39,410,000","42,516,000","49,665,000","39,932,000","37,229,000","40,397,000","45,795,000","37,347,000","37,476,000","38,822,000","52,952,000","45,414,000","46,626,000","53,518,000","54,522,000","44,053,000","39,747,000","37,312,000","32,262,000","31,957,000","32,476,000","33,137,000","33,042,000","31,870,000","32,910,000","28,574,000","26,669,000","23,805,000","25,525,000","25,466,000","21,885,000","18,984,000","22,163,000","19,420,000","19,683,000","18,292,000","16,822,000","15,897,000","14,882,000","14,075,000","13,737,000","9,421,000","11,686,000","10,749,000","9,185,000","7,610,000","8,333,000","8,200,000","7,000,000","6,700,000","7,200,000","5,900,000","6,300,000","6,300,000","6,400,000","5,900,000","6,200,000","5,300,000","6,400,000","5,000,000","5,600,000","5,500,000","5,900,000","4,400,000","5,200,000","5,500,000","6,300,000","5,700,000","6,000,000","6,000,000","6,200,000",,,,,,,,,,,,,,,,,,,,,,,,,,,,,,,,,,
	OtherOperatingExpenses,,,,,,,,,,,,,,,,,,,,,,,,,,,,,,,,,,,,,,,,,,,,,,,,,,,,,,,,,,"276,624,000",,,,"98,835,000",,,,,,,,,"0","6,106,000",,,,,,,,,,,,,,,,,,,,,,,"32,900,000",,"33,100,000",,,,,,,,,,,,,,,,,,,,,,,,,,,,,,,,,,,,,,,,,,,,,,,,,,,
OperatingIncome,"516,398,000","67,343,000","122,196,000","189,169,000","137,689,000","85,164,000","145,889,000","203,711,000","138,254,000","57,070,000","130,220,000","189,470,000","97,311,000","64,218,000","118,351,000","140,004,000","73,992,000","69,376,000","125,544,000","156,377,000","79,679,000","67,112,000","111,486,000","146,684,000","88,965,000","41,752,000","55,392,000","109,743,000","45,328,000","26,053,000","109,622,000","176,765,000","98,934,000","102,904,000","147,117,000","149,873,000","91,378,000","104,531,000","122,171,000","126,065,000","91,714,000","71,057,000","126,578,000","119,421,000","82,303,000","78,066,000","130,174,000","108,962,000","88,662,000","82,929,000","127,484,000","160,273,000","100,065,000","79,081,000","-17,323,000","203,297,000","198,491,000","127,572,000","156,210,000","179,156,000","142,785,000","78,969,000","131,389,000","184,562,000","124,399,000","91,101,000","119,794,000","149,595,000","113,524,000","65,113,000","77,388,000","114,576,000","84,731,000","44,023,000","68,773,000","115,667,000","74,685,000","52,947,000","78,954,000","90,171,000","51,195,000","45,797,000","46,161,000","93,239,000","70,347,000","63,521,000","70,456,000","76,023,000","41,079,000","29,430,000","44,700,000","54,000,000","35,500,000","25,500,000","2,800,000","42,700,000","-6,600,000","32,200,000","33,100,000","29,000,000","18,600,000","30,900,000","32,300,000","30,700,000","20,100,000","28,100,000","26,100,000","22,400,000","19,600,000","22,600,000","19,700,000","18,800,000","15,200,000","24,600,000","127,600,000","98,800,000","89,000,000","124,200,000","104,500,000","68,600,000","76,400,000","103,000,000","106,500,000","70,600,000","74,800,000","115,400,000","90,000,000","63,700,000","71,300,000","104,200,000","86,500,000","65,500,000","73,700,000","113,800,000","88,200,000","63,300,000","73,700,000","118,600,000","86,400,000","60,800,000","73,500,000","104,800,000","97,400,000","61,800,000","81,300,000","123,000,000","112,400,000","63,100,000"
NetNonOperatingInterestIncomeExpense,"-95,791,000","-25,260,000","-23,760,000","-23,389,000","-23,381,000","-23,453,000","-23,387,000","-23,761,000","-24,818,000","-24,553,000","-24,493,000","-25,258,000","-25,429,000","-23,407,000","-22,412,000","-20,955,000","-20,800,000","-20,447,000","-20,810,000","-20,909,000","-20,766,000","-20,303,000","-20,483,000","-22,278,000","-22,219,000","-23,776,000","-23,204,000","-22,946,000","-23,790,000","-23,149,000","-22,104,000","-22,425,000","-21,516,000","-20,971,000","-20,605,000","-21,012,000","-21,427,000","-20,874,000","-19,770,000","-19,840,000","-17,650,000","-19,439,000","-19,712,000","-19,589,000","-20,036,000","-22,017,000","-21,061,000","-20,944,000","-20,490,000","-20,516,000","-21,399,000","-20,945,000","-20,759,000","-20,997,000",,,,,,,,,,,,,,,,,,,,,,,,,,,,,,,,,,,,,,,,,,,,,,,,,,,,,,,,,,,,,,,,,,,,,,,,,,,,,,,,,,,,,,,,,,,,,,
	InterestExpenseNonOperating,"95,791,000","25,260,000","23,760,000","23,389,000","23,381,000","23,453,000","23,387,000","23,761,000","24,818,000","24,553,000","24,493,000","25,258,000","25,429,000","23,407,000","22,412,000","20,955,000","20,800,000","20,447,000","20,810,000","20,909,000","20,766,000","20,303,000","20,483,000","22,278,000","22,219,000","23,776,000","23,204,000","22,946,000","23,790,000","23,149,000","22,104,000","22,425,000","21,516,000","20,971,000","20,605,000","21,012,000","21,427,000","20,874,000","19,770,000","19,840,000","17,650,000","19,439,000","19,712,000","19,589,000","20,036,000","22,017,000","21,061,000","20,944,000","20,490,000","20,516,000","21,399,000","20,945,000","20,759,000","20,997,000",,,,,,,,,,,,,,,,,,,,,,,,,,,,,,,,,,,,,,,,,,,,,,,,,,,,,,,,,,,,,,,,,,,,,,,,,,,,,,,,,,,,,,,,,,,,,,
OtherIncomeExpense,"20,662,000","-2,400,000","8,106,000","5,930,000","9,027,000","3,354,000","13,042,000","4,612,000","10,063,000","-1,005,000","3,590,000","3,014,000","1,615,000","7,595,000","-5,102,000","2,683,000","1,599,000","582,000","1,294,000","1,011,000","782,000","1,017,000","1,294,000","1,741,000","872,000","1,246,000","12,971,000","3,498,000","2,320,000","-498,076,000","2,712,000","2,547,000","2,480,000","2,183,000","2,013,000","2,265,000","1,429,000","931,000","-223,700,000","-157,712,000","1,634,000","2,351,000","-2,657,000","2,108,000","2,857,000","2,384,000","24,935,000","4,268,000","4,946,000","4,685,000","4,600,000","5,213,000","2,078,000","-616,494,000","2,986,000","2,262,000","2,002,000","3,390,000","4,390,000","15,238,000","4,913,000","3,386,000","4,284,000","7,331,000","5,812,000","5,600,000","4,661,000","3,551,000","16,909,000","2,465,000","12,470,000","10,927,000","9,570,000","4,793,000","11,083,000","2,491,000","4,949,000","3,685,000","1,843,000","6,910,000","1,230,000","3,591,000","10,405,000","1,855,000","12,202,000","2,358,000","3,100,000","1,947,000","4,307,000","2,368,000","2,600,000","2,200,000","1,100,000","3,800,000","4,500,000","1,200,000","2,600,000","2,600,000","1,000,000","1,400,000","2,000,000","-500,000","-500,000","-20,700,000","300,000","-100,000","100,000","-400,000","-200,000","-600,000","-1,400,000","7,200,000","100,000",,,,,,,,,,,,,,,,,,,,,,,,,,,,,,,,,,,
	EarningsFromEquityInterest,,,,,,,,,,,,,,,,,,,,,,,,,,,,,,,"302,000","-97,000","-297,000","51,000","248,000","-61,000","-7,000","-311,000","1,358,000","2,388,000","385,000","1,253,000","2,433,000","826,000","949,000","484,000","23,846,000","2,528,000","2,260,000","2,183,000","2,345,000","2,290,000","2,078,000","1,787,000",,,,,,,,,,,,,,,,,,,,,,,,,,,,,,,,,,,,,,,,,,,,,,,,,,,,,,,,,,,,,,,,,,,,,,,,,,,,,,,,,,,,,,,,,,,,,,
	SpecialIncomeCharges,,,,,,,,,,,,,,,,,,,,,,,,,,,,,,"-500,400,000",,,,,"0","0",,,"-231,700,000","-160,100,000","1,249,000","1,098,000","-5,090,000","1,282,000","1,908,000","1,900,000","1,089,000","1,740,000","2,686,000","2,502,000","2,255,000","2,923,000","0","-618,281,000","2,986,000","2,262,000","2,002,000","3,390,000","4,390,000","15,238,000","4,913,000","3,386,000","4,284,000","7,331,000","5,812,000","5,600,000","4,661,000","3,551,000","16,909,000","2,465,000","12,470,000","10,927,000","9,570,000","4,793,000","11,083,000","2,491,000","4,949,000","3,685,000","1,843,000","6,910,000","1,230,000","3,591,000","10,405,000","1,855,000","12,202,000","2,358,000","3,100,000","1,947,000","4,307,000","2,368,000","2,600,000","2,200,000","1,100,000","3,800,000","4,500,000","1,200,000","2,600,000","2,600,000","1,000,000","1,400,000","2,000,000","-500,000","-500,000","-20,700,000","300,000","-100,000","100,000","-400,000","-200,000","-600,000","-1,400,000","7,200,000","100,000",,,,,,,,,,,,,,,,,,,,,,,,,,,,,,,,,,,
		ImpairmentOfCapitalAssets,,,,,,,,,,,,,,,,,,,,,,,,,,,,,,"500,400,000",,,,,"0","0",,,"231,700,000",,,,,,,,,,,,,,,,,,,,,,,,,,,,,,,,,,,,,,,,,,,,,,,,,,,,,,,,,,,,,,,,,,,,,,,,,,,,,,,,,,,,,,,,,,,,,,,,,,,,,,,,,,,,,
		WriteOff,,,,,,,,,,,,,,,,,,,,,,,,,,,,,,,,,,,,,,,,"160,100,000",,,,,,,"0","0","0","0","0","0","0","620,000,000",,,,,,,,,,,,,,,,,,,,,,,,,,,,,,,,,,,,,,,,,,,,,,,,,,,,,,,,,,,,,,,,,,,,,,,,,,,,,,,,,,,,,,,,,,,,,,
		OtherSpecialCharges,,,,,,,,,,,,,,,,,,,,,,,,,,,,,,,,,,,,,,,,"-1,700,000",,,,,,,"-1,089,000","-1,740,000","-2,686,000","-2,502,000","-2,255,000","-2,923,000",,"-1,719,000",,,,,,,,,,,,,,,,,,,,,,,,,,,,,,,,,,,,,,,,,,,,,,,,,,,,,,,,,,,,,,,,,,,,,,,,,,,,,,,,,,,,,,,,,,,,,,
	OtherNonOperatingIncomeExpenses,"20,662,000","-2,400,000","8,106,000","5,930,000","9,027,000","3,354,000","13,042,000","4,612,000","10,063,000","-1,005,000","3,590,000","3,014,000","1,615,000","7,595,000","-5,102,000","2,683,000","1,599,000","582,000","1,294,000","1,011,000","782,000","1,017,000","1,294,000","1,741,000","872,000","1,246,000","12,971,000","3,498,000","2,320,000","2,324,000","2,410,000","2,644,000","2,777,000","2,132,000","1,765,000","2,326,000","1,436,000","1,242,000","2,600,000",,,,,,,,,,,,,,,,,,,,,,,,,,,,,,,,,,,,,,,,,,,,,,,,,,,,,,,,,,,,,,,,,,,,,,,,,,,,,,,,,,,,,,,,,,,,,,,,,,,,,,,,,,,,,
PretaxIncome,"441,269,000","39,683,000","106,542,000","171,710,000","123,335,000","65,065,000","135,544,000","184,562,000","123,499,000","31,512,000","109,317,000","167,226,000","73,497,000","48,406,000","90,837,000","121,732,000","54,791,000","49,511,000","106,028,000","136,479,000","59,695,000","47,826,000","92,297,000","126,147,000","67,618,000","19,222,000","45,159,000","90,295,000","23,858,000","-495,172,000","90,230,000","156,887,000","79,898,000","84,116,000","128,525,000","131,126,000","71,380,000","84,588,000","-125,349,000","-49,785,000","75,698,000","53,969,000","110,729,000","101,940,000","65,124,000","58,433,000","134,048,000","92,286,000","73,118,000","67,098,000","110,685,000","144,541,000","83,819,000","-558,410,000","-38,102,000","185,638,000","181,307,000","112,306,000","142,291,000","175,320,000","130,220,000","64,979,000","116,980,000","171,653,000","111,052,000","82,617,000","110,271,000","138,939,000","117,091,000","54,561,000","76,205,000","111,218,000","78,648,000","34,970,000","66,345,000","104,553,000","66,814,000","43,773,000","69,035,000","85,350,000","41,448,000","38,842,000","44,838,000","83,635,000","71,551,000","54,165,000","60,062,000","64,637,000","34,462,000","21,517,000","37,700,000","47,100,000","28,300,000","20,400,000","-600,000","35,800,000","-11,300,000","27,700,000","26,000,000","22,600,000","13,400,000","23,200,000","24,600,000","2,100,000","13,800,000","21,000,000","19,700,000","15,900,000","13,400,000","15,900,000","12,200,000","19,800,000","8,700,000","18,000,000",,,,,,,,,,,,,,,,,,,,,,,,,,,,,,,,,,
TaxProvision,"83,921,000","7,950,000","20,060,000","32,748,000","23,164,000","12,949,000","23,412,000","31,547,000","23,657,000","5,973,000","14,513,000","31,098,000","10,352,000","7,317,000","14,856,000","14,363,000","10,716,000","7,551,000","-9,365,000","46,930,000","15,290,000","12,188,000","25,751,000","37,761,000","21,320,000","4,558,000","13,083,000","36,895,000","9,801,000","-185,727,000","10,151,000","54,769,000","27,118,000","27,932,000","37,177,000","46,576,000","24,988,000","27,996,000","-55,662,000","-20,253,000","26,691,000","18,079,000","36,642,000","37,840,000","19,889,000","15,904,000","41,747,000","31,276,000","24,180,000","25,326,000","38,051,000","51,957,000","28,508,000","-214,607,000","-26,835,000","67,256,000","65,800,000","41,255,000","47,444,000","70,823,000","48,184,000","23,572,000","34,447,000","61,555,000","39,610,000","29,371,000","37,004,000","51,716,000","36,918,000","20,141,000","23,067,000","39,499,000","20,018,000","11,390,000","20,123,000","39,032,000","23,341,000","16,076,000","23,097,000","31,419,000","16,595,000","15,120,000","15,839,000","32,889,000","28,134,000","21,478,000","23,517,000","24,645,000","13,336,000","8,153,000","13,200,000","18,000,000","10,500,000","7,700,000","-200,000","13,300,000","-5,500,000","9,900,000","8,900,000","8,400,000","4,700,000","8,600,000","9,300,000","-6,400,000","5,200,000","7,900,000","7,500,000","5,400,000","4,700,000","5,600,000","2,100,000","7,400,000","3,000,000","6,300,000",,,,,,,,,,,,,,,,,,,,,,,,,,,,,,,,,,
NetIncomeCommonStockholders,"357,763,000","31,763,000","86,534,000","139,276,000","100,190,000","52,131,000","112,294,000","153,078,000","99,703,000","25,130,000","95,065,000","137,637,000","61,825,000","40,926,000","78,828,000","107,251,000","43,802,000","42,437,000","115,312,000","87,351,000","40,615,000","37,154,000","65,559,000","82,815,000","-109,324,000","24,698,000","52,363,000","-139,619,000","-229,775,000","-306,088,000","84,084,000","103,038,000","53,935,000","56,491,000","91,278,000","84,285,000","46,341,000","56,344,000","-61,158,000","-29,842,000","53,942,000","35,619,000","60,836,000","63,803,000","44,896,000","42,806,000","88,768,000","60,838,000","48,767,000","41,600,000","72,463,000","92,413,000","55,140,000","-343,974,000","-11,438,000","118,211,000","115,336,000","70,880,000","94,550,000","201,090,000","89,304,000","46,491,000","82,410,000","108,316,000","71,271,000","53,075,000","73,095,000","87,052,000","80,002,000","34,249,000","52,967,000","71,548,000","58,458,000","23,408,000","46,052,000","65,349,000","43,285,000","19,921,000","45,749,000","53,742,000","24,664,000","23,533,000","28,808,000","50,556,000","43,226,000","32,496,000","36,354,000","39,801,000","20,935,000","13,172,000","24,300,000","28,900,000","17,600,000","12,500,000","-600,000","22,300,000","-6,000,000","17,600,000","16,900,000","14,000,000","8,500,000","14,400,000","15,100,000","8,300,000","8,400,000","12,900,000","12,000,000","10,300,000","8,500,000","10,100,000","9,900,000","12,200,000","5,500,000","11,500,000","12,700,000","6,100,000","3,600,000","21,100,000","14,000,000","5,200,000","4,000,000","11,200,000","11,300,000","5,200,000","4,500,000","16,200,000","10,100,000","4,000,000","-3,700,000","16,500,000","9,500,000","4,500,000","5,100,000",,,,,,,,,,,,,,,
	NetIncome,"357,763,000","31,763,000","86,534,000","139,276,000","100,190,000","52,131,000","112,294,000","153,078,000","99,703,000","25,130,000","95,065,000","137,637,000","61,825,000","40,926,000","78,828,000","107,251,000","43,802,000","42,437,000","115,312,000","87,351,000","41,215,000","37,325,000","65,730,000","82,986,000","-109,153,000","24,869,000","52,534,000","-139,448,000","-229,604,000","-305,917,000","84,255,000","103,209,000","54,106,000","56,662,000","91,449,000","84,456,000","46,512,000","56,515,000","-60,987,000","-29,671,000","54,113,000","35,790,000","61,007,000","63,974,000","45,067,000","42,977,000","88,940,000","61,010,000","48,938,000","41,772,000","72,634,000","92,584,000","55,311,000","-343,803,000","-11,267,000","118,382,000","115,507,000","71,051,000","94,722,000","201,262,000","89,475,000","46,662,000","82,581,000","108,487,000","71,442,000","53,246,000","73,267,000","87,223,000","80,173,000","34,420,000","53,138,000","71,719,000","58,630,000","23,580,000","46,222,000","65,521,000","43,473,000","20,108,000","45,938,000","53,931,000","24,853,000","23,722,000","28,999,000","50,746,000","43,417,000","32,687,000","36,545,000","39,992,000","21,126,000","13,364,000","24,500,000","29,100,000","17,800,000","12,700,000","-400,000","22,500,000","-5,800,000","17,800,000","17,100,000","14,200,000","8,700,000","14,600,000","15,300,000","8,500,000","8,600,000","13,100,000","12,200,000","10,500,000","8,700,000","10,300,000","10,100,000","12,400,000","5,700,000","11,700,000","12,900,000","6,300,000","3,800,000","21,300,000","14,800,000","5,200,000","4,000,000","11,400,000","11,500,000","5,400,000","4,700,000","16,400,000","10,300,000","4,200,000","-3,500,000","16,700,000","9,800,000","4,700,000","5,300,000",,,,,,,,,,,,,,,
		NetIncomeIncludingNoncontrollingInterests,"357,763,000","31,763,000","86,534,000","139,276,000","100,190,000","52,131,000","112,294,000","153,078,000","99,703,000","25,130,000","95,065,000","137,637,000","61,825,000","40,926,000","78,828,000","107,251,000","43,802,000","42,437,000","115,312,000","87,351,000","41,215,000","37,325,000","65,730,000","82,986,000","-229,804,000","13,829,000","38,338,000","-149,226,000","-237,358,000","-309,445,000","82,750,000","102,121,000","53,327,000","56,139,000","91,290,000","84,432,000","46,333,000","56,515,000","-60,987,000","-29,671,000","54,113,000","35,790,000","61,007,000","63,974,000","45,067,000","42,977,000","88,940,000","61,010,000","48,938,000","41,772,000","72,634,000","92,584,000","55,311,000","-343,803,000","-11,267,000","118,382,000","115,507,000","71,051,000","94,722,000","201,262,000","89,475,000","46,662,000","82,581,000","108,487,000","71,442,000","53,246,000","73,267,000","87,223,000","80,173,000","34,420,000","53,138,000","71,719,000","58,630,000","23,580,000","46,222,000","65,521,000","43,473,000","20,108,000","45,938,000","53,931,000","24,853,000","23,722,000","28,999,000","50,746,000","43,417,000","32,687,000","36,545,000","39,992,000","21,126,000","13,364,000","24,500,000","29,100,000","17,800,000","12,700,000","-400,000","22,500,000","-5,800,000","17,800,000","17,100,000","14,200,000","8,700,000","14,600,000","15,300,000","8,500,000","8,600,000","13,100,000","12,200,000","10,500,000","8,700,000","10,300,000","10,100,000","12,400,000","5,700,000","11,700,000","12,900,000","6,300,000","3,800,000","21,300,000","14,800,000","5,200,000","4,000,000","11,400,000","11,500,000","5,400,000","4,700,000","16,400,000","10,300,000","4,200,000","-3,500,000","16,700,000","9,800,000","4,700,000","5,300,000","16,600,000","10,100,000","5,800,000","5,400,000","13,700,000","9,500,000","3,400,000","4,100,000","10,900,000","10,300,000","3,100,000","8,100,000","16,400,000","13,700,000","3,600,000"
			NetIncomeContinuousOperations,"357,348,000","31,733,000","86,482,000","138,962,000","100,171,000","52,116,000","112,132,000","153,015,000","99,842,000","25,539,000","94,804,000","136,128,000","63,145,000","41,089,000","75,981,000","107,369,000","44,075,000","41,960,000","115,393,000","89,549,000","44,405,000","35,638,000","66,546,000","88,386,000","46,298,000","14,664,000","32,076,000","53,400,000","14,057,000","-309,445,000","80,079,000","102,118,000","52,780,000","56,184,000","91,348,000","84,550,000","46,392,000","56,592,000","-69,687,000","-29,532,000","49,007,000","35,890,000","74,087,000","64,100,000","45,235,000","42,529,000","92,301,000","61,010,000","48,938,000","41,772,000","72,634,000","92,584,000","55,311,000","-343,803,000","-11,267,000","118,382,000","115,507,000","71,051,000","94,847,000","104,497,000","82,036,000","41,407,000","82,533,000","110,098,000","71,442,000","53,246,000","73,267,000","87,223,000","80,173,000","34,420,000","53,138,000","71,719,000","58,630,000","23,580,000","46,222,000","65,521,000","43,473,000","27,697,000","45,938,000","53,931,000","24,853,000","23,722,000","28,999,000","50,746,000","43,417,000","32,687,000","36,545,000","39,992,000","21,126,000","13,364,000","24,500,000","29,100,000","17,800,000","12,700,000","-400,000","22,500,000","-5,800,000","17,800,000","17,100,000","14,200,000","8,700,000","14,600,000","15,300,000","8,500,000","8,600,000","13,100,000","12,200,000","10,500,000","8,700,000","10,300,000","10,100,000","12,400,000","5,700,000","11,700,000","12,900,000","6,300,000","3,800,000","15,800,000","14,800,000","5,200,000","4,000,000","11,400,000","11,500,000","5,400,000","4,700,000","16,400,000","10,300,000","4,200,000","-3,500,000","16,700,000","9,800,000","4,700,000","5,300,000","16,600,000","10,100,000","5,800,000","5,400,000","13,700,000","9,500,000","3,400,000","4,100,000","10,900,000","10,300,000","3,100,000","8,100,000","16,400,000","13,700,000","3,600,000"
			NetIncomeDiscontinuousOperations,"415,000","30,000","52,000","314,000","19,000","15,000","162,000","63,000","-139,000","-409,000","261,000","1,509,000","-1,320,000","-163,000","2,847,000","-118,000","-273,000","477,000","-81,000","-2,198,000","-3,190,000","1,687,000","-816,000","-5,400,000","-276,102,000","-835,000","6,262,000","-202,626,000","-251,415,000","0","2,671,000","3,000","547,000","-45,000","-58,000","-118,000","-59,000","-77,000","8,700,000","-139,000","5,106,000","-100,000","-13,080,000","-126,000","-168,000","448,000",,,,,,,,,,,,,"-125,000","96,765,000","7,439,000","5,255,000","48,000","-1,611,000",,,,,,,,,,,,,,,,,,,,,,,,,,,,,,,,,,,,,,,,,,,,,,,,,,,,,,,,,,,,,,,,,,,,,,,,,,,,,,,,,,,,
			NetIncomeExtraordinary,,,,,,,,,,,,,,,,,,,,,,,,,,,,,,,,,,,,,,,,,,,,,,,,,,,,,,,,,,,,,,,,,,,,,,,,,,,"0",,,"-7,589,000",,,,,,,,,,,,,,,,,,,,,,,,,,,,,,,,,,,,,"0",,,"5,500,000",,,,,,,,,,,,,,,,,,,,,,,,,,,,,,
		MinorityInterests,,,,,,,,,,,,,,,,,,,"0","0","0","0","0",,"120,651,000","11,040,000","14,196,000","9,778,000","7,754,000","3,528,000","1,505,000","1,088,000","779,000","523,000","159,000","24,000","179,000",,,,,,,,,,,,,,,,,,,,,,,,,,,,,,,,,,,,,,,,,,,,,,,,,,,,,,,,,,,,,,,,,,,,,,,,,,,,,,,,,,,,,,,,,,,,,,,,,,,,,,,,,,,,,,,
	PreferredStockDividends,,,,,,,,,,,,,,,,,,,"0",,"600,000","171,000","171,000","171,000","171,000","171,000","171,000","171,000","171,000","171,000","171,000","171,000","171,000","171,000","171,000","171,000","171,000","171,000","171,000","171,000","171,000","171,000","171,000","171,000","171,000","171,000","172,000","172,000","171,000","172,000","171,000","171,000","171,000","171,000","171,000","171,000","171,000","171,000","172,000","172,000","171,000","171,000","171,000","171,000","171,000","171,000","172,000","171,000","171,000","171,000","171,000","171,000","172,000","172,000","170,000","172,000","188,000","187,000","189,000","189,000","189,000","189,000","191,000","190,000","191,000","191,000","191,000","191,000","191,000","192,000","200,000","200,000","200,000","200,000","200,000","200,000","200,000","200,000","200,000","200,000","200,000","200,000","200,000","200,000","200,000","200,000","200,000","200,000","200,000","200,000","200,000","200,000","200,000","200,000",,,,,,,,,,,,,,,,,,,,,,,,,,,,,,,,,,
	OtherunderPreferredStockDividend,,,,,,,,,,,,,,,,,,,,,,,,,,,,,,,,,,,,,,,,,,,,,,,,,,,,,,,,,,,,,,,,,,,,,,,,,,,,,,,,,,,,,,,,,,,,,,,,,,,,,,,,,,,,,,,,,,,"200,000","200,000","200,000","200,000",,,,"200,000","200,000","200,000","200,000","200,000","200,000","200,000","200,000","200,000","300,000","200,000","200,000",,,,,,,,,,,,,,,
DilutedNIAvailtoComStockholders,"357,763,000","31,763,000","86,534,000","139,276,000","100,190,000","52,131,000","112,294,000","153,078,000","99,703,000","25,130,000","95,065,000","137,637,000","61,825,000","40,926,000","78,828,000","107,251,000","43,802,000","42,437,000","115,312,000","87,351,000","40,615,000","37,154,000","65,559,000","82,815,000","-109,324,000","24,698,000","52,363,000","-139,619,000","-229,775,000","-306,088,000","84,084,000","103,038,000","53,935,000","56,491,000","91,278,000","84,285,000","46,341,000","56,344,000","-61,158,000","-29,842,000","53,942,000","35,619,000","60,836,000","63,803,000","44,896,000","42,806,000","88,768,000","60,838,000","48,767,000","41,600,000","72,463,000","92,413,000","55,140,000","-343,974,000","-11,438,000","118,211,000","115,336,000","70,880,000","94,550,000","201,090,000","89,304,000","46,491,000","82,410,000","108,316,000","71,271,000","53,075,000","73,095,000","87,052,000","80,002,000","34,249,000","52,967,000","71,548,000","58,458,000","23,408,000","46,052,000","65,349,000","43,285,000","19,921,000","45,749,000","53,742,000","24,664,000","23,533,000","28,808,000","50,556,000","43,226,000","32,496,000","36,354,000","39,801,000","20,935,000","13,172,000","24,300,000","28,900,000","17,600,000","12,500,000","-600,000","22,300,000","-6,000,000","17,600,000","16,900,000","14,000,000","8,500,000","14,400,000","15,100,000","8,300,000","8,400,000","12,900,000","12,000,000","10,300,000","8,500,000","10,100,000","9,900,000","12,200,000","5,500,000","11,500,000","12,700,000","6,100,000","3,600,000","21,100,000","14,000,000","5,200,000","4,000,000","11,200,000","11,300,000","5,200,000","4,500,000","16,200,000","10,100,000","4,000,000","-3,700,000","16,500,000","9,500,000","4,500,000","5,100,000",,,,,,,,,,,,,,,
BasicEPS,,"0.16","0.42","0.68","0.5","0.26","0.56","0.76","0.5","0.13","0.47","0.69","0.31","0.21","0.4","0.55","0.22","0.22","0.59","0.45","0.21","0.19","0.34","0.42","-0.56","0.13","0.27","-0.72","-1.18","-1.57","0.43","0.53","0.28","0.3","0.48","0.45","0.25","0.3","-0.32","-0.16","0.29","0.19","0.32","0.34","0.24","0.23",,"0.32","0.26","0.22",,"0.5","0.3","-1.87",,"0.65","0.63","0.39",,"1.1","0.49","0.26",,"0.6","0.4","0.293",,"0.487","0.453","0.193",,"0.407","0.333","0.133",,"0.387","0.262","0.12",,"0.338","0.156","0.151",,"0.333","0.284","0.222",,"0.28","0.156","0.102",,"0.235","0.147","0.107",,"0.187","-0.053","0.173",,"0.142","0.089","0.147",,"0.084","0.089","0.133",,"0.107","0.089","0.102",,"0.129","0.058","0.12",,"0.062","0.04","0.222",,"0.049","0.04","0.115",,"0.058","0.049","0.169",,"0.044","-0.04","0.173",,"0.049","0.058","0.169",,"0.058","0.053","0.142",,"0.031","0.04","0.115",,"0.022","0.04","0.173",,"0.027"
DilutedEPS,,"0.16","0.42","0.68","0.5","0.26","0.56","0.76","0.5","0.13","0.47","0.69","0.31","0.21","0.4","0.55","0.22","0.22","0.59","0.45","0.21","0.19","0.33","0.42","-0.56","0.13","0.27","-0.72","-1.18","-1.57","0.43","0.53","0.28","0.3","0.48","0.44","0.24","0.3","-0.32","-0.16","0.29","0.19","0.32","0.34","0.24","0.23",,"0.32","0.26","0.22",,"0.5","0.3","-1.87",,"0.64","0.63","0.39",,"1.1","0.49","0.25",,"0.6","0.39","0.293",,"0.48","0.447","0.193",,"0.4","0.333","0.133",,"0.387","0.258","0.12",,"0.333","0.156","0.151",,"0.329","0.28","0.218",,"0.28","0.156","0.102",,"0.231","0.147","0.102",,"0.187","-0.053","0.173",,"0.142","0.089","0.147",,"0.084","0.089","0.133",,"0.107","0.089","0.102",,"0.129","0.058","0.12",,"0.062","0.04","0.222",,"0.049","0.04","0.115",,"0.058","0.049","0.169",,"0.044","-0.04","0.173",,"0.049","0.058","0.169",,"0.058","0.053","0.142",,"0.031","0.04","0.115",,"0.022","0.04","0.173",,"0.027"
BasicAverageShares,,"203,351,000","203,400,000","202,900,000","201,300,000","200,708,000","200,500,000","200,500,000","200,500,000","200,400,000","200,400,000","199,300,000","198,300,000","196,400,000","196,000,000","196,000,000","195,500,000","195,300,000","195,300,000","195,300,000","195,300,000","195,300,000","195,300,000","195,300,000","195,300,000","195,300,000","195,300,000","195,200,000","194,805,000","194,500,000","194,100,000","193,900,000","192,100,000","189,800,000","188,900,000","188,800,000","188,800,000","188,800,000","188,800,000","188,800,000","188,800,000","188,800,000","188,800,000","188,800,000","188,800,000","188,700,000",,"188,200,000","188,100,000","188,000,000",,"185,160,000","183,964,000","183,787,000",,"183,219,000","182,972,000","182,599,000",,"182,192,000","181,847,000","181,341,000",,"180,291,000","179,911,000","179,823,000",,"179,428,500","177,522,000","176,740,500",,"175,663,500","174,838,500","171,987,000",,"168,538,500","165,901,500","165,478,500",,"159,576,750","158,526,000","156,305,250",,"152,212,500","151,344,000","147,161,250",,"141,693,750","134,970,750","128,364,750",,"122,749,938","120,060,303","117,246,490",,"119,524,261","112,555,574","101,589,061",,"98,486,820","95,673,315","98,231,157",,"98,338,902","94,547,747","96,798,157",,"96,611,107","95,673,315","98,853,882",,"94,702,850","95,239,744","95,881,274",,"98,084,932","90,045,023","94,997,546",,"106,417,813","100,050,025","96,971,376",,"90,044,849","92,092,338","95,969,290",,"90,045,473","92,546,273","95,239,744",,"92,092,338","88,313,218","96,062,330",,"95,047,070","94,207,400","92,717,154",,"91,247,169","91,127,859","90,141,867",,"88,989,289","87,780,435","87,690,388",,"86,888,988"
DilutedAverageShares,,"203,391,000","203,800,000","203,200,000","201,700,000","200,952,000","200,900,000","200,600,000","200,500,000","200,500,000","200,500,000","199,400,000","198,300,000","196,400,000","196,400,000","196,300,000","196,200,000","196,000,000","195,600,000","195,800,000","196,000,000","196,000,000","195,900,000","195,800,000","195,700,000","195,300,000","195,300,000","195,200,000","194,838,000","194,500,000","194,200,000","194,300,000","192,700,000","190,400,000","189,800,000","189,600,000","189,500,000","189,200,000","188,800,000","188,800,000","189,100,000","189,200,000","188,900,000","188,800,000","189,000,000","188,800,000",,"188,300,000","188,300,000","188,200,000",,"185,425,000","184,398,000","183,787,000",,"184,081,000","183,727,000","183,130,000",,"183,171,000","182,746,000","182,337,000",,"181,307,000","181,107,000","180,915,000",,"180,583,500","178,555,500","178,159,500",,"177,417,000","176,350,500","173,563,500",,"170,052,000","167,298,750","166,641,750",,"160,524,000","159,810,750","157,529,250",,"153,285,750","153,846,000","148,452,750",,"142,526,250","135,477,000","128,673,000",,"125,110,933","120,060,303","122,343,914",,"119,524,261","112,555,574","101,589,061",,"98,486,820","95,673,315","98,231,157",,"98,338,902","94,547,747","96,798,157",,"96,611,107","95,673,315","98,853,882",,"94,702,850","95,239,744","95,881,274",,"98,084,932","90,045,023","94,997,546",,"106,417,813","100,050,025","96,971,376",,"90,044,849","92,092,338","95,969,290",,"90,045,473","92,546,273","95,239,744",,"92,092,338","88,313,218","96,062,330",,"95,047,070","94,207,400","92,717,154",,"91,247,169","91,127,859","90,141,867",,"88,989,289","87,780,435","87,690,388",,"86,888,988"
TotalOperatingIncomeAsReported,"516,398,000","67,343,000","122,196,000","189,169,000","137,689,000","85,164,000","145,889,000","203,711,000","138,254,000","57,070,000","130,220,000","189,470,000","97,311,000","64,218,000","118,351,000","140,004,000","73,992,000","69,376,000","125,544,000","156,377,000","79,679,000","67,112,000","111,486,000","146,684,000","88,965,000","41,752,000","55,392,000","109,743,000","45,328,000","-474,347,000","109,622,000","176,765,000","98,934,000","102,904,000","147,117,000","149,873,000","91,378,000","104,531,000","-109,529,000","-34,035,000","91,714,000","71,057,000","126,578,000","119,421,000","82,303,000","78,066,000","130,174,000","108,962,000","88,662,000","82,929,000","127,484,000","160,273,000","100,065,000","-540,919,000","-17,323,000","203,297,000","198,491,000","127,572,000","156,210,000","179,156,000","142,785,000","78,969,000","131,389,000","184,562,000","124,399,000","91,101,000","119,794,000","149,595,000","113,524,000","65,113,000","77,388,000","114,576,000","84,731,000","44,023,000","68,773,000","115,667,000","74,685,000","52,947,000","78,954,000","90,171,000","51,195,000","45,797,000","46,161,000","93,239,000","70,347,000","63,521,000","70,456,000","76,023,000","41,079,000","29,430,000","44,700,000","54,000,000","35,500,000","25,500,000","2,800,000","42,700,000","-6,600,000","32,200,000","33,100,000","29,000,000","18,600,000","30,900,000","32,300,000","30,700,000","20,100,000","28,100,000","26,100,000","22,400,000","19,600,000","22,600,000","19,700,000","18,800,000","15,200,000","24,600,000",,,,,,,,,,,,,,,,,,,,,,,,,,,,,,,,,,
TotalExpenses,"5,352,956,000","1,349,216,000","1,320,929,000","1,396,844,000","1,285,968,000","1,142,774,000","1,239,270,000","1,383,578,000","1,224,674,000","1,140,303,000","1,247,993,000","1,374,329,000","1,206,262,000","1,026,973,000","1,091,523,000","1,140,783,000","990,605,000","906,917,000","1,039,695,000","1,116,171,000","987,960,000","870,813,000","904,612,000","1,061,883,000","954,983,000","863,401,000","1,007,093,000","1,170,757,000","940,887,000","892,457,000","1,053,582,000","1,193,690,000","995,112,000","939,949,000","1,037,307,000","1,135,909,000","969,217,000","827,073,000","958,972,000","1,047,453,000","876,248,000","781,750,000","939,171,000","1,032,760,000","848,454,000","823,739,000","912,377,000","1,016,961,000","817,782,000","751,848,000","889,045,000","947,654,000","857,975,000","1,014,924,000","1,313,088,000","1,130,537,000","1,053,281,000","994,335,000","1,076,520,000","1,066,154,000","839,580,000","708,522,000","960,724,000","1,006,074,000","849,384,000","724,193,000","894,291,000","917,267,000","656,648,000","539,182,000","668,511,000","690,022,000","568,570,000","471,436,000","551,345,000","600,433,000","473,534,000","414,806,000","478,033,000","522,227,000","429,023,000","336,138,000","438,126,000","458,441,000","476,071,000","577,727,000","537,413,000","454,811,000","321,900,000","342,559,000","310,300,000","321,500,000","254,800,000","233,500,000","274,100,000","227,200,000","186,300,000","137,900,000","145,700,000","134,700,000","106,900,000","109,000,000","111,900,000","103,100,000","90,000,000","98,400,000","96,500,000","91,600,000","91,700,000","93,900,000","94,000,000","87,600,000","89,900,000","99,800,000",,,,,,,,,,,,,,,,,,,,,,,,,,,,,,,,,,
NetIncomeFromContinuingAndDiscontinuedOperation,"357,763,000","31,763,000","86,534,000","139,276,000","100,190,000","52,131,000","112,294,000","153,078,000","99,703,000","25,130,000","95,065,000","137,637,000","61,825,000","40,926,000","78,828,000","107,251,000","43,802,000","42,437,000","115,312,000","87,351,000","41,215,000","37,325,000","65,730,000","82,986,000","-109,153,000","24,869,000","52,534,000","-139,448,000","-229,604,000","-305,917,000","84,255,000","103,209,000","54,106,000","56,662,000","91,449,000","84,456,000","46,512,000","56,515,000","-60,987,000","-29,671,000","54,113,000","35,790,000","61,007,000","63,974,000","45,067,000","42,977,000","88,940,000","61,010,000","48,938,000","41,772,000","72,634,000","92,584,000","55,311,000","-343,803,000","-11,267,000","118,382,000","115,507,000","71,051,000","94,722,000","201,262,000","89,475,000","46,662,000","82,581,000","108,487,000","71,442,000","53,246,000","73,267,000","87,223,000","80,173,000","34,420,000","53,138,000","71,719,000","58,630,000","23,580,000","46,222,000","65,521,000","43,473,000","27,697,000","45,938,000","53,931,000","24,853,000","23,722,000","28,999,000","50,746,000","43,417,000","32,687,000","36,545,000","39,992,000","21,126,000","13,364,000","24,500,000","29,100,000","17,800,000","12,700,000","-400,000","22,500,000","-5,800,000","17,800,000","17,100,000","14,200,000","8,700,000","14,600,000","15,300,000","8,500,000","8,600,000","13,100,000","12,200,000","10,500,000","8,700,000","10,300,000","10,100,000","12,400,000","5,700,000","11,700,000","12,900,000","6,300,000","3,800,000","15,800,000","14,800,000","5,200,000","4,000,000","11,400,000","11,500,000","5,400,000","4,700,000","16,400,000","10,300,000","4,200,000","-3,500,000","16,700,000","9,800,000","4,700,000","5,300,000",,,,,,,,,,,,,,,
NormalizedIncome,"357,348,000","31,733,000","86,482,000","138,962,000","100,171,000","52,116,000","112,132,000","153,015,000","99,842,000","25,539,000","94,804,000","136,128,000","63,145,000","41,089,000","75,981,000","107,369,000","44,075,000","41,960,000","115,393,000","89,549,000","44,405,000","35,638,000","66,546,000","88,386,000","166,949,000","25,704,000","46,272,000","63,178,000","21,811,000","6,795,104.077","81,584,000","103,206,000","53,559,000","56,707,000","91,507,000","84,574,000","46,571,000","56,592,000","80,918,000","74,533,000","48,198,395.506","35,159,817.488","77,492,637.457","63,293,876.79","43,909,707.02","41,146,132.442","91,551,150.774","59,859,691.177","47,140,255.696","40,214,374.676","71,154,218.006","90,711,707.488","55,311,000","36,861,498.564","-13,207,900","116,939,514.711","114,231,566.542","68,906,298.114","91,920,754.981","95,354,200","78,940,908.094","39,249,316.718","79,510,505.796","105,395,906.602","67,703,022.728","49,636,844.499","70,170,107.009","84,993,756.425","68,595,293.285","32,864,946.024","44,442,627.518","64,672,716.907","51,495,818.584","20,348,117.243","38,500,567.699","63,959,946.649","40,252,898.27","25,365,347.04","44,711,611.443","49,564,705.8","24,115,000","21,528,866.227","22,269,560.797","49,620,468.464","36,012,851.435","31,264,015.674","34,658,790.75","38,787,358.324","18,485,709.767","11,893,258.168","22,810,344.828","27,740,764.331","17,108,127.208","10,334,313.725","-3,400,000","21,745,810.056","-7,360,000","16,129,241.877","16,442,307.692","13,320,353.982","7,401,492.537","14,914,655.172","15,610,975.61","20,920,000","8,413,043.478","13,162,380.952","12,138,071.066","10,764,150.943","8,829,850.746","10,688,679.245","11,259,016.393","7,890,909.091","5,634,482.759","11,700,000","12,900,000","6,300,000","3,800,000","15,800,000","14,800,000","5,200,000","4,000,000","11,400,000","11,500,000","5,400,000","4,700,000","16,400,000","10,300,000","4,200,000","-3,500,000","16,700,000","9,800,000","4,700,000","5,300,000",,,,,,,,,,,,,,,
InterestExpense,"95,791,000","25,260,000","23,760,000","23,389,000","23,381,000","23,453,000","23,387,000","23,761,000","24,818,000","24,553,000","24,493,000","25,258,000","25,429,000","23,407,000","22,412,000","20,955,000","20,800,000","20,447,000","20,810,000","20,909,000","20,766,000","20,303,000","20,483,000","22,278,000","22,219,000","23,776,000","23,204,000","22,946,000","23,790,000","23,149,000","22,104,000","22,425,000","21,516,000","20,971,000","20,605,000","21,012,000","21,427,000","20,874,000","19,770,000","19,840,000","17,650,000","19,439,000","19,712,000","19,589,000","20,036,000","22,017,000","21,061,000","20,944,000","20,490,000","20,516,000","21,399,000","20,945,000","20,759,000","20,997,000",,,,,,,,,,,,,,,,,,,,,,,,,,,,,,,,,,,,,,,,,,,,,,,,,,,,,,,,,,,,,,,,,,,,,,,,,,,,,,,,,,,,,,,,,,,,,,
NetInterestIncome,"-95,791,000","-25,260,000","-23,760,000","-23,389,000","-23,381,000","-23,453,000","-23,387,000","-23,761,000","-24,818,000","-24,553,000","-24,493,000","-25,258,000","-25,429,000","-23,407,000","-22,412,000","-20,955,000","-20,800,000","-20,447,000","-20,810,000","-20,909,000","-20,766,000","-20,303,000","-20,483,000","-22,278,000","-22,219,000","-23,776,000","-23,204,000","-22,946,000","-23,790,000","-23,149,000","-22,104,000","-22,425,000","-21,516,000","-20,971,000","-20,605,000","-21,012,000","-21,427,000","-20,874,000","-19,770,000","-19,840,000","-17,650,000","-19,439,000","-19,712,000","-19,589,000","-20,036,000","-22,017,000","-21,061,000","-20,944,000","-20,490,000","-20,516,000","-21,399,000","-20,945,000","-20,759,000","-20,997,000",,,,,,,,,,,,,,,,,,,,,,,,,,,,,,,,,,,,,,,,,,,,,,,,,,,,,,,,,,,,,,,,,,,,,,,,,,,,,,,,,,,,,,,,,,,,,,
EBIT,"537,060,000","64,943,000","130,302,000","195,099,000","146,716,000","88,518,000","158,931,000","208,323,000","148,317,000","56,065,000","133,810,000","192,484,000","98,926,000","71,813,000","113,249,000","142,687,000","75,591,000","69,958,000","126,838,000","157,388,000","80,461,000","68,129,000","112,780,000","148,425,000","89,837,000","42,998,000","68,363,000","113,241,000","47,648,000","-472,023,000","112,334,000","179,312,000","101,414,000","105,087,000","149,130,000","152,138,000","92,807,000","105,462,000","-105,579,000","-29,945,000","93,348,000","73,408,000","130,441,000","121,529,000","85,160,000","80,450,000","155,109,000","113,230,000","93,608,000","87,614,000","132,084,000","165,486,000","104,578,000","-537,413,000","-17,323,000","203,297,000","198,491,000","127,572,000","156,210,000","179,156,000","142,785,000","78,969,000","131,389,000","184,562,000","124,399,000","91,101,000","119,794,000","149,595,000","113,524,000","65,113,000","77,388,000","114,576,000","84,731,000","44,023,000","68,773,000","115,667,000","74,685,000","52,947,000","78,954,000","90,171,000","51,195,000","45,797,000","46,161,000","93,239,000","70,347,000","63,521,000","70,456,000","76,023,000","41,079,000","29,430,000","44,700,000","54,000,000","35,500,000","25,500,000","2,800,000","42,700,000","-6,600,000","32,200,000","33,100,000","29,000,000","18,600,000","30,900,000","32,300,000","30,700,000","20,100,000","28,100,000","26,100,000","22,400,000","19,600,000","22,600,000","19,700,000","18,800,000","15,200,000","24,600,000","127,600,000","98,800,000","89,000,000","124,200,000","104,500,000","68,600,000","76,400,000","103,000,000","106,500,000","70,600,000","74,800,000","115,400,000","90,000,000","63,700,000","71,300,000","104,200,000","86,500,000","65,500,000","73,700,000","113,800,000","88,200,000","63,300,000","73,700,000","118,600,000","86,400,000","60,800,000","73,500,000","104,800,000","97,400,000","61,800,000","81,300,000","123,000,000","112,400,000","63,100,000"
EBITDA,"842,672,000"
ReconciledCostOfRevenue,"4,830,940,000","1,201,611,000","1,196,693,000","1,273,519,000","1,159,118,000","1,006,517,000","1,116,946,000","1,260,992,000","1,100,582,000","1,006,952,000","1,131,880,000","1,263,180,000","1,095,290,000","913,047,000","992,235,000","1,047,120,000","896,295,000","805,334,000","947,947,000","1,025,134,000","895,349,000","772,050,000","816,558,000","971,661,000","868,548,000","759,128,000","912,139,000","1,080,025,000","893,765,000","749,467,000","916,489,000","1,044,689,000","842,555,000","784,671,000","896,692,000","990,139,000","826,546,000","680,915,000","2,798,794,000","52,832,000","749,668,000","648,395,000","811,305,000","904,453,000","722,648,000","689,400,000","2,579,096,000","66,526,000","110,547,000","250,602,000","235,815,000","72,786,000","121,567,000","375,227,000","561,913,000","85,194,000","160,778,000","18,778,000","409,653,000","81,218,000","55,783,000","17,118,000","91,815,000","49,494,000","56,233,000","143,333,000","152,355,000","49,521,000","61,220,000","129,685,000","106,869,000","40,300,000","55,904,000","111,469,000","77,762,000","36,046,000","40,887,000","91,513,000","46,850,000","19,145,000","32,905,000","49,639,000","41,652,000","51,821,000","154,457,000","338,859,000","258,882,000","136,532,000","106,809,000","186,169,000","114,300,000","98,400,000","84,300,000","104,200,000","89,600,000","51,300,000","23,700,000","44,000,000","42,100,000","21,100,000","26,300,000","33,200,000","29,400,000","14,000,000","16,100,000","33,500,000","27,900,000","15,800,000","20,500,000","31,100,000","25,200,000","12,700,000","19,800,000","38,200,000",,,,,,,,,,,,,,,,,,,,,,,,,,,,,,,,,,
ReconciledDepreciation,"305,612,000","80,121,000","76,601,000","75,229,000","73,661,000","73,723,000","72,268,000","72,085,000","71,508,000","69,239,000","68,080,000","65,021,000","63,019,000","59,897,000","58,907,000","55,016,000","53,553,000","52,729,000","52,348,000","52,155,000","51,658,000","51,325,000","53,092,000","54,094,000","48,873,000","60,259,000","62,761,000","57,818,000","11,644,000","95,507,000","95,188,000","103,497,000","103,126,000","99,557,000","98,040,000","99,966,000","95,289,000","93,561,000","98,347,000","91,851,000","83,627,000","85,380,000","86,534,000","88,897,000","83,290,000","84,674,000","83,777,000","84,841,000","81,547,000","78,678,000","77,301,000","79,547,000","80,449,000","93,245,000","95,885,000","93,226,000","89,678,000","87,231,000","83,686,000","78,400,000","70,044,000","69,802,000","67,908,000","71,193,000","69,105,000","63,377,000","63,650,000","60,580,000","51,588,000","52,839,000","54,357,000","53,115,000","51,787,000","49,511,000","49,612,000","47,749,000","46,911,000","44,065,000","43,425,000","40,588,000","37,845,000","36,103,000","37,180,000","36,206,000","34,435,000","32,096,000","35,758,000","28,685,000","24,306,000","22,139,000",,,,,,,,,,,,,,,,,,,,,,,,,,,,,,,,,,,,,,,,,,,,,,,,,,,,,,,,,,
NetIncomeFromContinuingOperationNetMinorityInterest,"357,348,000","31,733,000","86,482,000","138,962,000","100,171,000","52,116,000","112,132,000","153,015,000","99,842,000","25,539,000","94,804,000","136,128,000","63,145,000","41,089,000","75,981,000","107,369,000","44,075,000","41,960,000","115,393,000","89,549,000","44,405,000","35,638,000","66,546,000","88,386,000","166,949,000","25,704,000","46,272,000","63,178,000","21,811,000","-305,917,000","81,584,000","103,206,000","53,559,000","56,707,000","91,507,000","84,574,000","46,571,000","56,592,000","-69,687,000","-29,532,000","49,007,000","35,890,000","74,087,000","64,100,000","45,235,000","42,529,000","92,301,000","61,010,000","48,938,000","41,772,000","72,634,000","92,584,000","55,311,000","-343,803,000","-11,267,000","118,382,000","115,507,000","71,051,000","94,847,000","104,497,000","82,036,000","41,407,000","82,533,000","110,098,000","71,442,000","53,246,000","73,267,000","87,223,000","80,173,000","34,420,000","53,138,000","71,719,000","58,630,000","23,580,000","46,222,000","65,521,000","43,473,000","27,697,000","45,938,000","53,931,000","24,853,000","23,722,000","28,999,000","50,746,000","43,417,000","32,687,000","36,545,000","39,992,000","21,126,000","13,364,000","24,500,000","29,100,000","17,800,000","12,700,000","-400,000","22,500,000","-5,800,000","17,800,000","17,100,000","14,200,000","8,700,000","14,600,000","15,300,000","8,500,000","8,600,000","13,100,000","12,200,000","10,500,000","8,700,000","10,300,000","10,100,000","12,400,000","5,700,000","11,700,000","12,900,000","6,300,000","3,800,000","15,800,000","14,800,000","5,200,000","4,000,000","11,400,000","11,500,000","5,400,000","4,700,000","16,400,000","10,300,000","4,200,000","-3,500,000","16,700,000","9,800,000","4,700,000","5,300,000",,,,,,,,,,,,,,,
TotalUnusualItemsExcludingGoodwill,,,,,,,,,,,,,,,,,,,,,,,,,,,,,,"-500,400,000",,,,,"0","0",,,"-231,700,000","-160,100,000","1,249,000","1,098,000","-5,090,000","1,282,000","1,908,000","1,900,000","1,089,000","1,740,000","2,686,000","2,502,000","2,255,000","2,923,000","0","-618,281,000","2,986,000","2,262,000","2,002,000","3,390,000","4,390,000","15,238,000","4,913,000","3,386,000","4,284,000","7,331,000","5,812,000","5,600,000","4,661,000","3,551,000","16,909,000","2,465,000","12,470,000","10,927,000","9,570,000","4,793,000","11,083,000","2,491,000","4,949,000","3,685,000","1,843,000","6,910,000","1,230,000","3,591,000","10,405,000","1,855,000","12,202,000","2,358,000","3,100,000","1,947,000","4,307,000","2,368,000","2,600,000","2,200,000","1,100,000","3,800,000","4,500,000","1,200,000","2,600,000","2,600,000","1,000,000","1,400,000","2,000,000","-500,000","-500,000","-20,700,000","300,000","-100,000","100,000","-400,000","-200,000","-600,000","-1,400,000","7,200,000","100,000",,,,,,,,,,,,,,,,,,,,,,,,,,,,,,,,,,,
TotalUnusualItems,,,,,,,,,,,,,,,,,,,,,,,,,,,,,,"-500,400,000",,,,,"0","0",,,"-231,700,000","-160,100,000","1,249,000","1,098,000","-5,090,000","1,282,000","1,908,000","1,900,000","1,089,000","1,740,000","2,686,000","2,502,000","2,255,000","2,923,000","0","-618,281,000","2,986,000","2,262,000","2,002,000","3,390,000","4,390,000","15,238,000","4,913,000","3,386,000","4,284,000","7,331,000","5,812,000","5,600,000","4,661,000","3,551,000","16,909,000","2,465,000","12,470,000","10,927,000","9,570,000","4,793,000","11,083,000","2,491,000","4,949,000","3,685,000","1,843,000","6,910,000","1,230,000","3,591,000","10,405,000","1,855,000","12,202,000","2,358,000","3,100,000","1,947,000","4,307,000","2,368,000","2,600,000","2,200,000","1,100,000","3,800,000","4,500,000","1,200,000","2,600,000","2,600,000","1,000,000","1,400,000","2,000,000","-500,000","-500,000","-20,700,000","300,000","-100,000","100,000","-400,000","-200,000","-600,000","-1,400,000","7,200,000","100,000",,,,,,,,,,,,,,,,,,,,,,,,,,,,,,,,,,,
NormalizedEBITDA,"842,672,000","145,064,000","206,903,000","270,328,000","220,377,000","162,241,000","231,199,000","280,408,000","219,825,000","125,304,000","201,890,000","257,505,000","161,945,000","131,710,000","172,156,000","197,703,000","129,144,000","122,687,000","179,186,000","209,543,000","132,119,000","119,454,000","165,872,000","202,519,000","144,085,000","103,257,000","131,124,000","171,059,000","101,802,000","123,884,000","207,522,000","282,809,000","204,540,000","204,644,000","247,170,000","252,104,000","188,096,000","199,023,000","224,468,000","222,006,000","175,726,000","157,690,000","222,065,000","209,144,000","166,542,000","163,224,000","237,797,000","196,331,000","172,469,000","163,790,000","207,130,000","242,110,000","185,027,000","174,113,000","75,576,000","294,261,000","286,167,000","211,413,000","235,506,000","242,318,000","207,916,000","145,385,000","195,013,000","248,543,000","187,692,000","148,878,000","178,783,000","206,624,000","148,203,000","115,487,000","119,275,000","156,764,000","126,948,000","88,741,000","107,302,000","160,925,000","116,647,000","93,327,000","120,536,000","123,850,000","87,810,000","78,309,000","72,936,000","127,590,000","92,621,000","93,259,000","103,114,000","102,762,000","61,078,000","49,201,000","62,900,000","72,600,000","54,400,000","41,800,000","18,900,000","61,500,000","10,200,000","47,400,000","51,000,000","44,500,000","31,000,000","47,100,000","49,500,000","66,800,000","35,300,000","43,300,000","41,000,000","36,400,000","33,100,000","36,000,000","33,200,000","24,000,000","27,000,000","36,300,000","127,600,000","98,800,000","89,000,000","124,200,000","104,500,000","68,600,000","76,400,000","103,000,000","106,500,000","70,600,000","74,800,000","115,400,000","90,000,000","63,700,000","71,300,000","104,200,000","86,500,000","65,500,000","73,700,000","113,800,000","88,200,000","63,300,000","73,700,000","118,600,000","86,400,000","60,800,000","73,500,000","104,800,000","97,400,000","61,800,000","81,300,000","123,000,000","112,400,000","63,100,000"
TaxRateForCalcs,"0.19","0.2","0.188","0.191","0.188","0.199","0.173","0.171","0.192","0.19","0.133","0.186","0.141","0.151","0.164","0.118","0.196","0.153","0.4","0.344","0.256","0.255","0.279","0.299","0.315","0.237","0.29","0.4","0.4","0.375","0.113","0.349","0.339","0.332","0.289","0.355","0.35","0.331","0.35","0.35","0.353","0.335","0.331","0.371","0.305","0.272","0.311","0.339","0.331","0.377","0.344","0.359","0.34","0.384","0.35","0.362","0.363","0.367","0.333","0.4","0.37","0.363","0.294","0.359","0.357","0.356","0.336","0.372","0.315","0.369","0.303","0.355","0.255","0.326","0.303","0.373","0.349","0.367","0.335","0.368","0.4","0.389","0.353","0.393","0.393","0.397","0.392","0.381","0.387","0.379","0.35","0.382","0.371","0.377","0.333","0.372","0.4","0.357","0.342","0.372","0.351","0.371","0.378","0.4","0.377","0.376","0.381","0.34","0.351","0.352","0.172","0.374","0.345","0.35","0.4","0.4","0.4","0.4","0.4","0.4","0.4","0.4","0.4","0.4","0.4","0.4","0.4","0.4","0.4","0.4","0.4","0.4","0.4",,,,,,,,,,,,,,,
TaxEffectOfUnusualItems,"0","0","0","0","0","0","0","0","0","0","0","0","0","0","0","0","0","0","0","0","0","0","0","0","0","0","0","0","0","-187,687,895.923","0","0","0","0","0","0","0","0","-81,095,000","-56,035,000","440,395.506","367,817.488","-1,684,362.543","475,876.79","582,707.02","517,132.442","339,150.774","589,691.177","888,255.696","944,374.676","775,218.006","1,050,707.488","0","-237,616,501.436","1,045,100","819,514.711","726,566.542","1,245,298.114","1,463,754.981","6,095,200","1,817,908.094","1,228,316.718","1,261,505.796","2,628,906.602","2,073,022.728","1,990,844.499","1,564,107.009","1,321,756.425","5,331,293.285","909,946.024","3,774,627.518","3,880,716.907","2,435,818.584","1,561,117.243","3,361,567.699","929,946.649","1,728,898.27","1,353,347.04","616,611.443","2,543,705.8","492,000","1,397,866.227","3,675,560.797","729,468.464","4,797,851.435","935,015.674","1,213,790.75","742,358.324","1,666,709.767","897,258.168","910,344.828","840,764.331","408,127.208","1,434,313.725","1,500,000","445,810.056","1,040,000","929,241.877","342,307.692","520,353.982","701,492.537","-185,344.828","-189,024.39","-8,280,000","113,043.478","-37,619.048","38,071.066","-135,849.057","-70,149.254","-211,320.755","-240,983.607","2,690,909.091","34,482.759","0","0","0","0","0","0","0","0","0","0","0","0","0","0","0","0","0","0","0","0",,,,,,,,,,,,,,,