name,ttm,04/30/2022,01/31/2022,10/31/2021,07/31/2021,04/30/2021,01/31/2021,10/31/2020,07/31/2020,04/30/2020,01/31/2020,10/31/2019,07/31/2019,04/30/2019,01/31/2019,10/31/2018,07/31/2018,04/30/2018,01/31/2018,10/31/2017,07/31/2017,04/30/2017,01/31/2017,10/31/2016,07/31/2016,04/30/2016,01/31/2016,10/31/2015,07/31/2015,04/30/2015,01/31/2015,10/31/2014,07/31/2014,04/30/2014,01/31/2014,10/31/2013,07/31/2013,04/30/2013,01/31/2013,10/31/2012,07/31/2012,04/30/2012,01/31/2012,10/31/2011,07/31/2011,04/30/2011,01/31/2011,10/31/2010,07/31/2010,04/30/2010,01/31/2010,10/31/2009,07/31/2009,04/30/2009,01/31/2009,10/31/2008,07/31/2008,04/30/2008,01/31/2008,10/31/2007,07/31/2007,04/30/2007,01/31/2007,10/31/2006,07/31/2006,04/30/2006,01/31/2006,10/31/2005,07/31/2005,04/30/2005,01/31/2005,10/31/2004,07/31/2004,04/30/2004,01/31/2004,10/31/2003,07/31/2003,04/30/2003,01/31/2003,10/31/2002,07/31/2002,04/30/2002,01/31/2002,10/31/2001,07/31/2001,04/30/2001,01/31/2001,10/31/2000,07/31/2000,04/30/2000,01/31/2000,10/31/1999,07/31/1999,04/30/1999,01/31/1999,10/31/1998,07/31/1998,04/30/1998,01/31/1998,10/31/1997,07/31/1997,04/30/1997,01/31/1997,10/31/1996,07/31/1996,04/30/1996,01/31/1996,10/31/1995,07/31/1995,04/30/1995,01/31/1995,10/31/1994,07/31/1994,04/30/1994,01/31/1994,10/31/1993,07/31/1993,04/30/1993,01/31/1993,10/31/1992,07/31/1992,04/30/1992,01/31/1992,10/31/1991,07/31/1991,04/30/1991,01/31/1991,10/31/1990,07/31/1990,04/30/1990,01/31/1990,10/31/1989,07/31/1989,04/30/1989,01/31/1989,10/31/1988,07/31/1988,04/30/1988,01/31/1988,10/31/1987,07/31/1987,04/30/1987,01/31/1987,10/31/1986,07/31/1986,04/30/1986,01/31/1986,10/31/1985
TotalRevenue,"1,163,600,000","288,700,000","291,600,000","295,500,000","287,800,000","301,000,000","295,300,000","300,800,000","190,900,000","210,600,000","285,900,000","257,200,000","270,200,000","266,000,000","246,900,000","264,000,000","223,400,000","249,000,000","228,000,000","230,100,000","201,200,000","219,800,000","195,600,000","209,300,000","191,900,000","212,800,000","184,600,000","208,400,000","203,300,000","227,300,000","206,000,000","229,700,000","218,100,000","224,867,000","189,753,000","190,914,000","167,266,000","148,358,000","122,982,000","129,758,000","118,737,000","126,401,000","112,000,000","115,890,000","110,804,000","119,408,000","102,102,000","107,716,000","98,973,000","96,673,000","90,243,000","99,568,000","91,163,000","89,804,000","81,532,000","122,263,000","135,247,000","155,253,000","138,778,000","133,766,000","125,155,000","132,524,000","105,412,000","108,667,000","103,755,000","116,710,000","95,153,000","116,618,000","94,208,000","116,081,000","92,754,000","99,933,000","85,676,000","99,855,000","87,334,000","95,233,000","78,577,000","94,364,000","92,420,000","96,846,000","80,449,000","85,446,000","74,472,000","81,064,000","80,117,000","-6,149,000","125,590,000","127,603,000","115,095,154","117,146,000","102,000,000","104,400,000","98,600,000","111,500,000","96,400,000","107,900,000","88,000,000","96,700,000","90,700,000","99,900,000","91,900,000","93,000,000","85,900,000","85,200,000","79,000,000","84,900,000","75,700,000","78,600,000","68,200,000","78,800,000","67,400,000","66,800,000","57,800,000","63,800,000","53,000,000","53,000,000","43,500,000","47,100,000","41,300,000","42,800,000","40,800,000","38,100,000","33,800,000","40,300,000","35,900,000","36,400,000","35,500,000","43,000,000","34,500,000","36,300,000","32,900,000","33,200,000","30,500,000","32,900,000","28,400,000","30,700,000","30,200,000","31,600,000","28,500,000","28,000,000","22,800,000","25,900,000","23,000,000","24,000,000","22,800,000","26,100,000","23,300,000","24,600,000"
	OperatingRevenue,"1,163,600,000","288,700,000","291,600,000","295,500,000","287,800,000","301,000,000","295,300,000","300,800,000","190,900,000","210,600,000","285,900,000","257,200,000","270,200,000","266,000,000","246,900,000","264,000,000","223,400,000","249,000,000","228,000,000","230,100,000","201,200,000","219,800,000","195,600,000","209,300,000","191,900,000","212,800,000","184,600,000","208,400,000","203,300,000","227,300,000","206,000,000","229,700,000","218,100,000","224,867,000","189,753,000","190,914,000","167,266,000","148,358,000","122,982,000","129,758,000","118,737,000","126,401,000","112,000,000","115,890,000","110,804,000","119,408,000","102,102,000","107,716,000","98,973,000","96,673,000","90,243,000","99,568,000","91,163,000","89,804,000","81,532,000","122,263,000","135,247,000","155,253,000","138,778,000","133,766,000","125,155,000","132,524,000","105,412,000","108,516,000","103,571,000","117,371,000","95,050,000","116,618,000","93,983,000","115,580,000","92,381,000","99,743,000","85,021,000","97,723,000","87,334,000","94,502,000","77,957,000","94,132,000","92,061,000","96,823,000","80,041,000","84,965,000","74,035,000","81,064,000","79,596,000","-8,579,000","125,590,000","127,603,000","115,095,154","117,146,000","102,000,000","104,400,000","98,600,000","111,500,000","96,400,000","107,900,000","88,000,000","96,700,000","90,700,000","99,900,000","91,900,000","93,000,000","85,900,000","85,200,000","79,000,000","84,900,000","75,700,000","78,600,000","68,200,000","78,800,000","67,400,000","66,800,000","57,800,000","63,800,000","53,000,000","53,000,000","43,500,000","47,100,000","41,300,000","42,800,000","40,800,000","38,100,000","33,800,000","40,300,000","35,900,000","36,400,000","35,500,000","43,000,000","34,500,000","36,300,000","32,900,000","33,200,000","30,500,000","32,900,000","28,400,000","30,700,000","30,200,000","31,600,000","28,500,000","28,000,000","22,800,000","25,900,000","23,000,000","24,000,000","22,800,000","26,100,000","23,300,000","24,600,000"
CostOfRevenue,"898,700,000","233,800,000","222,500,000","226,300,000","216,100,000","225,400,000","222,700,000","220,000,000","145,800,000","151,400,000","206,600,000","188,600,000","194,400,000","195,400,000","182,600,000","193,200,000","163,300,000","187,100,000","167,900,000","168,100,000","145,600,000","164,500,000","142,200,000","153,700,000","137,800,000","152,000,000","137,000,000","157,500,000","149,700,000","175,300,000","149,800,000","169,500,000","167,600,000","182,015,000","151,269,000","149,531,000","133,285,000","120,514,000","102,949,000","107,466,000","97,271,000","103,441,000","92,746,000","94,972,000","90,824,000","93,520,000","82,668,000","84,073,000","79,529,000","74,094,000","74,924,000","77,784,000","70,909,000","82,739,000","70,512,000","97,815,000","105,430,000","115,088,000","109,032,000","105,900,000","98,335,000","101,377,000","85,334,000","89,244,000","83,960,000","90,991,000","77,597,000","92,926,000","74,897,000","89,157,000","71,844,000","77,835,000","67,781,000","81,821,000","69,594,000","74,377,000","62,008,000","76,469,000","74,823,000","76,041,000","62,350,000","70,454,000","65,839,000","66,677,000","64,604,000","6,273,000","99,821,000","95,314,000","84,424,133","84,611,000","73,100,000","75,400,000","69,500,000","77,500,000","68,000,000","75,900,000","60,800,000","65,000,000","64,100,000","68,900,000","62,300,000","58,900,000","58,500,000","57,900,000","54,200,000","55,000,000","51,900,000","54,200,000","46,500,000","53,400,000","46,800,000","46,400,000","38,500,000","41,700,000","35,900,000","36,100,000","29,600,000","31,600,000","28,600,000","28,900,000","27,700,000","27,100,000","23,600,000","28,500,000","24,900,000","26,200,000","26,100,000","31,200,000","24,200,000",,,,,,,,,,,,,,,,,,,
GrossProfit,"264,900,000","54,900,000","69,100,000","69,200,000","71,700,000","75,600,000","72,600,000","80,800,000","45,100,000","59,200,000","79,300,000","68,600,000","75,800,000","70,600,000","64,300,000","70,800,000","60,100,000","61,900,000","60,100,000","62,000,000","55,600,000","55,300,000","53,400,000","55,600,000","54,100,000","60,800,000","47,600,000","50,900,000","53,600,000","52,000,000","56,200,000","60,200,000","50,500,000","42,852,000","38,484,000","41,383,000","33,981,000","27,844,000","20,033,000","22,292,000","21,466,000","22,960,000","19,254,000","20,918,000","19,980,000","25,888,000","19,434,000","23,643,000","19,444,000","22,579,000","15,319,000","21,784,000","20,254,000","7,065,000","11,020,000","24,448,000","29,817,000","40,165,000","29,746,000","27,866,000","26,820,000","31,147,000","20,078,000","19,423,000","19,795,000","25,719,000","17,556,000","23,692,000","19,311,000","26,924,000","20,910,000","22,098,000","17,895,000","18,034,000","17,740,000","20,856,000","16,569,000","17,895,000","17,597,000","20,805,000","18,099,000","14,992,000","8,633,000","14,387,000","15,513,000","-12,422,000","25,769,000","32,289,000","30,671,021","32,535,000","28,900,000","29,000,000","29,100,000","34,000,000","28,400,000","32,000,000","27,200,000","31,700,000","26,600,000","31,000,000","29,600,000","34,100,000","27,400,000","27,300,000","24,800,000","29,900,000","23,800,000","24,400,000","21,700,000","25,400,000","20,600,000","20,400,000","19,300,000","22,100,000","17,100,000","16,900,000","13,900,000","15,500,000","12,700,000","13,900,000","13,100,000","11,000,000","10,200,000","11,800,000","11,000,000","10,200,000","9,400,000","11,800,000","10,300,000",,,,,,,,,,,,,,,,,,,
OperatingExpense,"153,200,000","40,300,000","39,300,000","36,000,000","37,600,000","41,900,000","37,200,000","35,800,000","31,300,000","22,900,000","37,800,000","37,900,000","37,200,000","37,600,000","38,300,000","51,700,000","31,400,000","34,300,000","24,500,000","32,300,000","30,200,000","29,300,000","24,300,000","26,500,000","27,400,000","29,500,000","26,100,000","24,500,000","23,200,000","26,400,000","21,500,000","25,400,000","22,200,000","20,794,000","22,103,000","19,649,000","18,855,000","19,882,000","15,776,000","15,177,000","17,296,000","18,078,000","16,838,000","18,278,000","18,562,000","20,101,000","15,496,000","21,293,000","15,595,000","15,366,000","17,075,000","16,413,000","15,874,000","14,558,000","14,743,000","18,650,000","16,452,000","19,257,000","17,707,000","16,107,000","15,964,000","16,348,000","12,224,000","13,277,000","13,752,000","12,873,000","13,214,000","16,577,000","12,894,000","12,935,000","14,133,000","12,729,000","11,388,000","8,104,000","14,721,000","11,520,000","9,912,000","8,696,000","10,281,000","12,140,000","10,211,000","24,988,000","9,157,000","9,351,000","9,775,000","6,410,000","17,945,000","21,794,000","19,748,123","19,762,000","18,700,000","22,300,000","18,000,000","20,600,000","18,300,000","19,200,000","16,600,000","19,800,000","16,700,000","17,800,000","16,700,000","18,200,000","15,000,000","14,300,000","13,500,000","14,400,000","13,100,000","13,700,000","12,300,000","13,700,000","12,200,000","11,600,000","10,700,000","10,900,000","9,500,000","9,500,000","8,600,000","9,200,000","7,800,000","8,600,000","8,600,000","5,700,000","8,200,000","8,600,000","8,000,000","7,500,000","7,300,000","8,500,000","7,500,000",,,,,,,,,,,,,,,,,,,
	SellingGeneralAndAdministration,"134,100,000","35,600,000","34,500,000","31,200,000","32,800,000","37,100,000","32,400,000","30,800,000","26,600,000","18,200,000","33,000,000","33,200,000","32,400,000","32,600,000","32,800,000","48,000,000","29,500,000","32,400,000","22,500,000","31,200,000","29,600,000","27,000,000","24,300,000","26,500,000","27,400,000","27,100,000","26,100,000","24,500,000","23,200,000","24,900,000","21,500,000","25,400,000","22,200,000","18,994,000","22,103,000","19,649,000","18,855,000","18,088,000","15,776,000","15,177,000","17,296,000","16,267,000","16,838,000","18,278,000","18,562,000","17,699,000","15,496,000","21,293,000","15,595,000","13,069,000","17,075,000","16,413,000","15,874,000","7,625,000","14,743,000","18,650,000","16,452,000","11,772,000","17,707,000","16,107,000","15,964,000","10,243,000","12,910,000","13,277,000","13,752,000","7,493,000","13,214,000","16,577,000","12,894,000","8,624,000","14,133,000","12,729,000","11,388,000","4,191,000","14,721,000","11,520,000","9,912,000","6,454,000","10,281,000","12,140,000","10,211,000","12,217,000","9,157,000","9,849,000","9,775,000","-4,578,000","17,945,000","16,388,000","14,564,310","13,453,000","13,800,000","17,400,000","13,400,000","14,700,000","13,500,000","14,700,000","11,900,000","13,600,000","12,100,000","13,200,000","12,200,000","11,900,000","11,400,000","10,900,000","10,100,000","9,700,000","10,000,000","10,600,000","9,200,000","9,400,000","9,500,000","9,000,000","8,200,000","7,700,000","7,100,000","7,300,000","6,400,000","6,800,000","5,700,000","6,500,000","6,500,000","3,900,000","6,300,000","6,800,000","6,200,000","6,000,000","5,600,000","6,900,000","5,900,000",,,,,,,,,,,,,,,,,,,
	DepreciationAmortizationDepletionIncomeStatement,"19,100,000","4,700,000","4,800,000","4,800,000","4,800,000","4,800,000","4,800,000","5,000,000","4,700,000","4,700,000","4,800,000","4,700,000","4,800,000","5,000,000","5,500,000","3,700,000","1,900,000","1,900,000","2,000,000","1,100,000","600,000",,,,,,,,,,,,,,,,,,,,,,,,,,,,,,,,,,,,,,,,,,,,,,,,,,,,,,,,,,,,,,,,,,,"5,406,000","5,183,813","6,309,000","4,900,000","4,900,000","4,600,000","5,900,000","4,800,000","4,500,000","4,700,000","6,200,000","4,600,000","4,600,000","4,500,000","6,300,000","3,600,000","3,400,000","3,400,000","4,700,000","3,100,000","3,100,000","3,100,000","4,300,000","2,700,000","2,600,000","2,500,000","3,200,000","2,400,000","2,200,000","2,200,000","2,400,000","2,100,000","2,100,000","2,100,000","1,800,000","1,900,000","1,800,000","1,800,000","1,500,000","1,700,000","1,600,000","1,600,000",,,,,,,,,,,,,,,,,,,
		DepreciationAndAmortizationInIncomeStatement,"19,100,000","4,700,000","4,800,000","4,800,000","4,800,000","4,800,000","4,800,000","5,000,000","4,700,000","4,700,000","4,800,000","4,700,000","4,800,000","5,000,000","5,500,000","3,700,000","1,900,000","1,900,000","2,000,000","1,100,000","600,000",,,,,,,,,,,,,,,,,,,,,,,,,,,,,,,,,,,,,,,,,,,,,,,,,,,,,,,,,,,,,,,,,,,"5,406,000","5,183,813","6,309,000","4,900,000","4,900,000","4,600,000","5,900,000","4,800,000","4,500,000","4,700,000","6,200,000","4,600,000","4,600,000","4,500,000","6,300,000","3,600,000","3,400,000","3,400,000","4,700,000","3,100,000","3,100,000","3,100,000","4,300,000","2,700,000","2,600,000","2,500,000","3,200,000","2,400,000","2,200,000","2,200,000","2,400,000","2,100,000","2,100,000","2,100,000","1,800,000","1,900,000","1,800,000","1,800,000","1,500,000","1,700,000","1,600,000","1,600,000",,,,,,,,,,,,,,,,,,,
			Amortization,"19,100,000","4,700,000","4,800,000","4,800,000","4,800,000","4,800,000","4,800,000","5,000,000","4,700,000","4,700,000","4,800,000","4,700,000","4,800,000","5,000,000","5,500,000","3,700,000","1,900,000","1,900,000","2,000,000","1,100,000","600,000",,,,,,,,,,,,,,,,,,,,,,,,,,,,,,,,,,,,,,,,,,,,,,,,,,,,,,,,,,,,,,,,,,,,,,,,,,,,,,,,,,,,,,,,,,,,,,,,,,,,,,,,,,,,,,,,,,,,,,,,,,,,,,,
				AmortizationOfIntangiblesIncomeStatement,"19,100,000","4,700,000","4,800,000","4,800,000","4,800,000","4,800,000","4,800,000","5,000,000","4,700,000","4,700,000","4,800,000","4,700,000","4,800,000","5,000,000","5,500,000","3,700,000","1,900,000","1,900,000","2,000,000","1,100,000","600,000",,,,,,,,,,,,,,,,,,,,,,,,,,,,,,,,,,,,,,,,,,,,,,,,,,,,,,,,,,,,,,,,,,,,,,,,,,,,,,,,,,,,,,,,,,,,,,,,,,,,,,,,,,,,,,,,,,,,,,,,,,,,,,,
	OtherOperatingExpenses,,,,,,,,,,,,,,,,,,,,,,,,,,,,,,,,,,,,,,,,,,,,,,,,,,,,,,,,,,,,,,"1,397,000","-686,000",,,,,,,,,,,,,,,,,,,,,"-498,000",,,,,,,,,,,,,,,,,,,,,,,,,,,,,,,,,,,,,,,,,,,,,,,,,,,,,,,,,,,,,,,,
OperatingIncome,"111,700,000","14,600,000","29,800,000","33,200,000","34,100,000","33,700,000","35,400,000","45,000,000","13,800,000","36,300,000","41,500,000","30,700,000","38,600,000","33,000,000","26,000,000","19,100,000","28,700,000","27,600,000","35,600,000","29,700,000","25,400,000","26,000,000","29,100,000","29,100,000","26,700,000","31,300,000","21,500,000","26,400,000","30,400,000","25,600,000","34,700,000","34,800,000","28,300,000","22,058,000","16,381,000","21,734,000","15,126,000","7,962,000","4,257,000","7,115,000","4,170,000","4,882,000","2,416,000","2,640,000","1,418,000","5,787,000","3,938,000","2,350,000","3,849,000","7,213,000","-1,756,000","5,371,000","4,380,000","-7,493,000","-3,723,000","5,798,000","13,365,000","20,908,000","12,039,000","11,759,000","10,856,000","14,799,000","7,854,000","6,146,000","6,043,000","12,846,000","4,342,000","7,115,000","6,417,000","13,989,000","6,777,000","9,369,000","6,507,000","9,930,000","3,019,000","9,336,000","6,657,000","9,199,000","7,316,000","8,665,000","7,888,000","-9,996,000","-524,000","5,036,000","5,738,000","-18,832,000","7,824,000","10,495,000","10,922,898","12,773,000","10,200,000","6,700,000","11,100,000","13,400,000","10,100,000","12,800,000","10,600,000","11,900,000","9,900,000","13,200,000","12,900,000","15,900,000","12,400,000","13,000,000","11,300,000","15,500,000","10,700,000","10,700,000","9,400,000","11,700,000","8,400,000","8,800,000","8,600,000","11,200,000","7,600,000","7,400,000","5,300,000","6,300,000","4,900,000","5,300,000","4,500,000","5,300,000","2,000,000","3,200,000","3,000,000","2,700,000","2,100,000","3,300,000","2,800,000","-88,100,000","32,900,000","33,200,000","30,500,000","-85,600,000","28,400,000","30,700,000","30,200,000","-72,900,000","28,500,000","28,000,000","22,800,000","-63,800,000","23,000,000","24,000,000","22,800,000","-59,400,000","23,300,000","24,600,000"
NetNonOperatingInterestIncomeExpense,"-3,500,000","-600,000","-700,000","-1,100,000","-1,100,000","-900,000","-1,300,000","-1,400,000","-1,600,000","-2,100,000","-2,400,000","-2,700,000","-2,900,000","-3,300,000","-3,200,000","-1,600,000","-200,000","-600,000","-300,000","-200,000","200,000","100,000","200,000","100,000","0","0","200,000","300,000","200,000","300,000","200,000","100,000","0","-35,000","-88,000","-117,000","-59,000","57,000","-20,000","-53,000","46,000","448,000","-164,000","-1,000","-4,000","-5,000","116,000","61,000","-26,000","30,000","-22,000","-45,000","-102,000","167,000","212,000",,,,,,,,,,,,,,,,,,,,,,,,,,,,,,,,,,,,,,,,,,,,,,,,,,,,,,,,,,,,,,,,,,,,,,,,,,,,,,,,,,,,,,,,,,,,,
	InterestIncomeNonOperating,,,,,,,,,,,,,,,,,,,,,,,,"100,000",,,,"300,000",,,,,,,,,,,,,,,,,,,,,"200,000",,"0",,,,,,,,,,,,,,,,,,,,,,,,,,,,,,,,,,,,,,,,,,,,,,,,,,,,,,,,,,,,,,,,,,,,,,,,,,,,,,,,,,,,,,,,,,,,,,,,,
	InterestExpenseNonOperating,"3,500,000","600,000","700,000","1,100,000","1,100,000","900,000","1,300,000","1,400,000","1,600,000","2,100,000",,,,,,,,,,,,,,,,,,,,,,,"0","0","88,000","117,000",,,,"53,000",,,,,,,,,"226,000",,"22,000",,,,,,,,,,,,,,,,,,,,,,,,,,,,,,,,,,,,,,,,,,,,,,,,,,,,,,,,,,,,,,,,,,,,,,,,,,,,,,,,,,,,,,,,,,,,,,,,,
	TotalOtherFinanceCost,,,,,,,,,,,"2,400,000","2,700,000","2,900,000","3,300,000","3,200,000","1,600,000","200,000","600,000","300,000","200,000","-200,000","-100,000","-200,000","-100,000",,"0","-200,000","-300,000","-200,000","-300,000","-200,000","-100,000",,"35,000","88,000","117,000","59,000","-57,000","20,000","53,000","-46,000","-448,000","164,000","1,000","4,000","5,000","-116,000","-61,000",,,,"45,000","102,000","-167,000","-212,000",,,,,,,,,,,,,,,,,,,,,,,,,,,,,,,,,,,,,,,,,,,,,,,,,,,,,,,,,,,,,,,,,,,,,,,,,,,,,,,,,,,,,,,,,,,,,
OtherIncomeExpense,"10,300,000","3,200,000","4,400,000","900,000","1,800,000","3,800,000","2,400,000","2,600,000","3,400,000","5,900,000","4,900,000","1,000,000","-100,000","400,000","4,900,000","100,000","-300,000","3,800,000","3,800,000","-400,000","-800,000","1,800,000","1,000,000","1,900,000",,"-1,000,000","1,000,000","200,000","300,000","-3,400,000","300,000","-200,000","100,000","1,663,000","-270,000","-368,000","-125,000","-4,974,000","-114,000","19,464,000","41,000","-1,039,000","615,000","-194,000","43,000","591,000","-490,000","2,053,000","849,000","60,000","-295,000","-3,013,000","-4,005,000","-73,694,000","-36,820,000","-4,431,000","-5,186,000","-7,347,000","-1,373,000","-941,000","-220,000","-2,022,000","-1,510,000","544,000","116,000","-493,000","-616,000","189,000","130,000","1,565,000","125,000","16,000","692,000","2,237,000","-554,000","769,000","42,000","-310,000","-639,000","244,000","-1,030,000","-10,347,000","735,000","816,000","805,000","-9,353,000","6,794,000","1,140,000","2,718,141","1,720,000","1,200,000","1,600,000","2,000,000","1,200,000","800,000","1,200,000","1,100,000","2,300,000","1,000,000","1,300,000","1,100,000","1,500,000","2,000,000","1,400,000","1,400,000","1,300,000","1,200,000","1,200,000","1,200,000","1,100,000","900,000","800,000","800,000","800,000","800,000","500,000","500,000","500,000","400,000","500,000","400,000","-900,000","400,000","400,000","300,000","300,000","600,000","500,000","200,000",,,,,,,,,,,,,,,,,,,
	SpecialIncomeCharges,,,,,,,,,,,,,,,,,,,,,,"0",,,,"0",,,,,,,,"-1,700,000","0","0",,"-4,326,000","0","20,000,000",,"-767,000","615,000","-194,000","43,000","591,000","-490,000","2,053,000","849,000","60,000","-295,000","-3,013,000","-4,005,000","-73,694,000","-36,820,000","-4,431,000","-5,186,000","-7,347,000","-1,373,000","-941,000","-220,000","-2,022,000","-1,510,000","544,000","116,000","-493,000","-616,000","189,000","130,000","1,565,000","125,000","16,000","692,000","2,237,000","-554,000","769,000","42,000","-310,000","-639,000","244,000","-1,030,000","-10,347,000","735,000","816,000","805,000","-9,353,000","6,794,000","1,140,000","2,718,141","1,720,000","1,200,000","1,600,000","2,000,000","1,200,000","800,000","1,200,000","1,100,000","2,300,000","1,000,000","1,300,000","1,100,000","1,500,000","2,000,000","1,400,000","1,400,000","1,300,000","1,200,000","1,200,000","1,200,000","1,100,000","900,000","800,000","800,000","800,000","800,000","500,000","500,000","500,000","400,000","500,000","400,000","-900,000","400,000","400,000","300,000","300,000","600,000","500,000","200,000",,,,,,,,,,,,,,,,,,,
		RestructuringAndMergernAcquisition,,,,,,,,,,,,,,,,,,,,,,,,,,,,,,,,,,,,,,,,,,"0","0","0",,"0","0","-21,000","0","443,000","559,000","3,156,000","3,611,000","10,281,000","3,796,000","6,284,000","4,917,000","4,709,000","450,000",,,"166,000","1,861,000",,,,,,,,,,,,,,,,,,,,,,,,,,,,,,,,,,,,,,,,,,,,,,,,,,,,,,,,,,,,,,,,,,,,,,,,,,,,,,,,,,,,,
		ImpairmentOfCapitalAssets,,,,,,,,,,,,,,,,,,,,,,"0",,,,"0",,,,,,,,"1,700,000",,,,,,,,,,,,,,,,"0","0",,,"61,696,000","32,678,000",,,,,,,,,,,,,,,,,,,,,,,,,,,,,,,,,,,,,,,,,,,,,,,,,,,,,,,,,,,,,,,,,,,,,,,,,,,,,,,,,,,,,,,,,,,,,
		OtherSpecialCharges,,,,,,,,,,,,,,,,,,,,,,,,,,,,,,,,,,,,,,"0",,"-20,000,000",,,"-615,000","194,000",,"-591,000","490,000","-2,032,000","-849,000","-503,000","-264,000","-143,000","394,000","1,717,000","346,000","-1,853,000","269,000","2,638,000","923,000",,,"1,856,000","-351,000",,,,,,,,,,,,,,,,,,,,,,,,,,,,,,,,,,,,,,,,,,,,,,,,,,,,,,,,,,,,,,,,,,,,,,,,,,,,,,,,,,,,,
		GainOnSaleOfBusiness,,,,,,,,,,,,,,,,,,,,,,"0",,,,"0",,,,,,,,,,,,,,,,,,,,,,,,,,,,,,,,,,,,,,,,,,,,,,,,,,,,,,,,,,,,,,,,,,,,,,,,,,,,,,,,,,,,,,,,,,,,,,,,,,,,,,,,,,,,,,,,,,,,,,,,,,
	OtherNonOperatingIncomeExpenses,"10,300,000","3,200,000","4,400,000","900,000","1,800,000","3,800,000","2,400,000","2,600,000","3,400,000","5,900,000","4,900,000","1,000,000","-100,000","400,000","4,900,000","100,000","-300,000","3,800,000","3,800,000","-400,000","-800,000","1,800,000","1,000,000","1,900,000",,"-1,000,000","1,000,000","200,000","300,000","0","300,000","-200,000","100,000","3,363,000","-270,000","-368,000","-125,000","-648,000","-114,000","-536,000","41,000",,,,,,,,,,,,,,,,,,,,,,,,,,,,,,,,,,,,,,,,,,,,,,,,,,,,,,,,,,,,,,,,,,,,,,,,,,,,,,,,,,,,,,,,,,,,,,,,,,,,,,,,,,,
PretaxIncome,"118,500,000","17,200,000","33,500,000","33,000,000","34,800,000","36,600,000","36,500,000","46,200,000","15,600,000","40,100,000","44,000,000","29,000,000","35,600,000","30,100,000","27,700,000","17,600,000","28,200,000","30,800,000","39,100,000","29,100,000","24,800,000","27,900,000","30,300,000","31,100,000","26,700,000","30,300,000","22,700,000","26,900,000","30,900,000","22,500,000","35,200,000","34,700,000","28,400,000","23,686,000","16,023,000","21,249,000","14,942,000","3,045,000","4,123,000","26,526,000","4,257,000","5,505,000","1,965,000","2,445,000","1,457,000","5,201,000","4,312,000","278,000","4,672,000","7,303,000","-2,073,000","2,313,000","273,000","-81,020,000","-40,331,000","1,836,000","8,713,000","15,658,000","11,318,000","11,429,000","11,072,000","14,824,000","6,714,000","7,443,000","6,794,000","13,465,000","4,270,000","7,811,000","6,822,000","15,491,000","6,855,000","9,444,000","6,657,000","10,205,000","2,609,000","9,426,000","6,266,000","9,440,000","6,608,000","9,177,000","6,733,000","-9,499,000","22,000","5,693,000","6,389,000","-24,635,000","16,552,000","13,958,000","13,328,958","14,188,000","11,500,000","8,300,000","13,200,000","14,100,000","10,900,000","14,000,000","11,800,000","14,000,000","11,000,000","14,600,000","14,100,000","17,100,000","14,400,000","14,300,000","12,600,000","16,600,000","11,900,000","12,000,000","10,600,000","12,500,000","9,400,000","9,600,000","9,400,000","11,600,000","8,300,000","7,800,000","5,800,000","6,500,000","5,300,000","5,800,000","4,900,000","4,500,000","2,400,000","3,400,000","3,200,000","2,900,000","2,500,000","3,600,000","2,900,000",,,,,,,,,,,,,,,,,,,
TaxProvision,"16,300,000","1,000,000","4,100,000","5,500,000","5,700,000","5,500,000","4,600,000","7,600,000","-5,100,000","10,000,000","2,800,000","5,200,000","7,300,000","7,500,000","-3,000,000","3,000,000","4,500,000","-6,000,000","63,400,000","4,900,000","4,300,000","4,700,000","6,600,000","6,200,000","5,500,000","7,700,000","5,500,000","5,700,000","7,400,000","-4,000,000","8,100,000","8,700,000","7,000,000","-24,469,000","1,431,000","1,438,000","1,299,000","-7,012,000","855,000","3,234,000","430,000","-187,000","1,180,000","2,221,000","22,000","-3,987,000","-1,499,000","768,000","642,000","-8,724,000","2,249,000","225,000","286,000","13,994,000","-13,346,000","-865,000","1,897,000","2,739,000","1,561,000","2,623,000","2,800,000","2,692,000","2,010,000","2,555,000","2,535,000","9,175,000","1,460,000","2,570,000","2,115,000","5,764,000","2,150,000","2,935,000","2,065,000","2,645,000","1,235,000","2,970,000","1,975,000","2,785,000","2,150,000","3,000,000","2,150,000","-4,825,000","-350,000","1,840,000","2,135,000","-6,685,000","3,450,000","4,900,000","4,775,000","4,500,000","4,100,000","2,900,000","4,700,000","5,300,000","3,800,000","4,800,000","4,100,000","4,400,000","3,900,000","5,100,000","4,900,000","6,100,000","5,300,000","5,200,000","4,600,000","6,000,000","4,300,000","4,400,000","3,900,000","4,200,000","3,400,000","3,600,000","3,600,000","4,200,000","3,200,000","2,900,000","2,200,000","2,500,000","2,000,000","1,900,000","1,500,000","1,400,000","700,000","1,000,000","1,000,000","800,000","900,000","1,300,000","1,000,000",,,,,,,,,,,,,,,,,,,
NetIncomeCommonStockholders,"102,200,000","16,200,000","29,400,000","27,500,000","29,100,000","31,100,000","31,900,000","38,600,000","20,700,000","30,100,000","41,200,000","23,800,000","28,300,000","22,600,000","30,700,000","14,600,000","23,700,000","36,800,000","-24,300,000","24,200,000","20,500,000","23,200,000","23,700,000","24,900,000","21,200,000","22,600,000","17,200,000","21,200,000","23,500,000","26,600,000","27,100,000","26,000,000","21,400,000","48,090,000","14,598,000","19,802,000","13,611,000","10,162,000","3,325,000","23,363,000","3,889,000","5,768,000","809,000","311,000","1,494,000","10,065,000","5,883,000","-513,000","4,065,000","16,096,000","-4,475,000","2,052,000","-19,000","-95,014,000","-26,985,000","2,701,000","6,816,000","12,919,000","9,757,000","8,806,000","8,272,000","12,132,000","4,704,000","4,888,000","4,360,000","4,290,000","2,810,000","5,241,000","4,707,000","9,727,000","4,705,000","6,509,000","4,592,000","7,560,000","1,374,000","6,456,000","4,291,000","6,655,000","4,458,000","6,177,000","4,583,000","-4,674,000","372,000","3,853,000","4,254,000","-11,362,000","13,102,000","9,058,000","8,553,958","9,688,000","7,400,000","5,400,000","8,500,000","8,800,000","7,100,000","9,200,000","7,700,000","9,600,000","7,100,000","9,500,000","9,200,000","11,000,000","9,100,000","9,100,000","8,000,000","10,600,000","7,600,000","7,600,000","6,700,000","8,300,000","6,000,000","6,000,000","5,800,000","7,400,000","5,100,000","4,900,000","3,600,000","4,700,000","3,300,000","3,900,000","3,400,000","-1,800,000","1,700,000","2,400,000","2,200,000","2,100,000","1,600,000","2,300,000","1,900,000",,,,,,,,,,,,,,,,,,,
	NetIncome,"102,200,000","16,200,000","29,400,000","27,500,000","29,100,000","31,100,000","31,900,000","38,600,000","20,700,000","30,100,000","41,200,000","23,800,000","28,300,000","22,600,000","30,700,000","14,600,000","23,700,000","36,800,000","-24,300,000","24,200,000","20,500,000","23,200,000","23,700,000","24,900,000","21,200,000","22,600,000","17,200,000","21,200,000","23,500,000","26,600,000","27,100,000","26,000,000","21,400,000","48,090,000","14,598,000","19,802,000","13,611,000","10,162,000","3,325,000","23,363,000","3,889,000","5,768,000","809,000","311,000","1,494,000","10,065,000","5,883,000","-513,000","4,065,000","16,096,000","-4,475,000","2,052,000","-19,000","-95,014,000","-26,985,000","2,701,000","6,816,000","12,919,000","9,757,000","8,806,000","8,272,000","12,132,000","4,704,000","4,888,000","4,360,000","4,290,000","2,810,000","5,241,000","4,707,000","9,727,000","4,705,000","6,509,000","4,592,000","7,560,000","1,374,000","6,456,000","4,291,000","6,655,000","4,458,000","6,177,000","4,583,000","-4,674,000","372,000","3,853,000","4,254,000","-11,362,000","13,102,000","9,058,000","8,553,958","9,688,000","7,400,000","5,400,000","8,500,000","8,800,000","7,100,000","9,200,000","7,700,000","9,600,000","7,100,000","9,500,000","9,200,000","11,000,000","9,100,000","9,100,000","8,000,000","10,600,000","7,600,000","7,600,000","6,700,000","8,300,000","6,000,000","6,000,000","5,800,000","7,400,000","5,100,000","4,900,000","3,600,000","4,700,000","3,300,000","3,900,000","3,400,000","-1,800,000","1,700,000","2,400,000","2,200,000","2,100,000","1,600,000","2,300,000","1,900,000",,,,,,,,,,,,,,,,,,,
		NetIncomeIncludingNoncontrollingInterests,"102,200,000","16,200,000","29,400,000","27,500,000","29,100,000","31,100,000","31,900,000","38,600,000","20,700,000","30,100,000","41,200,000","23,800,000","28,300,000","22,600,000","30,700,000","14,600,000","23,700,000","36,800,000","-24,300,000","24,200,000","20,500,000","23,200,000","23,700,000","24,900,000","21,200,000","22,600,000","17,200,000","21,200,000","23,500,000","26,500,000","27,100,000","26,000,000","21,400,000","48,155,000","14,592,000","19,811,000","13,643,000","10,057,000","3,268,000","23,292,000","3,827,000","5,692,000","785,000","224,000","1,435,000","9,843,000","5,811,000","-490,000","4,030,000","16,027,000","-4,322,000","2,088,000","-13,000","-95,014,000","-26,985,000","2,701,000","6,816,000","12,919,000","9,757,000","8,806,000","8,272,000","12,132,000","4,704,000","4,888,000","4,360,000","4,290,000","2,810,000","5,241,000","4,707,000","9,727,000","4,705,000","6,509,000","4,592,000","7,560,000","1,374,000","6,456,000","4,291,000","6,655,000","4,458,000","6,177,000","4,583,000","-4,674,000","372,000","3,853,000","4,254,000","-13,227,000","13,962,000","9,751,000","8,866,039","9,688,000","7,400,000","5,400,000","8,500,000","8,800,000","7,100,000","9,200,000","7,700,000","9,600,000","7,100,000","9,500,000","9,200,000","11,000,000","9,100,000","9,100,000","8,000,000","10,600,000","7,600,000","7,600,000","6,700,000","8,300,000","6,000,000","6,000,000","5,800,000","7,400,000","5,100,000","4,900,000","3,600,000","4,700,000","3,300,000","3,900,000","3,400,000","-1,800,000","1,700,000","2,400,000","2,200,000","2,100,000","1,600,000","2,300,000","1,900,000","1,900,000","1,300,000","1,100,000","800,000","800,000","200,000","600,000","500,000","1,500,000","1,400,000","1,300,000","700,000","1,000,000","700,000","500,000","700,000","1,900,000","1,300,000","1,500,000"
			NetIncomeContinuousOperations,"102,200,000","16,200,000","29,400,000","27,500,000","29,100,000","31,100,000","31,900,000","38,600,000","20,700,000","30,100,000","41,200,000","23,800,000","28,300,000","22,600,000","30,700,000","14,600,000","23,700,000","36,800,000","-24,300,000","24,200,000","20,500,000","23,200,000","23,700,000","24,900,000","21,200,000","22,600,000","17,200,000","21,200,000","23,500,000","26,500,000","27,100,000","26,000,000","21,400,000","48,155,000","14,592,000","19,811,000","13,643,000","10,057,000","3,268,000","23,292,000","3,827,000","5,692,000","785,000","224,000","1,435,000","9,188,000","5,811,000","-490,000","4,030,000","16,027,000","-4,322,000","2,088,000","-13,000","-95,014,000","-26,985,000","2,701,000","6,816,000","12,919,000","9,757,000","8,806,000","8,272,000","12,132,000","4,704,000","4,888,000","4,259,000","4,290,000","2,810,000","5,241,000","4,707,000","9,727,000","4,705,000","6,509,000","4,592,000","7,560,000","1,374,000","6,456,000","4,291,000","6,655,000","4,458,000","6,177,000","4,583,000","-4,674,000","372,000","3,853,000","4,254,000","-17,950,000","13,102,000","9,058,000","8,553,958","9,688,000","7,400,000","5,400,000","8,500,000","8,800,000","7,100,000","9,200,000","7,700,000","9,600,000","7,100,000","9,500,000","9,200,000","11,000,000","9,100,000","9,100,000","8,000,000","10,600,000","7,600,000","7,600,000","6,700,000","8,300,000","6,000,000","6,000,000","5,800,000","7,400,000","5,100,000","4,900,000","3,600,000","4,000,000","3,300,000","3,900,000","3,400,000","3,100,000","1,700,000","2,400,000","2,200,000","2,100,000","1,600,000","2,300,000","1,900,000","1,900,000","1,300,000","1,100,000","800,000","800,000","200,000","600,000","500,000","1,500,000","1,400,000","1,300,000","700,000","1,000,000","700,000","500,000","700,000","1,900,000","1,300,000","1,500,000"
			NetIncomeExtraordinary,,,,,,,,,,,,,,,,,,,,,,,,,,,,,,,,,,,,,,,,,,,,,,,,,,,,,,,,,,,,,,"0",,,"101,000",,,,,,,,,,,,,,,,,,,,,,,,,,,,,,,,,,,,,,,,,,,,,,,,,,,,,,,,,,,,,,,,,,,,,,,,,,,,,,,,,,,
		MinorityInterests,,,,,,,,,,,,,,,,,,,,,,"0",,,,"0",,"0","0","100,000","0","0","0","-65,000","6,000","-9,000","-32,000","105,000","57,000","71,000","62,000","76,000","24,000","87,000","59,000","222,000","72,000","-23,000","35,000","69,000","-153,000","-36,000","-6,000",,,,,,,,,,,,,,,,,,,,,,,,,,,,,,,,,,"-860,000","-693,000","-312,081",,,,,,,,,,,,,,,,,,,,,,,,,,,,,,,,,,,,,,,,,,,,,,,,,,,,,,,,,,,
DilutedNIAvailtoComStockholders,"102,200,000","16,200,000","29,400,000","27,500,000","29,100,000","31,100,000","31,900,000","38,600,000","20,700,000","30,100,000","41,200,000","23,800,000","28,300,000","22,600,000","30,700,000","14,600,000","23,700,000","36,800,000","-24,300,000","24,200,000","20,500,000","23,200,000","23,700,000","24,900,000","21,200,000","22,600,000","17,200,000","21,200,000","23,500,000","26,600,000","27,100,000","26,000,000","21,400,000","48,090,000","14,598,000","19,802,000","13,611,000","10,162,000","3,325,000","23,363,000","3,889,000","5,768,000","809,000","311,000","1,494,000","10,065,000","5,883,000","-513,000","4,065,000","16,096,000","-4,475,000","2,052,000","-19,000","-95,014,000","-26,985,000","2,701,000","6,816,000","12,919,000","9,757,000","8,806,000","8,272,000","12,132,000","4,704,000","4,888,000","4,360,000","4,290,000","2,810,000","5,241,000","4,707,000","9,727,000","4,705,000","6,509,000","4,592,000","7,560,000","1,374,000","6,456,000","4,291,000","6,655,000","4,458,000","6,177,000","4,583,000","-4,674,000","372,000","3,853,000","4,254,000","-11,362,000","13,102,000","9,058,000","8,553,958","9,688,000","7,400,000","5,400,000","8,500,000","8,800,000","7,100,000","9,200,000","7,700,000","9,600,000","7,100,000","9,500,000","9,200,000","11,000,000","9,100,000","9,100,000","8,000,000","10,600,000","7,600,000","7,600,000","6,700,000","8,300,000","6,000,000","6,000,000","5,800,000","7,400,000","5,100,000","4,900,000","3,600,000","4,700,000","3,300,000","3,900,000","3,400,000","-1,800,000","1,700,000","2,400,000","2,200,000","2,100,000","1,600,000","2,300,000","1,900,000",,,,,,,,,,,,,,,,,,,
BasicEPS,,"0.44","0.8","0.73","0.77","0.82","0.84","1.01","0.55","0.8","1.1","0.63","0.75","0.61","0.82","0.39","0.63","0.99","-0.65","0.65","0.55","0.62","0.64","0.66","0.57","0.6","0.45","0.55","0.6",,"0.69","0.67","0.56","1.26","0.38","0.52","0.36",,"0.09","0.62","0.1",,"0.02","0.01","0.04",,"0.16","-0.01","0.11",,"-0.12","0.06","0",,"-0.74","0.07","0.18",,"0.26","0.24","0.22",,"0.13","0.13","0.12",,"0.08","0.14","0.13",,"0.13","0.18","0.13",,"0.04","0.18","0.12",,"0.12","0.17","0.13",,"0.01","0.11","0.12",,"0.37","0.25","0.24",,"0.21","0.15","0.24",,"0.2","0.26","0.22",,"0.2","0.27","0.26",,"0.26","0.26","0.23",,"0.22","0.22","0.19",,"0.17","0.17","0.17",,"0.15","0.14","0.11",,"0.1","0.12","0.1",,"0.05","0.07","0.07",,"0.05","0.07","0.06",,"0.04","0.03","0.03",,"0.01","0.02","0.02",,"0.05","0.04","0.02",,"0.03","0.02","0.02",,"0.04","0.05"
DilutedEPS,,"0.43","0.78","0.72","0.76","0.81","0.83","1.01","0.54","0.79","1.09","0.63","0.75","0.6","0.82","0.39","0.63","0.98","-0.65","0.64","0.55","0.62","0.63","0.66","0.57","0.6","0.45","0.54","0.6",,"0.68","0.66","0.55","1.25","0.38","0.51","0.36",,"0.09","0.62","0.1",,"0.02","0.01","0.04",,"0.16","-0.01","0.11",,"-0.12","0.06","0",,"-0.74","0.07","0.18",,"0.26","0.24","0.22",,"0.13","0.13","0.119",,"0.077","0.14","0.129",,"0.129","0.18","0.128",,"0.038","0.179","0.118",,"0.12","0.17","0.126",,"0.01","0.11","0.118",,"0.37","0.25","0.239",,"0.208","0.15","0.24",,"0.2","0.26","0.22",,"0.2","0.27","0.26",,"0.26","0.26","0.23",,"0.22","0.22","0.19",,"0.17","0.17","0.17",,"0.15","0.14","0.11",,"0.1","0.12","0.1",,"0.05","0.07","0.07",,"0.05","0.07","0.06",,"0.04","0.03","0.03",,"0.01","0.02","0.02",,"0.05","0.04","0.02",,"0.03","0.02","0.02",,"0.04","0.05"
BasicAverageShares,,"36,818,182","36,853,617","37,544,357","37,939,488","38,104,331","38,106,793","38,106,793","37,836,543","37,587,742","37,587,742","37,587,742","37,534,451","37,422,607","37,405,550","37,405,550","37,350,444","37,301,398","37,292,934","37,283,500","37,248,689","37,239,113","37,217,302","37,353,423","37,322,548","37,346,476","38,159,789","38,972,930","38,904,743",,"38,791,210","38,694,583","38,464,558","38,384,980","38,051,772","37,718,643","37,552,740",,"37,413,490","37,413,490","37,391,831",,"37,309,890","37,309,890","37,277,306",,"37,144,000","37,058,000","37,046,000",,"36,644,000","36,644,000","36,638,000",,"36,597,000","37,068,000","37,198,000",,"37,138,000","37,079,000","36,993,000",,"36,193,000","36,275,000","36,334,000",,"36,264,000","36,262,000","36,229,000",,"36,043,000","35,699,000","35,500,000",,"35,700,000","35,714,000","36,106,000",,"36,178,000","36,168,000","36,142,000",,"35,924,000","35,847,000","35,775,000",,"35,631,000","35,596,000","35,501,000",,"35,316,000","36,000,000","35,416,667",,"35,500,000","35,384,615","35,000,000",,"35,500,000","35,185,185","35,384,615",,"35,000,000","35,000,000","34,782,609",,"34,545,455","34,545,455","35,263,158",,"35,294,118","35,294,118","34,117,647",,"34,000,000","35,000,000","32,727,273",,"33,000,000","32,500,000","34,000,000",,"34,000,000","34,285,714","31,428,571",,"32,000,000","32,857,143","31,666,667",,"33,349,000","33,349,000","33,028,000",,"33,028,000","33,028,000","32,825,000",,"32,666,000","32,666,000","32,666,000",,"32,519,000","32,519,000","32,519,000",,"28,672,000","28,672,000"
DilutedAverageShares,,"37,674,419","37,475,890","38,083,256","38,457,958","38,539,093","38,400,096","38,127,538","38,158,418","38,216,658","37,753,971","37,739,188","37,667,054","37,675,723","37,654,250","37,673,722","37,637,502","37,709,198","37,292,934","37,668,100","37,561,240","37,523,246","37,470,653","37,541,250","37,469,292","37,471,873","38,278,231","39,077,839","39,030,798",,"39,615,541","39,516,436","38,648,204","38,667,231","38,474,129","38,486,370","38,251,312",,"37,995,292","37,975,559","37,893,873",,"37,540,222","37,520,247","37,518,183",,"37,643,000","37,058,000","37,290,000",,"36,644,000","36,868,000","36,638,000",,"36,597,000","37,551,000","37,644,000",,"37,492,000","37,467,000","37,491,000",,"36,562,000","36,495,000","36,538,000",,"36,413,000","36,489,000","36,457,000",,"36,383,000","36,041,000","35,776,000",,"36,045,000","36,032,000","36,334,000",,"36,421,000","36,360,000","36,442,000",,"36,096,000","36,026,000","35,946,000",,"35,770,000","35,891,000","35,762,000",,"35,586,000","36,000,000","35,416,667",,"35,500,000","35,384,615","35,000,000",,"35,500,000","35,185,185","35,384,615",,"35,000,000","35,000,000","34,782,609",,"34,545,455","34,545,455","35,263,158",,"35,294,118","35,294,118","34,117,647",,"34,000,000","35,000,000","32,727,273",,"33,000,000","32,500,000","34,000,000",,"34,000,000","34,285,714","31,428,571",,"32,000,000","32,857,143","31,666,667",,"33,349,000","33,349,000","33,028,000",,"33,028,000","33,028,000","32,825,000",,"32,666,000","32,666,000","32,666,000",,"32,519,000","32,519,000","32,519,000",,"28,672,000","28,672,000"
TotalOperatingIncomeAsReported,"111,700,000","14,600,000","29,800,000","33,200,000","34,100,000","33,700,000","35,400,000","45,000,000","13,800,000","36,300,000","41,500,000","30,700,000","38,600,000","33,000,000","26,000,000","19,100,000","28,700,000","27,600,000","35,600,000","29,700,000","25,400,000","26,000,000","29,100,000","29,100,000","26,700,000","31,300,000","21,500,000","26,400,000","30,400,000","14,500,000","34,700,000","34,800,000","28,300,000","20,358,000","16,381,000","21,734,000","15,126,000","3,636,000","4,257,000","27,115,000","4,170,000","4,882,000","2,416,000","2,640,000","1,418,000","5,787,000","3,938,000","2,371,000","3,849,000","6,770,000","-2,315,000","2,215,000","769,000","-79,470,000","-40,197,000","-486,000","8,448,000","16,199,000","11,589,000","11,759,000","10,856,000","14,633,000","5,993,000","6,146,000","6,043,000","12,846,000","4,342,000","7,115,000","6,417,000","13,989,000","6,777,000","9,369,000","6,507,000","9,930,000","3,019,000","9,336,000","6,657,000","9,199,000","7,316,000","8,665,000","7,888,000","-9,996,000","-524,000","5,036,000","5,738,000","-18,832,000","7,824,000","10,495,000","10,922,898","12,773,000","10,200,000","6,700,000","11,100,000","13,400,000","10,100,000","12,800,000","10,600,000","11,900,000","9,900,000","13,200,000","12,900,000","15,900,000","12,400,000","13,000,000","11,300,000","15,500,000","10,700,000","10,700,000","9,400,000","11,700,000","8,400,000","8,800,000","8,600,000","11,200,000","7,600,000","7,400,000","5,300,000","6,300,000","4,900,000","5,300,000","4,500,000","5,300,000","2,000,000","3,200,000","3,000,000","2,700,000","2,100,000","3,300,000","2,800,000",,,,,,,,,,,,,,,,,,,
TotalExpenses,"1,051,900,000","274,100,000","261,800,000","262,300,000","253,700,000","267,300,000","259,900,000","255,800,000","177,100,000","174,300,000","244,400,000","226,500,000","231,600,000","233,000,000","220,900,000","244,900,000","194,700,000","221,400,000","192,400,000","200,400,000","175,800,000","193,800,000","166,500,000","180,200,000","165,200,000","181,500,000","163,100,000","182,000,000","172,900,000","201,700,000","171,300,000","194,900,000","189,800,000","202,809,000","173,372,000","169,180,000","152,140,000","140,396,000","118,725,000","122,643,000","114,567,000","121,519,000","109,584,000","113,250,000","109,386,000","113,621,000","98,164,000","105,366,000","95,124,000","89,460,000","91,999,000","94,197,000","86,783,000","97,297,000","85,255,000","116,465,000","121,882,000","134,345,000","126,739,000","122,007,000","114,299,000","117,725,000","97,558,000","102,521,000","97,712,000","103,864,000","90,811,000","109,503,000","87,791,000","102,092,000","85,977,000","90,564,000","79,169,000","89,925,000","84,315,000","85,897,000","71,920,000","85,165,000","85,104,000","88,181,000","72,561,000","95,442,000","74,996,000","76,028,000","74,379,000","12,683,000","117,766,000","117,108,000","104,172,256","104,373,000","91,800,000","97,700,000","87,500,000","98,100,000","86,300,000","95,100,000","77,400,000","84,800,000","80,800,000","86,700,000","79,000,000","77,100,000","73,500,000","72,200,000","67,700,000","69,400,000","65,000,000","67,900,000","58,800,000","67,100,000","59,000,000","58,000,000","49,200,000","52,600,000","45,400,000","45,600,000","38,200,000","40,800,000","36,400,000","37,500,000","36,300,000","32,800,000","31,800,000","37,100,000","32,900,000","33,700,000","33,400,000","39,700,000","31,700,000",,,,,,,,,,,,,,,,,,,
NetIncomeFromContinuingAndDiscontinuedOperation,"102,200,000","16,200,000","29,400,000","27,500,000","29,100,000","31,100,000","31,900,000","38,600,000","20,700,000","30,100,000","41,200,000","23,800,000","28,300,000","22,600,000","30,700,000","14,600,000","23,700,000","36,800,000","-24,300,000","24,200,000","20,500,000","23,200,000","23,700,000","24,900,000","21,200,000","22,600,000","17,200,000","21,200,000","23,500,000","26,600,000","27,100,000","26,000,000","21,400,000","48,090,000","14,598,000","19,802,000","13,611,000","10,162,000","3,325,000","23,363,000","3,889,000","5,768,000","809,000","311,000","1,494,000","10,065,000","5,883,000","-513,000","4,065,000","16,096,000","-4,475,000","2,052,000","-19,000","-95,014,000","-26,985,000","2,701,000","6,816,000","12,919,000","9,757,000","8,806,000","8,272,000","12,132,000","4,704,000","4,888,000","4,259,000","4,290,000","2,810,000","5,241,000","4,707,000","9,727,000","4,705,000","6,509,000","4,592,000","7,560,000","1,374,000","6,456,000","4,291,000","6,655,000","4,458,000","6,177,000","4,583,000","-4,674,000","372,000","3,853,000","4,254,000","-11,362,000","13,102,000","9,058,000","8,553,958","9,688,000","7,400,000","5,400,000","8,500,000","8,800,000","7,100,000","9,200,000","7,700,000","9,600,000","7,100,000","9,500,000","9,200,000","11,000,000","9,100,000","9,100,000","8,000,000","10,600,000","7,600,000","7,600,000","6,700,000","8,300,000","6,000,000","6,000,000","5,800,000","7,400,000","5,100,000","4,900,000","3,600,000","4,700,000","3,300,000","3,900,000","3,400,000","-1,800,000","1,700,000","2,400,000","2,200,000","2,100,000","1,600,000","2,300,000","1,900,000",,,,,,,,,,,,,,,,,,,
NormalizedIncome,"102,200,000","16,200,000","29,400,000","27,500,000","29,100,000","31,100,000","31,900,000","38,600,000","20,700,000","30,100,000","41,200,000","23,800,000","28,300,000","22,600,000","30,700,000","14,600,000","23,700,000","36,800,000","-24,300,000","24,200,000","20,500,000","23,200,000","23,700,000","24,900,000","21,200,000","22,600,000","17,200,000","21,200,000","23,500,000","26,600,000","27,100,000","26,000,000","21,400,000","49,195,000","14,598,000","19,802,000","13,611,000","12,973,900","3,325,000","5,803,000","3,889,000","6,266,550","409,250","437,100","1,451,649.279","9,025,850","6,201,500","-1,847,450","3,332,664.812","16,057,000","-4,283,250","4,771,906.615","2,584,250","-47,112,900","-2,349,169.002","5,581,150","10,872,900.723","18,980,814.6","10,940,633.239","9,531,036.836","8,436,364.162","13,786,810.038","5,761,944.593","4,530,741.905","4,186,282.308","4,585,800","3,215,377.049","5,114,185.38","4,617,303.43","8,744,316.184","4,619,204.96","6,497,972.469","4,114,658.254","5,902,800.588","1,706,400","5,929,301.082","4,262,238.11","6,873,543.432","4,889,092.918","6,012,764.629","5,284,097.579","1,534,200","-69,000","3,300,734.411","3,718,005.322","-11,135,047.696","7,724,100.773","8,318,200.602","6,809,570.783","8,513,531.435","6,627,826.087","4,359,036.145","7,212,121.212","8,051,063.83","6,578,899.083","8,411,428.571","6,982,203.39","8,022,857.143","6,454,545.455","8,654,109.589","8,482,269.504","10,035,087.719","7,836,111.111","8,209,090.909","7,111,111.111","9,769,879.518","6,833,613.445","6,840,000","5,941,509.434","7,569,600","5,425,531.915","5,500,000","5,306,382.979","6,889,655.172","4,608,433.735","4,585,897.436","3,289,655.172","3,692,307.692","3,050,943.396","3,563,793.103","3,122,448.98","3,720,000","1,416,666.667","2,117,647.059","1,993,750","1,882,758.621","1,216,000","1,980,555.556","1,768,965.517",,,,,,,,,,,,,,,,,,,
InterestIncome,,,,,,,,,,,,,,,,,,,,,,,,"100,000",,,,"300,000",,,,,,,,,,,,,,,,,,,,,"200,000",,"0",,,,,,,,,,,,,,,,,,,,,,,,,,,,,,,,,,,,,,,,,,,,,,,,,,,,,,,,,,,,,,,,,,,,,,,,,,,,,,,,,,,,,,,,,,,,,,,,,
InterestExpense,"3,500,000","600,000","700,000","1,100,000","1,100,000","900,000","1,300,000","1,400,000","1,600,000","2,100,000",,,,,,,,,,,,,,,,,,,,,,,"0","0","88,000","117,000",,,,"53,000",,,,,,,,,"226,000",,"22,000",,,,,,,,,,,,,,,,,,,,,,,,,,,,,,,,,,,,,,,,,,,,,,,,,,,,,,,,,,,,,,,,,,,,,,,,,,,,,,,,,,,,,,,,,,,,,,,,,
NetInterestIncome,"-3,500,000","-600,000","-700,000","-1,100,000","-1,100,000","-900,000","-1,300,000","-1,400,000","-1,600,000","-2,100,000","-2,400,000","-2,700,000","-2,900,000","-3,300,000","-3,200,000","-1,600,000","-200,000","-600,000","-300,000","-200,000","200,000","100,000","200,000","100,000","0","0","200,000","300,000","200,000","300,000","200,000","100,000","0","-35,000","-88,000","-117,000","-59,000","57,000","-20,000","-53,000","46,000","448,000","-164,000","-1,000","-4,000","-5,000","116,000","61,000","-26,000","30,000","-22,000","-45,000","-102,000","167,000","212,000",,,,,,,,,,,,,,,,,,,,,,,,,,,,,,,,,,,,,,,,,,,,,,,,,,,,,,,,,,,,,,,,,,,,,,,,,,,,,,,,,,,,,,,,,,,,,
EBIT,"122,000,000","17,800,000","34,200,000","34,100,000","35,900,000","37,500,000","37,800,000","47,600,000","17,200,000","48,000,000","41,500,000","30,700,000","38,600,000","33,000,000","26,000,000","19,100,000","28,700,000","27,600,000","35,600,000","29,700,000","25,400,000","26,000,000","29,100,000","29,100,000","26,700,000","31,300,000","21,500,000","26,400,000","30,400,000","25,600,000","34,700,000","34,800,000","28,400,000","22,821,000","16,111,000","21,366,000","15,126,000","7,962,000","4,257,000","26,579,000","4,170,000","4,882,000","2,416,000","2,640,000","1,418,000","5,787,000","3,938,000","2,350,000","4,898,000","14,528,000","-2,051,000","5,371,000","4,380,000","-7,493,000","-3,723,000","5,798,000","13,365,000","20,908,000","12,039,000","11,759,000","10,856,000","14,799,000","7,854,000","6,146,000","6,043,000","12,846,000","4,342,000","7,115,000","6,417,000","13,989,000","6,777,000","9,369,000","6,507,000","9,930,000","3,019,000","9,336,000","6,657,000","9,199,000","7,316,000","8,665,000","7,888,000","-9,996,000","-524,000","5,036,000","5,738,000","-18,832,000","7,824,000","10,495,000","10,922,898","12,773,000","10,200,000","6,700,000","11,100,000","13,400,000","10,100,000","12,800,000","10,600,000","11,900,000","9,900,000","13,200,000","12,900,000","15,900,000","12,400,000","13,000,000","11,300,000","15,500,000","10,700,000","10,700,000","9,400,000","11,700,000","8,400,000","8,800,000","8,600,000","11,200,000","7,600,000","7,400,000","5,300,000","6,300,000","4,900,000","5,300,000","4,500,000","5,300,000","2,000,000","3,200,000","3,000,000","2,700,000","2,100,000","3,300,000","2,800,000","-88,100,000","32,900,000","33,200,000","30,500,000","-85,600,000","28,400,000","30,700,000","30,200,000","-72,900,000","28,500,000","28,000,000","22,800,000","-63,800,000","23,000,000","24,000,000","22,800,000","-59,400,000","23,300,000","24,600,000"
EBITDA,"174,600,000"
ReconciledCostOfRevenue,"865,200,000","225,500,000","213,600,000","217,800,000","208,300,000","216,900,000","214,000,000","212,400,000","138,400,000","143,800,000","199,100,000","181,400,000","187,400,000","187,700,000","175,900,000","186,900,000","156,800,000","180,900,000","162,800,000","161,900,000","140,600,000","164,500,000","142,200,000","153,700,000","137,800,000","152,000,000","137,000,000","157,500,000","149,700,000","175,300,000","149,800,000","169,500,000","167,600,000","182,015,000","151,269,000","149,531,000","133,285,000","120,514,000","102,949,000","107,466,000","97,271,000","103,441,000","92,746,000","94,972,000","90,824,000","93,520,000","82,668,000","84,073,000","79,529,000","74,094,000","74,924,000","77,784,000","70,909,000","82,739,000","70,512,000","97,815,000","105,430,000","115,088,000","109,032,000","105,900,000","98,335,000","101,377,000","85,334,000","89,244,000","83,960,000","90,991,000","77,597,000","92,926,000","74,897,000","89,157,000","71,844,000","77,835,000","67,781,000","81,821,000","69,594,000","74,377,000","62,008,000","76,469,000","74,823,000","76,041,000","62,350,000","70,454,000","65,839,000","66,677,000","64,604,000","6,273,000","99,821,000","95,313,813","84,424,133","84,611,000","73,100,000","75,400,000","69,500,000","77,500,000","68,000,000","75,900,000","60,800,000","65,000,000","64,100,000","68,900,000","62,300,000","58,900,000","58,500,000","57,900,000","54,200,000","55,000,000","51,900,000","54,200,000","46,500,000","53,400,000","46,800,000","46,400,000","38,500,000","41,700,000","35,900,000","36,100,000","29,600,000","31,600,000","28,600,000","28,900,000","27,700,000","27,100,000","23,600,000","28,500,000","24,900,000","26,200,000","26,000,000","31,100,000","24,200,000",,,,,,,,,,,,,,,,,,,
ReconciledDepreciation,"52,600,000","13,000,000","13,700,000","13,300,000","12,600,000","13,300,000","13,500,000","12,600,000","12,100,000","12,300,000","12,300,000","11,900,000","11,800,000","12,700,000","12,200,000","10,000,000","8,400,000","8,100,000","7,100,000","7,300,000","5,600,000","6,700,000","5,900,000","5,900,000","5,800,000","6,100,000","5,800,000","5,800,000","6,200,000","5,900,000","5,500,000","6,000,000","6,000,000","6,622,000","5,823,000","5,798,000","5,657,000","5,906,000","4,130,000","4,456,000","4,314,000","4,234,000","3,980,000","4,044,000","3,901,000","4,132,000","3,838,000","3,874,000","3,912,000","4,029,000","4,139,000","5,638,000","5,603,000","11,691,000","8,199,000","9,040,000","8,106,000","5,121,000","8,648,000","7,786,000","6,604,000","4,183,000","6,631,000","6,559,000","6,627,000","3,608,000","6,661,000","6,382,000","6,195,000","4,292,000","6,459,000","5,403,000","5,280,000","5,172,000","5,530,000","5,198,000","4,880,000","4,816,000","3,907,000","3,979,000","3,919,000","3,768,000","4,609,000","4,082,000","3,804,000","92,000","6,020,000","5,406,187","5,183,813","6,309,000","4,900,000","4,900,000","4,600,000","5,900,000","4,800,000","4,500,000","4,700,000","6,200,000","4,600,000","4,600,000","4,500,000","6,300,000","3,600,000","3,400,000","3,400,000","4,700,000","3,100,000","3,100,000","3,100,000","4,300,000","2,700,000","2,600,000","2,500,000","3,200,000","2,400,000","2,200,000","2,200,000","2,400,000","2,100,000","2,100,000","2,100,000","1,800,000","1,900,000","1,800,000","1,800,000","1,500,000","1,800,000","1,700,000","1,600,000",,,,,,,,,,,,,,,,,,,
NetIncomeFromContinuingOperationNetMinorityInterest,"102,200,000","16,200,000","29,400,000","27,500,000","29,100,000","31,100,000","31,900,000","38,600,000","20,700,000","30,100,000","41,200,000","23,800,000","28,300,000","22,600,000","30,700,000","14,600,000","23,700,000","36,800,000","-24,300,000","24,200,000","20,500,000","23,200,000","23,700,000","24,900,000","21,200,000","22,600,000","17,200,000","21,200,000","23,500,000","26,600,000","27,100,000","26,000,000","21,400,000","48,090,000","14,598,000","19,802,000","13,611,000","10,162,000","3,325,000","23,363,000","3,889,000","5,768,000","809,000","311,000","1,494,000","9,410,000","5,883,000","-513,000","4,065,000","16,096,000","-4,475,000","2,052,000","-19,000","-95,014,000","-26,985,000","2,701,000","6,816,000","12,919,000","9,757,000","8,806,000","8,272,000","12,132,000","4,704,000","4,888,000","4,259,000","4,290,000","2,810,000","5,241,000","4,707,000","9,727,000","4,705,000","6,509,000","4,592,000","7,560,000","1,374,000","6,456,000","4,291,000","6,655,000","4,458,000","6,177,000","4,583,000","-4,674,000","372,000","3,853,000","4,254,000","-17,950,000","13,102,000","9,058,000","8,553,958","9,688,000","7,400,000","5,400,000","8,500,000","8,800,000","7,100,000","9,200,000","7,700,000","9,600,000","7,100,000","9,500,000","9,200,000","11,000,000","9,100,000","9,100,000","8,000,000","10,600,000","7,600,000","7,600,000","6,700,000","8,300,000","6,000,000","6,000,000","5,800,000","7,400,000","5,100,000","4,900,000","3,600,000","4,000,000","3,300,000","3,900,000","3,400,000","3,100,000","1,700,000","2,400,000","2,200,000","2,100,000","1,600,000","2,300,000","1,900,000",,,,,,,,,,,,,,,,,,,
TotalUnusualItemsExcludingGoodwill,,,,,,,,,,,,,,,,,,,,,,"0",,,,"0",,,,,,,,"-1,700,000","0","0",,"-4,326,000","0","20,000,000",,"-767,000","615,000","-194,000","43,000","591,000","-490,000","2,053,000","849,000","60,000","-295,000","-3,013,000","-4,005,000","-73,694,000","-36,820,000","-4,431,000","-5,186,000","-7,347,000","-1,373,000","-941,000","-220,000","-2,022,000","-1,510,000","544,000","116,000","-493,000","-616,000","189,000","130,000","1,565,000","125,000","16,000","692,000","2,237,000","-554,000","769,000","42,000","-310,000","-639,000","244,000","-1,030,000","-10,347,000","735,000","816,000","805,000","-9,353,000","6,794,000","1,140,000","2,718,141","1,720,000","1,200,000","1,600,000","2,000,000","1,200,000","800,000","1,200,000","1,100,000","2,300,000","1,000,000","1,300,000","1,100,000","1,500,000","2,000,000","1,400,000","1,400,000","1,300,000","1,200,000","1,200,000","1,200,000","1,100,000","900,000","800,000","800,000","800,000","800,000","500,000","500,000","500,000","400,000","500,000","400,000","-900,000","400,000","400,000","300,000","300,000","600,000","500,000","200,000",,,,,,,,,,,,,,,,,,,
TotalUnusualItems,,,,,,,,,,,,,,,,,,,,,,"0",,,,"0",,,,,,,,"-1,700,000","0","0",,"-4,326,000","0","20,000,000",,"-767,000","615,000","-194,000","43,000","591,000","-490,000","2,053,000","849,000","60,000","-295,000","-3,013,000","-4,005,000","-73,694,000","-36,820,000","-4,431,000","-5,186,000","-7,347,000","-1,373,000","-941,000","-220,000","-2,022,000","-1,510,000","544,000","116,000","-493,000","-616,000","189,000","130,000","1,565,000","125,000","16,000","692,000","2,237,000","-554,000","769,000","42,000","-310,000","-639,000","244,000","-1,030,000","-10,347,000","735,000","816,000","805,000","-9,353,000","6,794,000","1,140,000","2,718,141","1,720,000","1,200,000","1,600,000","2,000,000","1,200,000","800,000","1,200,000","1,100,000","2,300,000","1,000,000","1,300,000","1,100,000","1,500,000","2,000,000","1,400,000","1,400,000","1,300,000","1,200,000","1,200,000","1,200,000","1,100,000","900,000","800,000","800,000","800,000","800,000","500,000","500,000","500,000","400,000","500,000","400,000","-900,000","400,000","400,000","300,000","300,000","600,000","500,000","200,000",,,,,,,,,,,,,,,,,,,
NormalizedEBITDA,"174,600,000","30,800,000","47,900,000","47,400,000","48,500,000","50,800,000","51,300,000","60,200,000","29,300,000","60,300,000","53,800,000","42,600,000","50,400,000","45,700,000","38,200,000","29,100,000","37,100,000","35,700,000","42,700,000","37,000,000","31,000,000","32,700,000","35,000,000","35,000,000","32,500,000","37,400,000","27,300,000","32,200,000","36,600,000","31,500,000","40,200,000","40,800,000","34,400,000","31,143,000","21,934,000","27,164,000","20,783,000","18,194,000","8,387,000","11,035,000","8,484,000","9,883,000","5,781,000","6,878,000","5,276,000","9,328,000","8,266,000","4,171,000","7,961,000","18,497,000","2,383,000","14,022,000","13,988,000","77,892,000","41,296,000","19,269,000","26,657,000","33,376,000","22,060,000","20,486,000","17,680,000","21,004,000","15,995,000","12,161,000","12,554,000","16,947,000","11,619,000","13,308,000","12,482,000","16,716,000","13,111,000","14,756,000","11,095,000","12,865,000","9,103,000","13,765,000","11,495,000","14,325,000","11,862,000","12,400,000","12,837,000","4,119,000","3,350,000","8,302,000","8,737,000","-9,387,000","7,050,000","14,761,187","13,388,570","17,362,000","13,900,000","10,000,000","13,700,000","18,100,000","14,100,000","16,100,000","14,200,000","15,800,000","13,500,000","16,500,000","16,300,000","20,700,000","14,000,000","15,000,000","13,300,000","18,900,000","12,600,000","12,600,000","11,300,000","14,900,000","10,200,000","10,600,000","10,300,000","13,600,000","9,200,000","9,100,000","7,000,000","8,200,000","6,600,000","6,900,000","6,200,000","8,000,000","3,500,000","4,600,000","4,500,000","3,900,000","3,300,000","4,500,000","4,200,000","-88,100,000","32,900,000","33,200,000","30,500,000","-85,600,000","28,400,000","30,700,000","30,200,000","-72,900,000","28,500,000","28,000,000","22,800,000","-63,800,000","23,000,000","24,000,000","22,800,000","-59,400,000","23,300,000","24,600,000"
TaxRateForCalcs,"0.138","0.058","0.122","0.167","0.164","0.15","0.126","0.165","0.27","0.249","0.064","0.179","0.205","0.249","0.27","0.17","0.16","0.27","0.27","0.168","0.171","0.168","0.218","0.199","0.206","0.254","0.241","0.212","0.239","0.4","0.23","0.251","0.246","0.35","0.089","0.068","0.087","0.35","0.207","0.122","0.1","0.35","0.35","0.35","0.015","0.35","0.35","0.35","0.137","0.35","0.35","0.097","0.35","0.35","0.331","0.35","0.218","0.175","0.138","0.23","0.253","0.182","0.299","0.343","0.373","0.4","0.342","0.329","0.31","0.372","0.314","0.311","0.31","0.259","0.4","0.315","0.315","0.295","0.325","0.327","0.319","0.4","0.4","0.323","0.334","0.271","0.208","0.351","0.358","0.317","0.357","0.349","0.356","0.376","0.349","0.343","0.347","0.314","0.355","0.349","0.348","0.357","0.368","0.364","0.365","0.361","0.361","0.367","0.368","0.336","0.362","0.375","0.383","0.362","0.386","0.372","0.379","0.385","0.377","0.328","0.306","0.311","0.292","0.294","0.313","0.276","0.36","0.361","0.345",,,,,,,,,,,,,,,,,,,
TaxEffectOfUnusualItems,"0","0","0","0","0","0","0","0","0","0","0","0","0","0","0","0","0","0","0","0","0","0","0","0","0","0","0","0","0","0","0","0","0","-595,000","0","0","0","-1,514,100","0","2,440,000","0","-268,450","215,250","-67,900","649.279","206,850","-171,500","718,550","116,664.812","21,000","-103,250","-293,093.385","-1,401,750","-25,792,900","-12,184,169.002","-1,550,850","-1,129,099.277","-1,285,185.4","-189,366.761","-215,963.164","-55,635.838","-367,189.962","-452,055.407","186,741.905","43,282.308","-197,200","-210,622.951","62,185.38","40,303.43","582,316.184","39,204.96","4,972.469","214,658.254","579,800.588","-221,600","242,301.082","13,238.11","-91,456.568","-207,907.082","79,764.629","-328,902.421","-4,138,800","294,000","263,734.411","269,005.322","-2,538,047.696","1,416,100.773","400,200.602","973,753.783","545,531.435","427,826.087","559,036.145","712,121.212","451,063.83","278,899.083","411,428.571","382,203.39","722,857.143","354,545.455","454,109.589","382,269.504","535,087.719","736,111.111","509,090.909","511,111.111","469,879.518","433,613.445","440,000","441,509.434","369,600","325,531.915","300,000","306,382.979","289,655.172","308,433.735","185,897.436","189,655.172","192,307.692","150,943.396","163,793.103","122,448.98","-280,000","116,666.667","117,647.059","93,750","82,758.621","216,000","180,555.556","68,965.517",,,,,,,,,,,,,,,,,,,