name,ttm,03/31/2022,12/31/2021,09/30/2021,06/30/2021,03/31/2021,12/31/2020,09/30/2020,06/30/2020,03/31/2020,12/31/2019,09/30/2019,06/30/2019,03/31/2019,12/31/2018,09/30/2018,06/30/2018,03/31/2018,12/31/2017,09/30/2017,06/30/2017,03/31/2017,12/31/2016,09/30/2016,06/30/2016,03/31/2016,12/31/2015,09/30/2015,06/30/2015,03/31/2015,12/31/2014,09/30/2014,06/30/2014,03/31/2014,12/31/2013,09/30/2013,06/30/2013,03/31/2013,12/31/2012,09/30/2012,06/30/2012,03/31/2012,09/30/2011,06/30/2011,03/31/2011,12/31/2010,09/30/2010,06/30/2010,03/31/2010,12/31/2009,09/30/2009,06/30/2009,03/31/2009,12/31/2008,09/30/2008,06/30/2008,03/31/2008,12/31/2007,09/30/2007,06/30/2007,03/31/2007,12/31/2006,09/30/2006,06/30/2006,03/31/2006,12/31/2005,09/30/2005,06/30/2005,03/31/2005,12/31/2004,09/30/2004,06/30/2004,03/31/2004,12/31/2003,09/30/2003,06/30/2003,03/31/2003,12/31/2002,09/30/2002,06/30/2002,03/31/2002,12/31/2001,09/30/2001,06/30/2001,03/31/2001,12/31/2000,09/30/2000,06/30/2000,03/31/2000,12/31/1999,09/30/1999,06/30/1999,03/31/1999,12/31/1998,09/30/1998,06/30/1998,03/31/1998,12/31/1997,09/30/1997,06/30/1997,03/31/1997,12/31/1996,09/30/1996,06/30/1996,03/31/1996,12/31/1995,09/30/1995,06/30/1995,03/31/1995,12/31/1994,09/30/1994,06/30/1994,03/31/1994,12/31/1993,09/30/1993,06/30/1993,03/31/1993,12/31/1992,09/30/1992,06/30/1992,03/31/1992,12/31/1991,09/30/1991,06/30/1991,03/31/1991,12/31/1990,09/30/1990,06/30/1990,03/31/1990,12/31/1989,09/30/1989,06/30/1989,03/31/1989,12/31/1988,09/30/1988,06/30/1988,03/31/1988,12/31/1987,09/30/1987
TotalRevenue,"713,632,000","195,235,000","166,847,000","176,611,000","174,939,000","108,323,000","100,915,000","102,964,000","92,560,000","99,082,000","92,463,000","90,685,000","90,501,000","89,096,000","104,850,000","95,031,000","88,252,000","87,956,000","88,193,000","86,333,000","85,753,000","87,169,000","81,145,000","79,891,000","80,392,000","76,835,000","81,509,000","80,328,000","85,354,000","80,413,000","76,325,000","77,515,000","80,567,000","78,996,000","77,294,000","80,171,000","79,395,000","86,404,000","86,350,000","76,107,000","85,534,000","86,344,000","76,138,000","68,798,000","64,188,000","57,951,000","56,978,000","63,499,000","46,716,000","44,672,000","47,084,000","49,152,000","54,562,000","73,242,000","99,020,000","104,227,000","106,694,000","93,995,000","87,977,000","101,547,000","93,807,000","87,645,000","84,995,000","90,338,000","79,422,000","75,671,000","77,046,000","73,949,000","71,186,000","61,164,000","68,878,000","78,995,000","75,215,000","59,409,000","57,054,000","52,529,000","52,536,000","44,408,000","42,899,000","50,437,000","55,403,000","54,394,000","54,294,000","57,021,000","55,434,000","58,489,000","58,297,000","59,287,000","57,656,000","60,000,000","55,000,000","53,300,000","57,000,000","53,900,000","51,900,000","56,500,000","53,300,000","55,800,000","57,600,000","61,800,000","54,400,000","55,200,000","53,200,000","37,800,000","53,900,000","55,800,000","47,200,000","47,800,000","42,000,000","44,500,000","46,000,000","50,900,000","50,700,000","45,300,000","39,200,000","40,500,000","40,800,000","42,000,000","58,300,000","61,800,000","55,700,000","56,000,000","53,500,000","52,800,000","48,400,000","47,100,000","45,900,000","44,300,000","45,600,000","45,400,000","48,800,000","49,400,000","47,000,000","49,100,000","46,300,000","21,000,000","20,900,000","42,100,000","40,900,000"
	OperatingRevenue,"713,632,000","195,235,000","166,847,000","176,611,000","174,939,000","108,323,000","100,915,000","102,964,000","92,560,000","99,082,000","92,463,000","90,685,000","90,501,000","89,096,000","104,850,000","95,031,000","88,252,000","87,956,000","91,043,000","87,852,000","87,892,000","91,345,000","85,005,000","83,711,000","82,174,000","77,191,000","85,072,000","83,880,000","92,071,000","84,864,000","83,901,000","83,966,000","85,903,000","84,582,000","80,936,000","80,709,000","83,707,000","88,718,000","86,350,000","76,189,000","87,263,000","88,430,000","76,138,000","68,798,000","64,188,000","57,951,000","56,978,000","63,499,000","46,716,000","44,672,000","47,084,000","49,152,000","54,562,000","73,242,000","99,020,000","104,227,000","106,694,000","93,995,000","87,977,000","101,547,000","93,807,000","87,645,000","84,995,000","90,338,000","79,422,000","75,671,000","77,046,000","73,949,000","71,186,000","61,164,000","68,878,000","78,995,000","75,215,000","59,409,000","57,054,000","52,529,000","52,536,000","44,408,000","42,899,000","50,437,000","55,403,000","54,394,000","54,294,000","57,021,000","55,434,000","58,489,000","58,297,000","59,287,000","57,656,000","60,000,000","55,000,000","53,300,000","57,000,000","53,900,000","51,900,000","56,500,000","53,300,000","55,800,000","57,600,000","61,800,000","54,400,000","55,200,000","53,200,000","37,800,000","53,900,000","55,800,000","47,200,000","47,800,000","42,000,000","44,500,000","46,000,000","50,900,000","50,700,000","45,300,000","39,200,000","40,500,000","40,800,000","42,000,000","58,300,000","61,800,000","55,700,000","56,000,000","53,500,000","52,800,000","48,400,000","47,100,000","45,900,000","44,300,000","45,600,000","45,400,000","48,800,000","49,400,000","47,000,000","49,100,000","46,300,000","21,000,000","20,900,000","42,100,000","40,900,000"
	ExciseTaxes,,,,,,,,,,,,,,,,,,,"2,850,000","1,519,000","2,139,000","4,176,000","3,860,000","3,820,000","1,782,000","356,000","3,563,000","3,552,000","6,717,000","4,451,000","7,576,000","6,451,000","5,336,000","5,586,000","3,642,000","538,000","4,312,000","2,314,000","0","82,000","1,729,000","2,086,000",,,,,,,,,,,,,,,,,,,,,,,,,,,,,,,,,,,,,,,,,,,,,,,,,,,,,,,,,,,,,,,,,,,,,,,,,,,,,,,,,,,,,,,,,,,,,,,,,
CostOfRevenue,"475,145,000","123,414,000","114,094,000","119,525,000","118,112,000","76,024,000","69,184,000","79,802,000","71,858,000","75,871,000","70,903,000","71,895,000","70,979,000","72,436,000","79,242,000","75,432,000","68,811,000","69,005,000","68,668,000","67,708,000","66,928,000","68,128,000","63,560,000","64,770,000","64,861,000","59,789,000","65,754,000","68,466,000","67,826,000","67,025,000","70,314,000","70,204,000","72,169,000","72,195,000","69,380,000","79,356,000","74,114,000","79,175,000","78,930,000","70,047,000","79,618,000","80,765,000","73,347,000","71,586,000","57,669,000","49,159,000","46,624,000","56,269,000","41,749,000","36,162,000","37,247,000","43,010,000","54,471,000","96,890,000","115,707,000","112,792,000","102,954,000","90,741,000","82,058,000","95,094,000","85,467,000","71,322,000","70,058,000","71,123,000","71,348,000","69,931,000","64,862,000","67,470,000","64,270,000","54,392,000","63,804,000","67,816,000","68,312,000","54,289,000","55,367,000","56,985,000","55,502,000","46,903,000","42,722,000","47,229,000","51,292,000","47,500,000","47,304,000","61,373,000","49,398,000","49,031,000","52,257,000","51,191,000","48,215,000","50,700,000","47,400,000","48,200,000","50,200,000","44,400,000","44,100,000","53,000,000","47,500,000","48,600,000","51,500,000","56,800,000","48,500,000","46,900,000","47,600,000","33,700,000","42,400,000","48,700,000","44,800,000","40,900,000","36,900,000","36,000,000","36,600,000","36,100,000","36,300,000","35,600,000","33,100,000","30,900,000","31,100,000","31,400,000","47,300,000","49,700,000","46,800,000","45,500,000","43,600,000","42,800,000","39,100,000","38,500,000","38,200,000","37,200,000","39,000,000","38,400,000","39,700,000",,,,,,,,
GrossProfit,"238,487,000","71,821,000","52,753,000","57,086,000","56,827,000","32,299,000","31,731,000","23,162,000","20,702,000","23,211,000","21,560,000","18,790,000","19,522,000","16,660,000","25,608,000","19,599,000","19,441,000","18,951,000","19,525,000","18,625,000","18,825,000","19,041,000","17,585,000","15,121,000","15,531,000","17,046,000","15,755,000","11,862,000","17,528,000","13,388,000","6,011,000","7,311,000","8,398,000","6,801,000","7,914,000","815,000","5,281,000","7,229,000","7,420,000","6,060,000","5,916,000","5,579,000","2,791,000","-2,788,000","6,519,000","8,792,000","10,354,000","7,230,000","4,967,000","8,510,000","9,837,000","6,142,000","91,000","-23,648,000","-16,687,000","-8,565,000","3,740,000","3,254,000","5,919,000","6,453,000","8,340,000","16,323,000","14,937,000","19,215,000","8,074,000","5,740,000","12,184,000","6,479,000","6,916,000","6,772,000","5,074,000","11,179,000","6,903,000","5,120,000","1,687,000","-4,456,000","-2,966,000","-2,495,000","177,000","3,208,000","4,111,000","6,894,000","6,990,000","-4,352,000","6,036,000","9,458,000","6,040,000","8,096,000","9,441,000","9,300,000","7,600,000","5,100,000","6,800,000","9,500,000","7,800,000","3,500,000","5,800,000","7,200,000","6,100,000","5,000,000","5,900,000","8,300,000","5,600,000","4,100,000","11,500,000","7,100,000","2,400,000","6,900,000","5,100,000","8,500,000","9,400,000","14,800,000","14,400,000","9,700,000","6,100,000","9,600,000","9,700,000","10,600,000","11,000,000","12,100,000","8,900,000","10,500,000","9,900,000","10,000,000","9,300,000","8,600,000","7,700,000","7,100,000","6,600,000","7,000,000","9,100,000",,,,,,,,
OperatingExpense,"98,869,000","21,741,000","23,762,000","24,202,000","29,164,000","11,799,000","16,188,000","9,510,000","9,364,000","9,503,000","5,309,000","7,186,000","8,648,000","8,147,000","8,996,000","7,584,000","8,309,000","8,562,000","8,993,000","8,154,000","8,311,000","7,649,000","6,987,000","3,596,000","6,404,000","6,321,000","5,681,000","5,497,000","8,025,000","6,480,000","4,897,000","4,967,000","5,326,000","5,072,000","8,974,000","6,761,000","4,770,000","5,933,000","5,609,000","6,075,000","6,461,000","7,822,000","5,368,000","5,378,000","5,690,000","4,415,000","6,789,000","4,494,000","5,596,000","7,551,000","5,193,000","7,100,000","7,143,000","14,668,000","6,115,000","8,155,000","14,632,000","4,815,000","6,279,000","4,062,000","5,635,000","4,933,000","4,263,000","7,223,000","5,321,000","4,758,000","5,541,000","4,936,000","4,711,000","4,368,000","4,596,000","7,011,000","3,182,000","1,694,000","-2,392,000","-91,000","-2,728,000","-2,765,000","1,799,000","2,074,000","2,502,000","3,590,000","4,151,000","4,435,000","2,689,000","6,525,000","6,477,000","6,694,000","6,549,000","6,300,000","6,100,000","6,600,000","5,900,000","6,700,000","6,300,000","6,000,000","6,100,000","7,000,000","6,100,000","6,100,000","5,600,000","5,900,000","5,700,000","5,800,000","12,200,000","5,800,000","5,800,000","5,100,000","4,400,000","4,700,000","5,100,000","6,200,000","4,600,000","4,300,000","4,300,000","4,200,000","4,200,000","4,400,000","5,400,000","6,600,000","5,000,000","5,100,000","4,700,000","5,200,000","4,500,000","4,400,000","4,300,000","4,000,000","4,300,000","4,400,000","4,300,000",,,,,,,,
	SellingGeneralAndAdministration,"98,898,000","21,770,000","23,762,000","24,202,000","29,164,000","11,799,000","16,188,000","9,510,000","9,364,000","9,503,000","5,309,000","7,186,000","8,648,000","8,147,000","8,996,000","7,584,000","8,309,000","8,562,000","8,993,000","8,154,000","8,311,000","7,649,000","6,987,000","6,981,000","6,404,000","6,321,000","5,681,000","5,497,000","8,025,000","6,480,000","4,897,000","4,966,000","5,166,000","5,072,000","8,797,000","6,760,000","4,770,000","5,875,000","6,466,000","6,037,000","6,285,000","7,748,000","5,074,000","4,880,000","5,690,000","4,360,000","6,227,000","6,033,000","5,075,000","5,004,000","4,596,000","4,482,000","5,067,000","5,737,000","6,115,000","6,609,000","6,532,000","4,815,000","6,279,000","4,920,000","5,432,000","5,108,000","4,859,000","7,592,000","5,471,000","5,039,000","5,709,000","5,064,000","4,864,000","4,508,000","4,882,000","7,013,000","4,426,000","5,078,000","3,698,000","3,506,000","3,384,000","3,406,000","3,321,000","3,306,000","3,684,000","3,548,000","4,151,000","4,435,000","2,689,000","3,220,000","3,201,000","3,274,000","3,154,000","3,000,000","2,700,000","3,200,000","2,500,000","3,300,000","2,900,000","2,500,000","2,600,000","3,600,000","2,600,000","2,600,000","2,100,000","2,400,000","2,200,000","2,100,000","2,000,000","2,400,000","2,500,000","2,000,000","2,300,000","2,900,000","3,400,000","3,800,000","2,900,000","2,700,000","2,800,000","2,600,000","2,700,000","2,700,000","3,800,000","3,900,000","3,500,000","3,500,000","3,300,000","3,500,000","2,900,000","2,800,000","2,700,000","2,200,000","2,600,000","2,800,000","2,700,000",,,,,,,,
		GeneralAndAdministrativeExpense,"78,149,000","16,266,000","17,552,000",,,,,,,,,,,,,,,,,,,,,,,,,,,,,,,,,,,,,,,,,,,,,,,,,,,,,,,,,,,,,,,,,,,,,,,,,,,,,,,,,,,,,,,,,,,,,,,,,,,,,,,,,,,,,,,,,,,,,,,,,,,,,,,,,,,,,,,,
			OtherGandA,"78,149,000","16,266,000","17,552,000",,,,,,,,,,,,,,,,,,,,,,,,,,,,,,,,,,,,,,,,,,,,,,,,,,,,,,,,,,,,,,,,,,,,,,,,,,,,,,,,,,,,,,,,,,,,,,,,,,,,,,,,,,,,,,,,,,,,,,,,,,,,,,,,,,,,,,,,
		SellingAndMarketingExpense,"20,749,000","5,504,000","6,210,000",,,,,,,,,,,,,,,,,,,,,,,,,,,,,,,,,,,,,,,,,,,,,,,,,,,,,,,,,,,,,,,,,,,,,,,,,,,,,,,,,,,,,,,,,,,,,,,,,,,,,,,,,,,,,,,,,,,,,,,,,,,,,,,,,,,,,,,,
	DepreciationAmortizationDepletionIncomeStatement,,,,,,,,,,,,,,,,,,,,,,,,,,,,,,,,,,,,,,,,,,,,,,,,,,,,,,,,,,,,,,,,,,,,,,,,,,,,,,,,,,,,,"3,495,000","3,305,000","3,276,000","3,420,000","3,395,000","3,300,000","3,400,000","3,400,000","3,400,000","3,400,000","3,400,000","3,500,000","3,500,000","3,400,000","3,500,000","3,500,000","3,500,000","3,500,000","3,500,000","3,700,000","10,200,000","3,400,000","3,300,000","3,100,000","2,100,000","1,800,000","1,700,000","2,400,000","1,700,000","1,600,000","1,500,000","1,600,000","1,500,000","1,700,000","1,600,000","2,700,000","1,500,000","1,600,000","1,400,000","1,700,000","1,600,000","1,600,000","1,600,000","1,800,000","1,700,000","1,600,000","1,600,000",,,,,,,,
		DepreciationAndAmortizationInIncomeStatement,,,,,,,,,,,,,,,,,,,,,,,,,,,,,,,,,,,,,,,,,,,,,,,,,,,,,,,,,,,,,,,,,,,,,,,,,,,,,,,,,,,,,"3,495,000","3,305,000","3,276,000","3,420,000","3,395,000","3,300,000","3,400,000","3,400,000","3,400,000","3,400,000","3,400,000","3,500,000","3,500,000","3,400,000","3,500,000","3,500,000","3,500,000","3,500,000","3,500,000","3,700,000","10,200,000","3,400,000","3,300,000","3,100,000","2,100,000","1,800,000","1,700,000","2,400,000","1,700,000","1,600,000","1,500,000","1,600,000","1,500,000","1,700,000","1,600,000","2,700,000","1,500,000","1,600,000","1,400,000","1,700,000","1,600,000","1,600,000","1,600,000","1,800,000","1,700,000","1,600,000","1,600,000",,,,,,,,
	OtherOperatingExpenses,,"-29,000",,,,,,,,,,,,,,,,,,,,,"0","-3,385,000",,,,,,,"0","1,000","160,000",,"177,000","1,000",,"58,000","-857,000","38,000","176,000","74,000","294,000","498,000","0","55,000","562,000","-1,539,000","521,000","2,547,000","597,000","2,618,000","2,076,000","8,931,000",,"1,546,000","8,100,000",,,"-858,000","203,000","-175,000","-596,000","-369,000","-150,000","-281,000","-168,000","-128,000","-153,000","-140,000","-286,000","-2,000","-1,244,000","-3,384,000","-6,090,000","-3,597,000","-6,112,000","-6,171,000","-1,522,000","-1,232,000","-1,182,000","42,000",,,"-3,495,000",,,,,,,,,,,,,,,,,,,,,,,,,,,,,,,,,,,,,,,,,,,,,,,,,,,,,,
OperatingIncome,"139,618,000","50,080,000","28,991,000","32,884,000","27,663,000","20,500,000","15,543,000","13,652,000","11,338,000","13,708,000","16,251,000","11,604,000","10,874,000","8,513,000","16,612,000","12,015,000","11,132,000","10,389,000","10,532,000","10,471,000","10,514,000","11,392,000","10,598,000","11,525,000","9,127,000","10,725,000","10,074,000","6,365,000","9,503,000","6,908,000","1,114,000","2,344,000","3,072,000","1,729,000","-1,060,000","-5,946,000","511,000","1,296,000","1,811,000","-15,000","-545,000","-2,243,000","-2,577,000","-8,166,000","829,000","4,377,000","3,565,000","2,736,000","-629,000","959,000","4,644,000","-958,000","-7,052,000","-38,316,000","-22,802,000","-16,720,000","-10,892,000","-1,561,000","-360,000","2,391,000","2,705,000","11,390,000","10,674,000","11,992,000","2,753,000","982,000","6,643,000","1,543,000","2,205,000","2,404,000","478,000","4,168,000","3,721,000","3,426,000","4,079,000","-4,365,000","-238,000","270,000","-1,622,000","1,134,000","1,609,000","3,304,000","2,839,000","-8,787,000","3,347,000","2,933,000","-437,000","1,402,000","2,892,000","3,000,000","1,500,000","-1,500,000","900,000","2,800,000","1,500,000","-2,500,000","-300,000","200,000","0","-1,100,000","300,000","2,400,000","-100,000","-1,700,000","-700,000","1,300,000","-3,400,000","1,800,000","700,000","3,800,000","4,300,000","8,600,000","9,800,000","5,400,000","1,800,000","5,400,000","5,500,000","6,200,000","5,600,000","5,500,000","3,900,000","5,400,000","5,200,000","4,800,000","4,800,000","4,200,000","3,400,000","3,100,000","2,300,000","2,600,000","4,800,000","-123,400,000","47,000,000","49,100,000","46,300,000","-87,500,000","20,900,000","42,100,000","40,900,000"
NetNonOperatingInterestIncomeExpense,"-5,147,000","-1,598,000","-1,329,000","-1,116,000","-1,104,000","-458,000","-918,000","-409,000","-298,000","-642,000","-368,000","-364,000","-321,000","-252,000","-338,000","-334,000","-289,000","-207,000","-250,000","-224,000","-379,000","-331,000","-314,000","-341,000","-328,000","-311,000","-160,000","-114,000","-129,000","-131,000","-201,000","-199,000","-218,000","-197,000","-289,000","-269,000","-277,000","-283,000","-158,000","-225,000","-232,000","-255,000","-114,000","0","-92,000","-141,000","-125,000","-151,000","-280,000","-537,000","-789,000","-671,000","-705,000",,,,,,,,,,,,,,,,,,,,,,,,,,,,,,,,,,,,,,,,,,,,,,,,,,,,,,,,,,,,,,,,,,,,,,,,,,,,,,,,,,,,,,
	InterestIncomeNonOperating,,,,,,,,,,,,,,,,,,,,,,,,,,,,,,,,,,,,,,"6,000",,,,,,,,,,,,,,,,,,,,,,,,,,,,,,,,,,,,,,,,,,,,,,,,,,,,,,,,,,,,,,,,,,,,,,,,,,,,,,,,,,,,,,,,,,,,,,,,,,,,,
	InterestExpenseNonOperating,"5,147,000","1,598,000",,,,"458,000","918,000","409,000","298,000","642,000",,,,,,,,,,,,,,"341,000",,"311,000",,,,,,,,,"289,000","269,000",,"289,000","158,000","225,000","232,000","255,000","114,000","0","92,000","141,000","125,000","151,000","280,000","537,000","789,000","671,000","705,000",,,,,,,,,,,,,,,,,,,,,,,,,,,,,,,,,,,,,,,,,,,,,,,,,,,,,,,,,,,,,,,,,,,,,,,,,,,,,,,,,,,,,,
	TotalOtherFinanceCost,,,"1,329,000","1,116,000","1,104,000",,,,,,"368,000","364,000","321,000","252,000","338,000","334,000","289,000","207,000","250,000","224,000","379,000","331,000","314,000","341,000","328,000","311,000","160,000","114,000","129,000","131,000","201,000","199,000","218,000","197,000",,,"277,000",,,,,,,,,,,,,,,,,,,,,,,,,,,,,,,,,,,,,,,,,,,,,,,,,,,,,,,,,,,,,,,,,,,,,,,,,,,,,,,,,,,,,,,,,,,,,,,,,,,,,,
OtherIncomeExpense,"15,119,000","54,000","15,574,000","-421,000","-88,000",,,,,,,,,,,,,,"0","11,381,000","-819,000","471,000","1,776,000","664,000","1,079,000","517,000","92,000","1,562,000","3,096,000","1,352,000","9,917,000","2,914,000","2,331,000","3,334,000","758,000","-91,000","71,000","-942,000","-1,307,000","758,000","-141,000","4,494,000","-2,784,000","-2,221,000","127,000","-990,000","1,592,000","-113,000","-1,540,000","-303,000","21,000","-1,369,000","-24,000","-17,445,000","25,000","-1,615,000","-7,644,000","6,970,000","190,000","1,203,000","382,000","375,000","956,000","-548,000","567,000","802,000","284,000","148,000","658,000","196,000","595,000","1,347,000","1,102,000","3,244,000","6,371,000","5,996,000","6,135,000","6,284,000","14,688,000","1,174,000","1,096,000","1,226,000","1,595,000","1,625,000","133,000","221,000","128,000","552,000","120,000",,"100,000","300,000","0","100,000","100,000","200,000",,"400,000","100,000","400,000","100,000","100,000","100,000","700,000","700,000","-100,000","0","-4,400,000","-100,000","-100,000","400,000","500,000","-100,000","-200,000","100,000","700,000","100,000","100,000","100,000","500,000","700,000","-100,000","100,000","300,000","-100,000","100,000","100,000","100,000","300,000","200,000","100,000",,,,,,,,
	GainOnSaleOfSecurity,,,,,,,,,,,,,,,,,,,,,,,,,,,,,,,,,,,,,"0","0",,,,,,,,,,,,,,,,,,,,,,,,,,,,,,,,,,,,,,,,,,,,,,,,,,,,,,,,,,,,,,,,,,,,,,,,,,,,,,,,,,,,,,,,,,,,,,,,,,,,,
	EarningsFromEquityInterest,,,,,,,,,,,,,,,"0","0",,"0","0","0","-819,000","471,000","1,776,000","664,000","1,079,000","517,000","92,000","1,562,000","3,096,000","1,352,000","2,850,000","1,621,000","2,331,000","3,334,000","758,000","-91,000","71,000","-942,000","-465,000","-130,000","-143,000","437,000","-2,830,000","-2,296,000","124,000","-957,000","1,589,000","-734,000","-1,541,000","150,000",,"-35,000","-45,000","-18,000","-16,000",,,,,,,,,,,,,,,,,,,,,,,,,,,,,,,,,,,,,,,,,,,,,,,,,,,,,,,,,,,,,,,,,,,,,,,,,,,,,,,,,,,,
	SpecialIncomeCharges,,,"16,325,000",,,,,,,,,,,,"0","0",,,"0","11,381,000",,,"0","3,385,000",,,,"0","0",,"7,067,000","1,293,000","-160,000","0","0","0","0","0","-844,000","888,000","2,000","4,057,000","46,000","75,000","3,000","-33,000","3,000","621,000","1,000","-453,000","21,000","-1,334,000","21,000","-17,427,000","41,000","-1,601,000","-7,644,000","6,970,000","190,000","1,203,000","382,000","375,000","956,000","-548,000","567,000","802,000","284,000","148,000","658,000","196,000","595,000","1,347,000","1,102,000","3,244,000","6,371,000","5,996,000","6,135,000","6,284,000","14,688,000","1,174,000","1,096,000","1,226,000","1,595,000","1,625,000","133,000","221,000","128,000","552,000","120,000",,"100,000","300,000",,,"100,000","200,000",,"400,000","100,000","400,000","100,000","100,000","100,000","700,000","700,000","-100,000",,"-4,400,000","-100,000","-100,000","400,000","500,000",,"-200,000","100,000","700,000","100,000","100,000",,"500,000","700,000",,"100,000","300,000",,"100,000","100,000","100,000","300,000","200,000","100,000",,,,,,,,
		RestructuringAndMergernAcquisition,,,,,,,,,,,,,,,,,,,,,,,,,,,,,,,,,,,,,,,,,,,,"249,000","0","0",,"0","0","455,000",,"0","0","8,529,000",,,,,,,,,,,,,,,,,,,,,,,,,,,,,,,,,,,,,,,,,,,,,,,,,,,,,,,,,,,,,,,,,,,,,,,,,,,,,,,,,,,,,
		ImpairmentOfCapitalAssets,,,,,,,,,,,,,,,,,,,,,,,,,,,,,,,,,,,,,,,,,,,,,,,,"0","0","0",,"1,351,000","0",,,,,,,,,,,,,,,,,,,,,,,,,,,,,,,,,,,,,,,,,,,,,,,,,,,,,,,,,,,,,,,,,,,,,,,,,,,,,,,,,,,,,,
		OtherSpecialCharges,,,"-16,325,000",,,,,,,,,,,,,,,,,"-11,381,000",,,,,,,,,,,"-7,067,000","-1,293,000",,,,,,,"273,000","-888,000",,"-2,000",,"-324,000","-3,000","33,000",,"-621,000","-1,000","-2,000",,"-17,000","-21,000","8,898,000",,,,,,,,,,,,,,,,,,,,,,,,,,,,,,,,,,,,,,,,,,,,,,,,,,,,,,,,,,,,,,,,,,,,,,,,,,,,,,,,,,,,,
		GainOnSaleOfBusiness,,,,,,,,,,,,,,,"0","0",,,"0","11,381,000",,,,,,,,,,,,,,,"0","0","0","0","0","0",,"4,055,000",,,,,,,,,,,,,,,,,,,,,,,,,,,,,,,,,,,,,,,,,,,,,,,,,,,,,,,,,,,,,,,,,,,,,,,,,,,,,,,,,,,,,,,,,,,,,,,,,
		GainOnSaleOfPPE,,,,,,,,,,,,,,,,,,,,,,,,,,,,,,,,,,,"-177,000","0","0","-58,000",,,,,,,,,,,,,,,,,,,,,,,,,,,,,,,,,,,,,,,,,,,,,,,,,,,,,,,,,,,,,,,,,,,,,,,,,,,,,,,,,,,,,,,,,,,,,,,,,,,,,
	OtherNonOperatingIncomeExpenses,"-1,206,000","54,000","-751,000","-421,000","-88,000",,,,,,,,,,,,,,,,,,"0","3,385,000",,,,,,,"0",,"-160,000",,"-177,000","-1,000",,"-58,000",,,,,,,,,,,,,,,,,,,,,,,,,,,,,,,,,,,,,,,,,,,,,,,,,,,,,,,,,,,,,,,,,,,,,,,,,,,,,,,,,,,,,,,,,,,,,,,,,,,,,
PretaxIncome,"149,590,000","48,536,000","43,236,000","31,347,000","26,471,000","20,042,000","15,252,000","13,243,000","11,040,000","13,066,000","15,883,000","11,240,000","10,553,000","8,261,000","16,274,000","11,681,000","10,843,000","10,182,000","10,282,000","21,628,000","9,316,000","11,532,000","12,060,000","11,848,000","9,878,000","10,931,000","10,006,000","7,813,000","12,470,000","8,129,000","10,830,000","5,059,000","5,185,000","4,866,000","-591,000","-6,306,000","305,000","71,000","346,000","518,000","-918,000","1,996,000","-5,475,000","-10,387,000","864,000","3,246,000","5,032,000","2,472,000","-2,449,000","119,000","3,828,000","-2,998,000","-7,781,000","-4,911,000","-23,505,000","-17,239,000","-10,795,000","5,004,000","-446,000","2,431,000","3,082,000","11,358,000","10,815,000","10,775,000","2,820,000","1,236,000","6,194,000","1,210,000","2,360,000","2,076,000","481,000","5,242,000","3,304,000","3,023,000","4,081,000","-2,265,000","-516,000","79,000","11,223,000","940,000","1,171,000","4,217,000","4,040,000","2,563,000","-363,000","2,850,000","-653,000","1,600,000","2,658,000","2,600,000","1,300,000","-1,700,000","400,000","2,300,000","1,100,000","-2,700,000","-700,000","200,000","-400,000","-1,300,000","0","2,000,000","-500,000","-1,300,000","-700,000","300,000","-3,900,000","-3,300,000","500,000","3,700,000","4,700,000","9,000,000","9,700,000","5,100,000","1,800,000","6,000,000","5,500,000","6,300,000","5,700,000","6,000,000","4,600,000","5,300,000","5,400,000","4,900,000","4,700,000","4,200,000","3,600,000","2,800,000","2,500,000","3,000,000","4,900,000",,,,,,,,
TaxProvision,"36,829,000","11,165,000","11,578,000","7,674,000","6,412,000","4,615,000","3,620,000","2,862,000","2,550,000","3,224,000","2,936,000","3,025,000","2,642,000","-1,459,000","4,452,000","2,673,000","3,316,000","1,255,000","-2,357,000","7,491,000","2,947,000","2,854,000","3,775,000","2,316,000","3,570,000","3,872,000","3,527,000","1,042,000","4,599,000","3,059,000","3,267,000","-1,169,000","86,000","81,000","-758,000","19,000","25,000","0","166,000","100,000","-68,000","120,000","34,000","-129,000","163,000","4,000","30,000","-4,000","-195,000","-4,659,000","90,000","-82,000","-1,533,000","-4,911,000","-6,262,000","-7,250,000","-4,166,000","-260,000","-128,000","722,000","904,000","4,523,000","3,839,000","3,412,000","737,000","418,000","2,463,000","478,000","733,000","722,000","190,000","2,077,000","1,305,000","1,189,000","1,611,000","-893,000","-204,000","31,000","4,433,000","385,000","462,000","1,666,000","1,596,000","1,014,000","-145,000","1,126,000","-258,000","631,000","1,051,000","1,000,000","500,000","-700,000","200,000","900,000","400,000","-1,100,000","-300,000","100,000","-200,000","-500,000","0","800,000","-200,000","-500,000","-300,000","100,000","-1,500,000","-1,300,000","200,000","1,500,000","1,900,000","3,500,000","3,600,000","1,900,000","700,000","2,100,000","2,000,000","2,300,000","2,100,000","2,200,000","1,700,000","1,900,000","2,000,000","1,800,000","1,700,000","1,500,000","1,300,000","1,000,000","900,000","1,100,000","1,800,000",,,,,,,,
NetIncomeCommonStockholders,"112,433,000","37,119,000","31,628,000","23,701,000","19,985,000","15,281,000","11,563,000","10,312,000","8,433,000","9,776,000","12,865,000","8,161,000","7,860,000","9,654,000","11,605,000","8,834,000","7,379,000","8,752,000","12,449,000","13,723,000","6,186,000","8,428,000","8,042,000","9,238,000","6,068,000","6,789,000","6,259,000","6,549,000","7,578,000","4,861,000","7,563,000","6,228,000","5,099,000","4,785,000","-361,000","-6,325,000","280,000","1,477,000","180,000","418,000","-850,000","1,876,000","-5,509,000","-10,258,000","701,000","3,242,000","5,002,000","2,476,000","-2,254,000","4,778,000","3,738,000","-2,916,000","-6,248,000","-42,716,000","-17,243,000","-9,989,000","-6,629,000","5,264,000","-318,000","1,709,000","2,178,000","6,835,000","6,976,000","7,363,000","2,083,000","818,000","3,731,000","732,000","1,627,000","1,354,000","291,000","3,165,000","1,999,000","1,834,000","2,470,000","-1,372,000","-312,000","48,000","7,175,000","555,000","709,000","2,551,000","2,444,000","1,549,000","-218,000","1,724,000","-395,000","969,000","1,607,000","1,600,000","800,000","-1,000,000","200,000","1,400,000","700,000","-1,600,000","-400,000","100,000","-200,000","-800,000","0","1,200,000","-300,000","-800,000","-400,000","200,000","-2,400,000","-2,000,000","300,000","2,200,000","2,800,000","5,500,000","6,100,000","3,200,000","1,100,000","5,400,000","3,500,000","5,400,000","3,600,000","3,800,000","2,900,000","3,400,000","3,400,000","3,100,000","3,000,000","2,700,000","2,300,000","1,800,000","1,600,000","1,900,000","3,100,000",,,,,,,,
	NetIncome,"113,317,000","37,437,000","31,869,000","23,876,000","20,135,000","15,427,000","11,632,000","10,381,000","8,490,000","9,842,000","12,947,000","8,215,000","7,911,000","9,720,000","11,822,000","9,008,000","7,527,000","8,927,000","12,639,000","14,137,000","6,369,000","8,678,000","8,285,000","9,532,000","6,308,000","7,059,000","6,479,000","6,771,000","7,871,000","5,070,000","7,563,000","6,228,000","5,099,000","4,785,000","-361,000","-6,325,000","280,000","1,477,000","180,000","418,000","-850,000","1,876,000","-5,509,000","-10,258,000","701,000","3,242,000","5,002,000","2,476,000","-2,254,000","4,778,000","3,738,000","-2,916,000","-6,248,000","-42,716,000","-17,243,000","-9,989,000","-6,629,000","5,264,000","-318,000","1,709,000","2,178,000","6,835,000","6,976,000","7,363,000","2,083,000","818,000","3,731,000","732,000","1,627,000","1,354,000","291,000","3,165,000","1,999,000","1,834,000","2,470,000","-1,372,000","-312,000","48,000","7,175,000","555,000","709,000","2,551,000","2,444,000","1,549,000","-218,000","1,724,000","-395,000","969,000","1,607,000","1,600,000","800,000","-1,000,000","200,000","1,400,000","700,000","-1,600,000","-400,000","100,000","-200,000","-800,000","0","1,200,000","-300,000","-800,000","-400,000","200,000","-2,400,000","-2,000,000","300,000","2,200,000","2,800,000","5,500,000","6,100,000","3,200,000","1,100,000","5,400,000","3,500,000","5,400,000","3,600,000","3,800,000","2,900,000","3,400,000","3,400,000","3,100,000","3,000,000","2,700,000","2,300,000","1,800,000","1,600,000","1,900,000","3,100,000",,,,,,,,
		NetIncomeIncludingNoncontrollingInterests,"112,761,000","37,371,000","31,658,000","23,673,000","20,059,000","15,427,000","11,632,000","10,381,000","8,490,000","9,842,000","12,947,000","8,215,000","7,911,000","9,720,000","11,822,000","9,008,000","7,527,000","8,927,000","12,639,000","14,137,000","6,369,000","8,678,000","8,285,000","9,532,000","6,308,000","7,059,000","6,479,000","6,771,000","7,871,000","5,070,000","7,563,000","6,228,000","5,099,000","4,785,000","-361,000","-6,325,000","280,000","1,477,000","180,000","418,000","-850,000","1,876,000","-5,509,000","-10,258,000","701,000","3,242,000","5,002,000","2,476,000","-2,254,000","4,778,000","3,738,000","-2,916,000","-6,248,000","-42,716,000","-17,243,000","-9,989,000","-6,629,000","5,264,000","-318,000","1,709,000","2,178,000","6,835,000","6,976,000","7,363,000","2,083,000","818,000","3,731,000","732,000","1,627,000","1,354,000","291,000","3,165,000","1,999,000","1,834,000","2,470,000","-1,372,000","-312,000","48,000","7,175,000","555,000","709,000","2,551,000","2,444,000","1,549,000","-218,000","1,724,000","-395,000","969,000","1,607,000","1,600,000","800,000","-1,000,000","200,000","1,400,000","700,000","-1,600,000","-400,000","100,000","-200,000","-800,000","0","1,200,000","-300,000","-800,000","-400,000","200,000","-2,400,000","-2,000,000","300,000","2,200,000","2,800,000","5,500,000","6,100,000","3,200,000","1,100,000","5,400,000","3,500,000","5,400,000","3,600,000","3,800,000","2,900,000","3,400,000","3,400,000","3,100,000","3,000,000","2,700,000","2,300,000","1,800,000","1,600,000","1,900,000","3,100,000","3,100,000","3,500,000","3,500,000","3,000,000","2,000,000","2,000,000","2,400,000","3,700,000"
			NetIncomeContinuousOperations,"112,761,000","37,371,000","31,658,000","23,673,000","20,059,000","15,427,000","11,632,000","10,381,000","8,490,000","9,842,000","12,947,000","8,215,000","7,911,000","9,720,000","11,822,000","9,008,000","7,527,000","8,927,000","12,639,000","14,137,000","6,369,000","8,678,000","8,285,000","9,532,000","6,308,000","7,059,000","6,479,000","6,771,000","7,871,000","5,070,000","7,563,000","6,228,000","5,099,000","4,785,000","167,000","-6,325,000","280,000","71,000","180,000","418,000","-850,000","1,876,000","-5,509,000","-10,258,000","701,000","3,242,000","5,002,000","2,476,000","-2,254,000","4,778,000","3,738,000","-2,916,000","-6,248,000","-42,716,000","-17,243,000","-9,989,000","-6,629,000","5,264,000","-318,000","1,709,000","2,178,000","6,835,000","6,976,000","7,363,000","2,083,000","818,000","3,731,000","732,000","1,627,000","1,354,000","291,000","3,165,000","1,999,000","1,834,000","2,470,000","-1,372,000","-312,000","48,000","6,790,000","555,000","709,000","2,551,000","2,444,000","1,549,000","-218,000","1,724,000","-395,000","969,000","1,607,000","1,600,000","800,000","-1,000,000","200,000","1,400,000","700,000","-1,600,000","-400,000","100,000","-200,000","-800,000","0","1,200,000","-300,000","-800,000","-400,000","200,000","-2,400,000","-2,000,000","300,000","2,200,000","2,800,000","5,500,000","6,100,000","3,200,000","1,100,000","3,900,000","3,500,000","4,000,000","3,600,000","3,800,000","2,900,000","3,400,000","3,400,000","3,100,000","3,000,000","2,700,000","2,300,000","1,800,000","1,600,000","1,900,000","3,100,000","3,100,000","3,500,000","3,500,000","3,000,000","2,000,000","2,000,000","2,400,000","3,700,000"
			NetIncomeDiscontinuousOperations,,,,,,,,,,,,,,,,,,,,,,,,,,,,,,,"0","0","0","0","-528,000","0","0","1,406,000",,,,,,,,,,,,,,,,,,,,,,,,,,,,,,,,,,,,,,,,,,,,,,,,,,,,,,,,,,,,,,,,,,,,,,,,,,,,,,"0","0","1,400,000",,,,,,,,,,,,,,,,,,,,,
			NetIncomeExtraordinary,,,,,,,,,,,,,,,,,,,,,,,,,,,,,,,,,,,,,,,,,,,,,,,,,,,,,,,,,,,,,,,,,,,,,,,,,,,,,,,,,,,,,,,,,,,,,,,,,,,,,,,,,,,,,,,,,,,,"1,500,000",,,,,,,,,,,,,,,,,,,,,,,
			NetIncomeFromTaxLossCarryforward,,,,,,,,,,,,,,,,,,,,,,,,,,,,,,,,,,,,,,,,,,,,,,,,,,,,,,,,,,,,,,,,,,,,,,,,,,,,,,,"385,000",,,,,,,,,,,,,,,,,,,,,,,,,,,,,,,,,,,,,,,,,,,,,,,,,,,,,,,,,,,,
		MinorityInterests,"556,000","66,000","211,000","203,000","76,000",,,,,,,,,,,,,,,,,,,,,,,,,,,,,,,,,,,,,,,,,,,,,,,,,,,,,,,,,,,,,,,,,,,,,,,,,,,,,,,,,,,,,,,,,,,,,,,,,,,,,,,,,,,,,,,,,,,,,,,,,,,,,,,,,,,,,,
	OtherunderPreferredStockDividend,"884,000","318,000","241,000","175,000","150,000","146,000","69,000","69,000","57,000","66,000","82,000","54,000","51,000","66,000","217,000","174,000","148,000","175,000","190,000","414,000","183,000","250,000","243,000","294,000","240,000","270,000","220,000","222,000","293,000","209,000",,,,,,,,,,,,,,,,,,,,,,,,,,,,,,,,,,,,,,,,,,,,,,,,,,,,,,,,,,,,,,,,,,,,,,,,,,,,,,,,,,,,,,,,,,,,,,,,,,,,,,,,,,,,,
DilutedNIAvailtoComStockholders,"112,433,000","37,119,000","31,628,000","23,701,000","19,985,000","15,281,000","11,563,000","10,312,000","8,433,000","9,776,000","12,865,000","8,161,000","7,860,000","9,654,000","11,605,000","8,834,000","7,379,000","8,752,000","12,449,000","13,723,000","6,186,000","8,428,000","8,042,000","9,238,000","6,068,000","6,789,000","6,259,000","6,549,000","7,578,000","4,861,000","7,563,000","6,228,000","5,099,000","4,785,000","-361,000","-6,325,000","280,000","1,477,000","180,000","418,000","-850,000","1,876,000","-5,509,000","-10,258,000","701,000","3,242,000","5,002,000","2,476,000","-2,254,000","4,778,000","3,738,000","-2,916,000","-6,248,000","-42,716,000","-17,243,000","-9,989,000","-6,629,000","5,264,000","-318,000","1,709,000","2,178,000","6,835,000","6,976,000","7,363,000","2,083,000","818,000","3,731,000","732,000","1,627,000","1,354,000","291,000","3,165,000","1,999,000","1,834,000","2,470,000","-1,372,000","-312,000","48,000","7,175,000","555,000","709,000","2,551,000","2,444,000","1,549,000","-218,000","1,724,000","-395,000","969,000","1,607,000","1,600,000","800,000","-1,000,000","200,000","1,400,000","700,000","-1,600,000","-400,000","100,000","-200,000","-800,000",,"1,200,000","-300,000","-800,000","-400,000","200,000","-2,400,000","-2,000,000","300,000","2,200,000","2,800,000","5,500,000","6,100,000","3,200,000","1,100,000","5,400,000","3,500,000","5,400,000","3,600,000","3,800,000","2,900,000","3,400,000","3,400,000","3,100,000","3,000,000","2,700,000","2,300,000","1,800,000","1,600,000","1,900,000","3,100,000",,,,,,,,
BasicEPS,,"1.69","1.44","1.08","0.91","0.9","0.69","0.61","0.5","0.57","0.76","0.48","0.46","0.57","0.69","0.52","0.44","0.52","0.74","0.82","0.37","0.5","0.48","0.55","0.37","0.41","0.38","0.38","0.44","0.28",,"0.34","0.28","0.26",,"-0.37","0.02","0.08",,"0.02","-0.05","0.1","-0.31",,"0.04","0.18","0.28",,"-0.14","0.29","0.23",,"-0.38","-2.58","-1.04",,"-0.4","0.32","-0.02",,"0.13","0.42","0.43",,"0.13","0.05","0.23",,"0.1","0.08","0.02",,"0.13","0.12","0.16",,"-0.02","0.005","0.42",,"0.045","0.16","0.15",,"-0.015","0.1","-0.025",,"0.09","0.085","0.04",,"0.01","0.075","0.035",,"-0.025","0.005","-0.01",,,"0.06","-0.02",,"-0.02","0.01","-0.12",,"0.015","0.115","0.14",,"0.31","0.165","0.055",,"0.18","0.275","0.185",,"0.15","0.17","0.175",,"0.155","0.14","0.115",,"0.085","0.095","0.155",,"0.18","0.185","0.175",,"0.115","0.14","0.205"
DilutedEPS,,"1.69","1.4","1.08","0.91","0.9","0.69","0.61","0.5","0.57","0.76","0.48","0.46","0.57","0.69","0.52","0.44","0.52","0.74","0.82","0.37","0.5","0.48","0.55","0.37","0.41","0.38","0.38","0.44","0.28",,"0.34","0.28","0.26",,"-0.37","0.02","0.08",,"0.02","-0.05","0.1","-0.31",,"0.04","0.18","0.28",,"-0.14","0.28","0.22",,"-0.38","-2.58","-1.04",,"-0.4","0.31","-0.02",,"0.13","0.4","0.41",,"0.12","0.05","0.23",,"0.1","0.08","0.02",,"0.125","0.12","0.16",,"-0.02","0.005","0.415",,"0.045","0.155","0.15",,"-0.015","0.1","-0.025",,"0.09","0.085","0.04",,"0.01","0.075","0.035",,"-0.025","0.005","-0.01",,,"0.06","-0.02",,"-0.02","0.01","-0.12",,"0.015","0.115","0.14",,"0.31","0.165","0.055",,"0.18","0.275","0.185",,"0.15","0.17","0.175",,"0.155","0.14","0.115",,"0.085","0.095","0.155",,"0.18","0.185","0.175",,"0.115","0.14","0.205"
BasicAverageShares,,"21,989,100","21,983,310","21,981,201","21,916,721","16,928,003","16,919,241","16,916,675","16,899,079","17,013,925","17,030,274","17,027,068","17,021,599","16,967,631","16,879,503","16,872,091","16,869,481","16,843,255","16,780,430","16,751,346","16,745,679","16,712,578","16,696,787","16,653,717","16,617,857","16,607,074","16,552,873","17,154,303","17,400,359","17,395,659",,"17,334,330","17,277,225","17,246,251",,"17,127,523","17,006,922","16,999,146",,"16,936,366","16,916,304","16,916,304","16,847,100",,"16,712,000","16,691,000","16,676,000",,"16,673,075","16,673,189","16,603,000",,"16,598,582","16,582,063","16,562,643",,"16,572,500","16,450,000","15,900,000",,"16,471,593","16,273,810","16,223,256",,"16,023,077","16,360,000","16,221,739",,"16,270,000","16,925,000","14,550,000",,"15,376,923","15,283,333","15,437,500",,"15,600,000","17,083,333","17,083,333",,"15,755,556","15,943,750","16,293,333",,"14,533,333","17,240,000","15,800,000",,"17,855,556","18,823,529","20,000,000",,"20,000,000","18,666,667","20,000,000",,"16,000,000","20,000,000","20,000,000",,"22,500,000","20,000,000","15,000,000",,"20,000,000","20,000,000","20,000,000",,"20,000,000","19,130,435","20,000,000",,"19,677,419","19,393,939","20,000,000",,"19,444,444","19,636,364","19,459,459",,"19,333,333","20,000,000","19,428,571",,"19,354,839","19,285,714","20,000,000",,"18,823,529","20,000,000","20,000,000",,"19,520,000","19,190,000","19,199,595",,,,
DilutedAverageShares,,"21,989,100","23,011,154","21,981,201","21,916,721","16,928,003","16,919,241","16,916,675","16,899,079","17,013,925","17,030,274","17,027,068","17,021,599","16,967,631","16,879,503","16,872,091","16,869,481","16,843,255","16,780,430","16,751,346","16,745,679","16,712,578","16,696,787","16,653,717","16,617,857","16,607,074","16,552,873","17,155,072","17,401,154","17,396,372",,"17,334,559","17,277,225","17,246,251",,"17,127,523","17,007,056","16,999,146",,"16,936,679","16,916,304","16,919,308","16,847,100",,"16,733,000","16,714,000","16,696,000",,"16,673,075","16,673,189","16,715,000",,"16,598,582","16,582,063","16,562,643",,"16,997,436","16,980,645","15,900,000",,"16,986,101","17,087,500","17,014,634",,"17,358,333","16,360,000","16,221,739",,"16,270,000","16,925,000","14,550,000",,"15,992,000","15,283,333","15,437,500",,"15,600,000","17,289,157","17,289,157",,"15,755,556","16,458,065","16,293,333",,"14,533,333","17,240,000","15,800,000",,"20,000,000","20,000,000","20,000,000",,"20,000,000","18,666,667","20,000,000",,"16,000,000","20,000,000","20,000,000",,"22,500,000","20,000,000","15,000,000",,"20,000,000","20,000,000","20,000,000",,"20,000,000","19,130,435","20,000,000",,"19,677,419","19,393,939","20,000,000",,"19,444,444","19,636,364","19,459,459",,"19,333,333","20,000,000","19,428,571",,"19,354,839","19,285,714","20,000,000",,"18,823,529","20,000,000","20,000,000",,"19,520,000","19,190,000","19,199,595",,,,
TotalOperatingIncomeAsReported,"155,943,000","50,080,000","45,316,000","32,884,000","27,663,000","20,500,000","15,543,000","13,652,000","11,338,000","13,708,000","16,251,000","11,604,000","10,874,000","8,513,000","16,612,000","12,015,000","11,132,000","10,389,000","10,532,000","10,471,000","10,514,000","11,392,000","10,598,000","11,525,000","9,127,000","10,725,000","10,074,000","6,365,000","9,503,000","6,908,000","8,181,000","3,637,000","3,072,000","1,729,000","-1,060,000","-5,946,000","511,000","1,296,000","970,000","874,000","-545,000","-2,243,000","-2,577,000","-8,093,000","829,000","4,344,000","3,565,000","2,736,000","-629,000","504,000","4,644,000","-2,309,000","-7,052,000","-46,845,000","-22,802,000","-16,720,000","-10,892,000","-1,561,000","-360,000","2,391,000","2,705,000","11,390,000","10,674,000","11,992,000","2,753,000","982,000","6,643,000","1,543,000","2,205,000","2,404,000","478,000","4,168,000","3,721,000","3,426,000","4,079,000","-4,365,000","-238,000","270,000","-1,622,000","1,134,000","1,609,000","3,304,000","2,839,000","1,289,000","-148,000","2,933,000","-437,000","1,402,000","2,892,000","3,000,000","1,500,000","-1,500,000","900,000","2,800,000","1,500,000","-2,500,000","-300,000","200,000",,"-1,100,000","300,000","2,400,000","-100,000","-1,700,000","-700,000","1,300,000","-3,400,000","1,800,000","700,000","3,800,000","4,300,000","8,600,000","9,800,000","5,400,000","1,800,000","5,400,000","5,500,000","6,200,000","5,600,000","5,500,000","3,900,000","5,400,000","5,200,000","4,800,000","4,800,000","4,200,000","3,400,000","3,100,000","2,300,000","2,600,000","4,800,000",,,,,,,,
TotalExpenses,"574,014,000","145,155,000","137,856,000","143,727,000","147,276,000","87,823,000","85,372,000","89,312,000","81,222,000","85,374,000","76,212,000","79,081,000","79,627,000","80,583,000","88,238,000","83,016,000","77,120,000","77,567,000","77,661,000","75,862,000","75,239,000","75,777,000","70,547,000","68,366,000","71,265,000","66,110,000","71,435,000","73,963,000","75,851,000","73,505,000","75,211,000","75,171,000","77,495,000","77,267,000","78,354,000","86,117,000","78,884,000","85,108,000","84,539,000","76,122,000","86,079,000","88,587,000","78,715,000","76,964,000","63,359,000","53,574,000","53,413,000","60,763,000","47,345,000","43,713,000","42,440,000","50,110,000","61,614,000","111,558,000","121,822,000","120,947,000","117,586,000","95,556,000","88,337,000","99,156,000","91,102,000","76,255,000","74,321,000","78,346,000","76,669,000","74,689,000","70,403,000","72,406,000","68,981,000","58,760,000","68,400,000","74,827,000","71,494,000","55,983,000","52,975,000","56,894,000","52,774,000","44,138,000","44,521,000","49,303,000","53,794,000","51,090,000","51,455,000","65,808,000","52,087,000","55,556,000","58,734,000","57,885,000","54,764,000","57,000,000","53,500,000","54,800,000","56,100,000","51,100,000","50,400,000","59,000,000","53,600,000","55,600,000","57,600,000","62,900,000","54,100,000","52,800,000","53,300,000","39,500,000","54,600,000","54,500,000","50,600,000","46,000,000","41,300,000","40,700,000","41,700,000","42,300,000","40,900,000","39,900,000","37,400,000","35,100,000","35,300,000","35,800,000","52,700,000","56,300,000","51,800,000","50,600,000","48,300,000","48,000,000","43,600,000","42,900,000","42,500,000","41,200,000","43,300,000","42,800,000","44,000,000",,,,,,,,
NetIncomeFromContinuingAndDiscontinuedOperation,"113,317,000","37,437,000","31,869,000","23,876,000","20,135,000","15,427,000","11,632,000","10,381,000","8,490,000","9,842,000","12,947,000","8,215,000","7,911,000","9,720,000","11,822,000","9,008,000","7,527,000","8,927,000","12,639,000","14,137,000","6,369,000","8,678,000","8,285,000","9,532,000","6,308,000","7,059,000","6,479,000","6,771,000","7,871,000","5,070,000","7,563,000","6,228,000","5,099,000","4,785,000","-361,000","-6,325,000","280,000","1,477,000","180,000","418,000","-850,000","1,876,000","-5,509,000","-10,258,000","701,000","3,242,000","5,002,000","2,476,000","-2,254,000","4,778,000","3,738,000","-2,916,000","-6,248,000","-42,716,000","-17,243,000","-9,989,000","-6,629,000","5,264,000","-318,000","1,709,000","2,178,000","6,835,000","6,976,000","7,363,000","2,083,000","818,000","3,731,000","732,000","1,627,000","1,354,000","291,000","3,165,000","1,999,000","1,834,000","2,470,000","-1,372,000","-312,000","48,000","6,790,000","555,000","709,000","2,551,000","2,444,000","1,549,000","-218,000","1,724,000","-395,000","969,000","1,607,000","1,600,000","800,000","-1,000,000","200,000","1,400,000","700,000","-1,600,000","-400,000","100,000","-200,000","-800,000","0","1,200,000","-300,000","-800,000","-400,000","200,000","-2,400,000","-2,000,000","300,000","2,200,000","2,800,000","5,500,000","6,100,000","3,200,000","1,100,000","3,900,000","3,500,000","5,400,000","3,600,000","3,800,000","2,900,000","3,400,000","3,400,000","3,100,000","3,000,000","2,700,000","2,300,000","1,800,000","1,600,000","1,900,000","3,100,000",,,,,,,,
NormalizedIncome,"101,011,208.67","37,437,000","31,869,000","23,876,000","20,135,000","15,427,000","11,632,000","10,381,000","8,490,000","9,842,000","12,947,000","8,215,000","7,911,000","9,720,000","11,822,000","9,008,000","7,527,000","8,927,000","12,639,000","6,693,826","6,369,000","8,678,000","8,285,000","9,532,000","6,308,000","7,059,000","6,479,000","6,771,000","7,871,000","5,070,000","2,627,845.706","5,387,550","5,099,000","4,785,000","167,000","-6,325,000","280,000","71,000","728,600","-298,571.429","-851,851.852","-1,937,092.184","-5,538,900","-10,332,068.547","698,565.972","3,274,959.335","4,999,017.886","2,072,350","-2,254,920.376","5,072,450","3,717,493.73","-1,618,486.991","-6,264,862.614","-31,388,450","-17,273,077.133","-8,948,350","-1,934,967.948","733,500","-453,470.852","863,287.536","1,908,046.723","6,609,333.069","6,359,351.271","7,737,470.905","1,664,184.043","287,226.537","3,559,930.578","642,466.116","1,173,370.339","1,226,165.703","-68,968.815","2,351,712.133","1,332,263.317","-134,076.745","-1,386,008.331","-5,004,014.128","-4,021,534.884","-3,770,126.582","-2,096,351.243","-149,400","45,409.906","1,809,352.857","1,479,103.96","566,898.947","-297,873.278","1,590,314.386","-472,427.259","634,695","1,534,449.21","1,600,000","738,461.538","-1,180,000","200,000","1,400,000","636,363.636","-1,720,000","-400,000","-140,000","-260,000","-1,046,153.846","0","1,140,000","-360,000","-1,230,769.231","-820,000","266,666.667","-2,400,000","666,666.667","360,000","2,260,000","2,560,000","5,194,444.444","6,100,000","3,325,490.196","1,038,888.889","3,445,000","3,436,363.636","3,936,507.937","3,600,000","3,483,333.333","2,458,695.652","3,400,000","3,337,037.037","2,910,204.082","3,000,000","2,635,714.286","2,236,111.111","1,735,714.286","1,408,000","1,773,333.333","3,036,734.694",,,,,,,,
InterestIncome,,,,,,,,,,,,,,,,,,,,,,,,,,,,,,,,,,,,,,"6,000",,,,,,,,,,,,,,,,,,,,,,,,,,,,,,,,,,,,,,,,,,,,,,,,,,,,,,,,,,,,,,,,,,,,,,,,,,,,,,,,,,,,,,,,,,,,,,,,,,,,,
InterestExpense,"5,147,000","1,598,000",,,,"458,000","918,000","409,000","298,000","642,000",,,,,,,,,,,,,,"341,000",,"311,000",,,,,,,,,"289,000","269,000",,"289,000","158,000","225,000","232,000","255,000","114,000","0","92,000","141,000","125,000","151,000","280,000","537,000","789,000","671,000","705,000","797,000","728,000","450,000","359,000","405,000","276,000","305,000",,"232,000","219,000","300,000","350,000","267,000",,"353,000","350,000","384,000",,"271,000","275,000","263,000","279,000",,,"304,000","321,000","136,000","352,000","355,000","394,000","351,000","348,000","304,000","344,000",,"354,000",,"400,000",,"500,000","600,000","500,000",,,,,"600,000","600,000","700,000","700,000","400,000","700,000","800,000","500,000",,,,,,,,,,,,,,,,,,,,,,,,,,,,,,,,
NetInterestIncome,"-5,147,000","-1,598,000","-1,329,000","-1,116,000","-1,104,000","-458,000","-918,000","-409,000","-298,000","-642,000","-368,000","-364,000","-321,000","-252,000","-338,000","-334,000","-289,000","-207,000","-250,000","-224,000","-379,000","-331,000","-314,000","-341,000","-328,000","-311,000","-160,000","-114,000","-129,000","-131,000","-201,000","-199,000","-218,000","-197,000","-289,000","-269,000","-277,000","-283,000","-158,000","-225,000","-232,000","-255,000","-114,000","0","-92,000","-141,000","-125,000","-151,000","-280,000","-537,000","-789,000","-671,000","-705,000","-797,000","-728,000","-450,000","-359,000","-405,000","-276,000","-305,000",,"-232,000","-219,000","-300,000","-350,000","-267,000",,"-353,000","-350,000","-384,000",,"-271,000","-275,000","-263,000","-279,000",,,"-304,000","-321,000","-136,000","-352,000","-355,000","-394,000","-351,000","-348,000","-304,000","-344,000",,"-354,000",,"-400,000",,"-500,000","-600,000","-500,000",,,,,"-600,000","-600,000","-700,000","-700,000","-400,000","-700,000","-800,000","-500,000",,,,,,,,,,,,,,,,,,,,,,,,,,,,,,,,
EBIT,"154,737,000","50,134,000","44,086,000","32,884,000","27,663,000","20,500,000","16,170,000","13,652,000","11,338,000","13,708,000","16,251,000","11,604,000","10,874,000","8,513,000","16,612,000","12,015,000","11,132,000","10,389,000","21,565,000","10,471,000","10,514,000","11,392,000","14,634,000","11,525,000","9,127,000","10,725,000","16,176,000","6,365,000","9,503,000","6,908,000","19,541,000","2,344,000","3,072,000","1,729,000","-302,000","-6,037,000","511,000","360,000","504,000","743,000","-686,000","2,251,000","-5,361,000","-10,387,000","956,000","3,387,000","5,157,000","2,623,000","-2,169,000","656,000","4,617,000","-2,327,000","-7,076,000","-38,316,000","-22,802,000","-16,720,000","-10,892,000","-1,561,000","-360,000","2,391,000","2,705,000","11,390,000","10,674,000","11,992,000","2,753,000","982,000","6,643,000","1,543,000","2,205,000","2,404,000","478,000","4,168,000","3,721,000","3,426,000","4,079,000","-4,365,000","-238,000","270,000","-1,622,000","1,134,000","1,609,000","3,304,000","2,839,000","-8,787,000","3,347,000","2,933,000","-437,000","1,402,000","2,892,000","3,000,000","1,500,000","-1,500,000","900,000","2,800,000","1,500,000","-2,500,000","-300,000","200,000","0","-1,100,000","300,000","2,400,000","-100,000","-1,700,000","-700,000","1,300,000","-3,400,000","1,800,000","700,000","3,800,000","4,300,000","8,600,000","9,800,000","5,400,000","1,800,000","5,400,000","5,500,000","6,200,000","5,600,000","5,500,000","3,900,000","5,400,000","5,200,000","4,800,000","4,800,000","4,200,000","3,400,000","3,100,000","2,300,000","2,600,000","4,800,000","-123,400,000","47,000,000","49,100,000","46,300,000","-87,500,000","20,900,000","42,100,000","40,900,000"
EBITDA,"176,139,000"
ReconciledCostOfRevenue,"475,145,000","123,414,000","114,094,000","119,525,000","118,112,000","76,024,000","69,184,000","79,802,000","71,858,000","75,871,000","70,903,000","71,895,000","70,979,000","72,436,000","79,242,000","75,432,000","68,811,000","69,005,000","68,668,000","67,708,000","66,928,000","68,128,000","63,560,000","64,770,000","64,861,000","59,789,000","65,754,000","68,466,000","67,826,000","67,025,000","70,314,000","70,204,000","72,169,000","72,195,000","69,380,000","79,356,000","74,114,000","79,175,000","78,930,000","70,047,000","79,618,000","80,765,000","73,347,000","71,586,000","57,669,000","49,159,000","46,624,000","56,269,000","41,749,000","36,162,000","37,247,000","43,010,000","54,471,000","96,890,000","115,707,000","112,792,000","102,954,000","90,741,000","82,058,000","95,094,000","85,467,000","71,322,000","70,058,000","71,123,000","71,348,000","69,931,000","64,862,000","67,470,000","64,270,000","54,392,000","63,804,000","67,816,000","68,312,000","54,289,000","55,367,000","56,985,000","55,502,000","46,903,000","42,722,000","47,229,000","51,292,000","47,500,000","47,304,000","61,373,000","49,398,000","49,031,000","52,257,000","51,191,000","48,215,000","50,700,000","47,400,000","48,200,000","50,200,000","44,400,000","44,100,000","53,000,000","47,500,000","48,600,000","51,500,000","56,800,000","48,500,000","46,900,000","47,600,000","33,700,000","49,100,000","48,700,000","44,800,000","40,900,000","36,900,000","36,000,000","36,600,000","36,100,000","36,300,000","35,600,000","33,100,000","30,900,000","31,300,000","31,400,000","47,300,000","49,700,000","47,000,000","45,300,000","43,600,000","42,800,000","39,100,000","38,500,000","38,200,000","37,200,000","39,000,000","38,400,000","39,700,000",,,,,,,,
ReconciledDepreciation,"21,402,000","5,621,000","5,424,000","5,243,000","5,114,000","3,311,000","3,343,000","3,274,000","3,219,000","3,125,000","3,035,000","2,935,000","2,792,000","2,810,000","2,833,000","2,703,000","2,897,000","2,929,000","2,867,000","2,887,000","2,816,000","2,738,000","2,643,000","2,627,000","2,679,000","3,304,000","3,122,000","3,076,000","3,093,000","3,091,000","3,123,000","3,094,000","3,066,000","3,042,000","3,054,000","3,004,000","2,983,000","2,968,000","2,888,000","2,837,000","2,908,000","2,935,000","2,387,000","2,365,000","2,395,000","2,076,000","2,007,000","2,093,000","2,141,000","2,147,000","2,250,000","2,233,000","2,887,000","3,401,000","3,425,000","3,657,000","3,871,000","3,817,000","3,827,000","4,030,000","3,444,000","3,521,000","3,472,000","3,525,000","3,119,000","3,009,000","3,002,000","4,141,000","4,079,000","3,895,000","3,893,000","4,057,000","3,786,000","3,679,000","3,675,000","3,659,000","3,532,000","3,497,000","3,666,000","3,607,000","3,592,000","3,577,000","3,532,000","3,551,000","3,495,000","3,305,000","3,276,000","3,420,000","3,395,000","3,300,000","3,400,000","3,400,000","3,400,000","3,400,000","3,400,000","3,500,000","3,500,000","3,400,000","3,500,000","3,500,000","3,500,000","3,500,000","3,500,000","3,700,000","3,500,000","3,400,000","3,300,000","3,100,000","2,100,000","1,800,000","1,700,000","2,400,000","1,700,000","1,600,000","1,500,000","1,600,000","1,300,000","1,700,000","1,600,000","2,700,000","1,300,000","1,800,000","1,400,000","1,700,000","1,600,000","1,600,000","1,600,000","1,800,000","1,700,000","1,600,000","1,600,000",,,,,,,,
NetIncomeFromContinuingOperationNetMinorityInterest,"113,317,000","37,437,000","31,869,000","23,876,000","20,135,000","15,427,000","11,632,000","10,381,000","8,490,000","9,842,000","12,947,000","8,215,000","7,911,000","9,720,000","11,822,000","9,008,000","7,527,000","8,927,000","12,639,000","14,137,000","6,369,000","8,678,000","8,285,000","9,532,000","6,308,000","7,059,000","6,479,000","6,771,000","7,871,000","5,070,000","7,563,000","6,228,000","5,099,000","4,785,000","167,000","-6,325,000","280,000","71,000","180,000","418,000","-850,000","1,876,000","-5,509,000","-10,258,000","701,000","3,242,000","5,002,000","2,476,000","-2,254,000","4,778,000","3,738,000","-2,916,000","-6,248,000","-42,716,000","-17,243,000","-9,989,000","-6,629,000","5,264,000","-318,000","1,709,000","2,178,000","6,835,000","6,976,000","7,363,000","2,083,000","818,000","3,731,000","732,000","1,627,000","1,354,000","291,000","3,165,000","1,999,000","1,834,000","2,470,000","-1,372,000","-312,000","48,000","6,790,000","555,000","709,000","2,551,000","2,444,000","1,549,000","-218,000","1,724,000","-395,000","969,000","1,607,000","1,600,000","800,000","-1,000,000","200,000","1,400,000","700,000","-1,600,000","-400,000","100,000","-200,000","-800,000","0","1,200,000","-300,000","-800,000","-400,000","200,000","-2,400,000","-2,000,000","300,000","2,200,000","2,800,000","5,500,000","6,100,000","3,200,000","1,100,000","3,900,000","3,500,000","4,000,000","3,600,000","3,800,000","2,900,000","3,400,000","3,400,000","3,100,000","3,000,000","2,700,000","2,300,000","1,800,000","1,600,000","1,900,000","3,100,000",,,,,,,,
TotalUnusualItemsExcludingGoodwill,"16,325,000",,"16,325,000",,,,,,,,,,,,"0","0",,,"0","11,381,000","0","0","0","3,385,000","0","0","0","0","0","0","7,067,000","1,293,000","-160,000","0","0","0","0","0","-844,000","888,000","2,000","4,057,000","46,000","75,000","3,000","-33,000","3,000","621,000","1,000","-453,000","21,000","-1,334,000","21,000","-17,427,000","41,000","-1,601,000","-7,644,000","6,970,000","190,000","1,203,000","382,000","375,000","956,000","-548,000","567,000","802,000","284,000","148,000","658,000","196,000","595,000","1,347,000","1,102,000","3,244,000","6,371,000","5,996,000","6,135,000","6,284,000","14,688,000","1,174,000","1,096,000","1,226,000","1,595,000","1,625,000","133,000","221,000","128,000","552,000","120,000",,"100,000","300,000",,,"100,000","200,000",,"400,000","100,000","400,000",,"100,000","100,000","700,000","700,000","-100,000",,"-4,400,000","-100,000","-100,000","400,000","500,000",,"-200,000","100,000","700,000","100,000","100,000",,"500,000","700,000",,"100,000","300,000",,"100,000","100,000","100,000","300,000","200,000","100,000",,,,,,,,
TotalUnusualItems,"16,325,000",,"16,325,000",,,,,,,,,,,,"0","0",,,"0","11,381,000","0","0","0","3,385,000","0","0","0","0","0","0","7,067,000","1,293,000","-160,000","0","0","0","0","0","-844,000","888,000","2,000","4,057,000","46,000","75,000","3,000","-33,000","3,000","621,000","1,000","-453,000","21,000","-1,334,000","21,000","-17,427,000","41,000","-1,601,000","-7,644,000","6,970,000","190,000","1,203,000","382,000","375,000","956,000","-548,000","567,000","802,000","284,000","148,000","658,000","196,000","595,000","1,347,000","1,102,000","3,244,000","6,371,000","5,996,000","6,135,000","6,284,000","14,688,000","1,174,000","1,096,000","1,226,000","1,595,000","1,625,000","133,000","221,000","128,000","552,000","120,000",,"100,000","300,000",,,"100,000","200,000",,"400,000","100,000","400,000",,"100,000","100,000","700,000","700,000","-100,000",,"-4,400,000","-100,000","-100,000","400,000","500,000",,"-200,000","100,000","700,000","100,000","100,000",,"500,000","700,000",,"100,000","300,000",,"100,000","100,000","100,000","300,000","200,000","100,000",,,,,,,,
NormalizedEBITDA,"159,814,000","55,755,000","49,510,000","38,127,000","32,777,000","23,811,000","19,513,000","16,926,000","14,557,000","16,833,000","19,286,000","14,539,000","13,666,000","11,323,000","19,445,000","14,718,000","14,029,000","13,318,000","24,432,000","1,977,000","13,330,000","14,130,000","17,277,000","14,152,000","11,806,000","14,029,000","19,298,000","9,441,000","12,596,000","9,999,000","15,597,000","4,145,000","6,138,000","4,771,000","2,752,000","-3,033,000","3,494,000","3,328,000","4,236,000","2,692,000","2,220,000","1,129,000","-3,020,000","-8,097,000","3,348,000","5,496,000","7,161,000","4,095,000","-29,000","3,256,000","6,846,000","1,240,000","-4,210,000","-17,488,000","-19,418,000","-11,462,000","623,000","-4,714,000","3,277,000","5,218,000","5,767,000","14,536,000","13,190,000","16,065,000","5,305,000","3,189,000","9,361,000","5,536,000","5,626,000","6,103,000","3,776,000","6,878,000","6,405,000","3,861,000","1,383,000","-6,702,000","-2,841,000","-2,517,000","-12,644,000","3,567,000","4,105,000","5,655,000","4,776,000","-6,861,000","6,709,000","6,017,000","2,711,000","4,270,000","6,167,000","6,300,000","4,800,000","1,600,000","4,300,000","6,200,000","4,800,000","800,000","3,200,000","3,200,000","3,400,000","2,000,000","3,800,000","5,800,000","3,300,000","1,300,000","8,800,000","4,800,000","-100,000","9,300,000","2,900,000","5,700,000","5,600,000","10,500,000","11,500,000","7,200,000","3,200,000","6,300,000","6,900,000","7,800,000","7,200,000","7,700,000","4,700,000","7,200,000","6,500,000","6,200,000","6,400,000","5,700,000","4,900,000","4,800,000","3,700,000","4,000,000","6,300,000","-123,400,000","47,000,000","49,100,000","46,300,000","-87,500,000","20,900,000","42,100,000","40,900,000"
TaxRateForCalcs,"0.246","0.23","0.268","0.245","0.242","0.23","0.237","0.216","0.231","0.247","0.185","0.269","0.25","0.27","0.274","0.229","0.306","0.123","0.4","0.346","0.316","0.247","0.313","0.195","0.361","0.354","0.352","0.133","0.369","0.376","0.302","0.35","0.017","0.017","0.35","0.35","0.082","0.031","0.35","0.193","0.074","0.06","0.35","0.012","0.189","0.001","0.006","0.35","0.08","0.35","0.024","0.027","0.197","0.35","0.266","0.35","0.386","0.35","0.287","0.297","0.293","0.398","0.355","0.317","0.261","0.338","0.398","0.395","0.311","0.348","0.395","0.396","0.395","0.393","0.395","0.394","0.395","0.392","0.395","0.4","0.395","0.395","0.395","0.396","0.399","0.395","0.395","0.394","0.395","0.385","0.385","0.4","0.4","0.391","0.364","0.4","0.4","0.4","0.4","0.385",,"0.4","0.4","0.385","0.4","0.333","0.385","0.394","0.4","0.4","0.4","0.389","0.371","0.373","0.389","0.35","0.364","0.365","0.368","0.367","0.37","0.358","0.37","0.367","0.362","0.357","0.361","0.357","0.36","0.367","0.367",,,,,,,,
TaxEffectOfUnusualItems,"4,019,208.67","0","0","0","0","0","0","0","0","0","0","0","0","0","0","0","0","0","0","3,937,826","0","0","0","0","0","0","0","0","0","0","2,131,845.706","452,550","0","0","0","0","0","0","-295,400","171,428.571","148.148","243,907.816","16,100","931.453","565.972","-40.665","17.886","217,350","79.624","-158,550","493.73","-36,486.991","4,137.386","-6,099,450","10,922.867","-560,350","-2,949,967.948","2,439,500","54,529.148","357,287.536","112,046.723","149,333.069","339,351.271","-173,529.095","148,184.043","271,226.537","112,930.578","58,466.116","204,370.339","68,165.703","235,031.185","533,712.133","435,263.317","1,275,923.255","2,514,991.669","2,363,985.872","2,425,465.116","2,465,873.418","5,801,648.757","469,600","432,409.906","484,352.857","630,103.96","642,898.947","53,126.722","87,314.386","50,572.741","217,695","47,449.21","0","38,461.538","120,000","0","0","36,363.636","80,000","0","160,000","40,000","153,846.154",,"40,000","40,000","269,230.769","280,000","-33,333.333","0","-1,733,333.333","-40,000","-40,000","160,000","194,444.444","0","-74,509.804","38,888.889","245,000","36,363.636","36,507.937","0","183,333.333","258,695.652","0","37,037.037","110,204.082","0","35,714.286","36,111.111","35,714.286","108,000","73,333.333","36,734.694",,,,,,,,