name,ttm,03/31/2022,12/31/2021,09/30/2021,06/30/2021,03/31/2021,12/31/2020,09/30/2020,06/30/2020,03/31/2020,12/31/2019,09/30/2019,06/30/2019,03/31/2019,12/31/2018,09/30/2018,06/30/2018,03/31/2018,12/31/2017,09/30/2017,06/30/2017,03/31/2017,12/31/2016,09/30/2016,06/30/2016,03/31/2016,12/31/2015,09/30/2015,06/30/2015,03/31/2015,12/31/2014,09/30/2014,06/30/2014,03/31/2014,12/31/2013,09/30/2013,06/30/2013,03/31/2013,12/31/2012,09/30/2012,06/30/2012,03/31/2012,12/31/2011,09/30/2011,06/30/2011,03/31/2011,12/31/2010,09/30/2010,06/30/2010,03/31/2010,12/31/2009,09/30/2009,06/30/2009,03/31/2009,12/31/2008,09/30/2008,06/30/2008,03/31/2008,12/31/2007,09/30/2007,06/30/2007,03/31/2007,12/31/2006,09/30/2006,06/30/2006,03/31/2006,12/31/2005,09/30/2005,06/30/2005,03/31/2005,12/31/2004,09/30/2004,06/30/2004,03/31/2004,12/31/2003,09/30/2003,06/30/2003,03/31/2003,12/31/2002,09/30/2002,06/30/2002,03/31/2002,12/31/2001,09/30/2001,06/30/2001,03/31/2001,12/31/2000,09/30/2000,06/30/2000,03/31/2000,12/31/1999,09/30/1999,06/30/1999,03/31/1999,12/31/1998,09/30/1998,06/30/1998,03/31/1998,12/31/1997,09/30/1997,06/30/1997,03/31/1997,12/31/1996,09/30/1996,06/30/1996,03/31/1996,12/31/1995,09/30/1995,06/30/1995,03/31/1995,12/31/1994,09/30/1994,06/30/1994,03/31/1994,12/31/1993,09/30/1993,06/30/1993,03/31/1993,12/31/1992,09/30/1992,06/30/1992,03/31/1992,12/31/1991,09/30/1991,06/30/1991,03/31/1991,12/31/1990,09/30/1990,06/30/1990,03/31/1990,12/31/1989,09/30/1989,06/30/1989,03/31/1989,12/31/1988,09/30/1988,06/30/1988,03/31/1988,12/31/1987,09/30/1987,06/30/1987,03/31/1987,12/31/1986,09/30/1986,06/30/1986,03/31/1986,12/31/1985,09/30/1985
TotalRevenue,"3,487,410,000","994,676,000","866,416,000","817,545,000","808,773,000","758,058,000","729,296,000","634,525,000","471,977,000","677,459,000","787,626,000","724,014,000","761,004,000","686,802,000","756,672,000","713,331,000","668,128,000","584,800,000","632,859,000","593,043,000","579,343,000","530,297,000","596,817,000","574,224,000","580,456,000","516,355,000","534,707,000","449,004,000","436,291,000","406,596,000","434,995,000","404,289,000","424,776,000","372,478,000","377,420,000","360,013,000","363,801,000","327,451,000","291,612,000","257,699,000","260,040,000","228,823,000","243,760,000","218,720,000","210,855,000","182,572,000","207,233,000","177,793,000","173,412,000","160,683,000","152,493,000","153,989,000","158,601,000","181,546,000","151,020,000","166,472,000","173,513,000","160,883,000","145,533,000","135,996,000","113,248,000","105,695,000","98,294,000","103,239,000","104,849,000","96,749,000","76,930,000","80,937,000","83,912,000","74,889,000","65,119,000","70,620,000","72,913,000","60,732,000","57,786,000","59,254,000","63,595,000","54,767,000","54,460,000","57,679,000","62,478,000","54,491,000","25,798,000","25,714,000","25,293,000","24,747,000","30,989,000","31,051,000","32,375,000","32,474,000","31,500,000","32,000,000","36,500,000","32,400,000","33,700,000","33,900,000","33,600,000","31,100,000","37,700,000","35,900,000","42,100,000","32,700,000","35,200,000","31,400,000","37,200,000","38,300,000","34,400,000","35,200,000","34,600,000","35,000,000","32,000,000","32,300,000","33,700,000","31,900,000","32,900,000","31,900,000","31,800,000","25,000,000","26,800,000","27,800,000","27,800,000","27,500,000","24,600,000","26,500,000","25,700,000","26,300,000","26,100,000","26,400,000","30,800,000","29,700,000","23,300,000","28,200,000","9,100,000","11,500,000","9,200,000","6,900,000","16,800,000","9,200,000","7,000,000","7,100,000","8,600,000","6,400,000","6,100,000","6,200,000","6,100,000","6,200,000","6,900,000","7,000,000"
	OperatingRevenue,"3,487,410,000","994,676,000","866,416,000","817,545,000","808,773,000","758,058,000","729,296,000","634,525,000","471,977,000","677,459,000","787,626,000","724,014,000","761,004,000","686,802,000","756,672,000","713,331,000","668,128,000","584,800,000","632,859,000","593,043,000","579,343,000","530,297,000","596,817,000","574,224,000","580,456,000","516,355,000","534,707,000","449,004,000","436,291,000","406,596,000","434,995,000","404,289,000","424,776,000","372,478,000","377,420,000","360,013,000","363,801,000","327,451,000","291,612,000","257,699,000","260,040,000","228,823,000","243,760,000","218,720,000","210,855,000","182,572,000","207,233,000","177,793,000","173,412,000","160,683,000","152,493,000","153,989,000","158,601,000","181,546,000","151,020,000","166,472,000","173,513,000","160,883,000","145,533,000","135,996,000","113,248,000","105,695,000","98,294,000","103,239,000","104,849,000","96,749,000","76,930,000","80,937,000","83,912,000","74,889,000","65,119,000","70,620,000","72,913,000","60,732,000","57,786,000","59,254,000","63,595,000","54,767,000","54,460,000","57,679,000","62,478,000","54,491,000","25,798,000","25,714,000","25,293,000","24,747,000","30,989,000","31,051,000","32,375,000","32,474,000","31,500,000","32,000,000","36,500,000","32,400,000","33,700,000","33,900,000","33,600,000","31,100,000","37,700,000","35,900,000","42,100,000","32,700,000","35,200,000","31,400,000","37,200,000","38,300,000","34,400,000","35,200,000","34,600,000","35,000,000","32,000,000","32,300,000","33,700,000","31,900,000","32,900,000","31,900,000","31,800,000","25,000,000","26,800,000","27,800,000","27,800,000","27,500,000","24,600,000","26,500,000","25,700,000","26,300,000","26,100,000","26,400,000","30,800,000","29,700,000","23,300,000","28,200,000","9,100,000","11,500,000","9,200,000","6,900,000","16,800,000","9,200,000","7,000,000","7,100,000","8,600,000","6,400,000","6,100,000","6,200,000","6,100,000","6,200,000","6,900,000","7,000,000"
CostOfRevenue,"2,237,914,000","664,166,000","550,783,000","517,918,000","505,047,000","482,184,000","473,313,000","411,776,000","318,851,000","427,269,000","497,948,000","453,986,000","474,525,000","429,490,000","476,084,000","452,171,000","417,369,000","373,167,000","392,695,000","364,524,000","344,735,000","320,847,000","357,640,000","342,496,000","346,954,000","319,582,000","335,835,000","271,822,000","263,402,000","249,034,000","265,940,000","241,909,000","258,602,000","229,502,000","226,689,000","218,575,000","227,227,000","206,183,000","178,367,000","157,254,000","158,224,000","141,340,000","144,108,000","131,402,000","125,518,000","110,742,000","124,140,000","107,106,000","103,988,000","97,210,000","94,012,000","91,952,000","97,261,000","112,776,000","93,525,000","101,735,000","106,505,000","101,981,000","90,555,000","84,600,000","68,362,000","64,590,000","59,243,000","62,664,000","63,122,000","61,225,000","47,411,000","48,461,000","51,326,000","47,817,000","40,854,000","44,226,000","44,120,000","37,556,000","36,269,000","36,621,000","40,945,000","35,715,000","35,838,000","37,215,000","40,957,000","36,598,000","19,186,000","17,227,000","17,059,000","15,690,000","17,088,000","19,231,000","21,410,000","20,312,000","20,600,000","20,900,000","24,700,000","21,900,000","25,800,000","23,900,000","22,300,000","21,000,000","25,300,000","24,100,000","28,500,000","21,500,000","22,800,000","21,800,000","26,800,000","27,400,000","22,800,000","24,400,000","24,300,000","24,600,000","21,600,000","22,700,000","23,700,000","23,300,000","25,600,000","23,000,000","21,800,000","17,900,000","18,000,000","18,300,000","19,900,000","18,000,000","15,700,000","17,500,000","18,200,000",,"16,900,000","17,400,000","20,300,000","20,500,000",,,,,,,,,,,,,,,,,,
GrossProfit,"1,249,496,000","330,510,000","315,633,000","299,627,000","303,726,000","275,874,000","255,983,000","222,749,000","153,126,000","250,190,000","289,678,000","270,028,000","286,479,000","257,312,000","280,588,000","261,160,000","250,759,000","211,633,000","240,164,000","228,519,000","234,608,000","209,450,000","239,177,000","231,728,000","233,502,000","196,773,000","198,872,000","177,182,000","172,889,000","157,562,000","169,055,000","162,380,000","166,174,000","142,976,000","150,731,000","141,438,000","136,574,000","121,268,000","113,245,000","100,445,000","101,816,000","87,483,000","99,652,000","87,318,000","85,337,000","71,830,000","83,093,000","70,687,000","69,424,000","63,473,000","58,481,000","62,037,000","61,340,000","68,770,000","57,495,000","64,737,000","67,008,000","58,902,000","54,978,000","51,396,000","44,886,000","41,105,000","39,051,000","40,575,000","41,727,000","35,524,000","29,519,000","32,476,000","32,586,000","27,072,000","24,265,000","26,394,000","28,793,000","23,176,000","21,517,000","22,633,000","22,650,000","19,052,000","18,622,000","20,464,000","21,521,000","17,893,000","6,612,000","8,487,000","8,234,000","9,057,000","13,901,000","11,820,000","10,965,000","12,162,000","10,900,000","11,100,000","11,800,000","10,500,000","7,900,000","10,000,000","11,300,000","10,100,000","12,400,000","11,800,000","13,600,000","11,200,000","12,400,000","9,600,000","10,400,000","10,900,000","11,600,000","10,800,000","10,300,000","10,400,000","10,400,000","9,600,000","10,000,000","8,600,000","7,300,000","8,900,000","10,000,000","7,100,000","8,800,000","9,500,000","7,900,000","9,500,000","8,900,000","9,000,000","7,500,000",,"9,200,000","9,000,000","10,500,000","9,200,000",,,,,,,,,,,,,,,,,,
OperatingExpense,"719,090,000","206,071,000","171,954,000","175,354,000","165,711,000","154,957,000","147,317,000","128,814,000","111,824,000","143,942,000","148,813,000","144,460,000","144,631,000","155,909,000","139,514,000","141,372,000","135,008,000","122,948,000","110,781,000","106,044,000","113,020,000","106,646,000","110,300,000","109,140,000","115,199,000","109,792,000","97,485,000","97,152,000","89,529,000","90,982,000","86,760,000","82,434,000","90,435,000","87,043,000","76,277,000","73,950,000","76,249,000","79,073,000","54,588,000","53,016,000","56,478,000","50,823,000","54,740,000","50,132,000","50,089,000","40,466,000","48,480,000","38,676,000","39,695,000","37,038,000","30,150,000","33,963,000","34,395,000","40,679,000","27,338,000","33,784,000","34,516,000","32,886,000","27,477,000","25,972,000","23,684,000","22,299,000","18,598,000","19,554,000","21,448,000","20,376,000","16,171,000","16,192,000","16,249,000","15,069,000","25,232,000","13,812,000","14,140,000","13,074,000","12,599,000","12,647,000","13,006,000","12,645,000","10,755,000","11,517,000","13,325,000","13,172,000","4,737,000","6,180,000","5,986,000","7,220,000","10,962,000","7,838,000","8,680,000","9,518,000","9,300,000","9,100,000","9,400,000","8,800,000","9,900,000","8,600,000","9,300,000","8,500,000","9,000,000","8,800,000","9,900,000","8,100,000","10,200,000","7,400,000","9,000,000","8,300,000","8,700,000","8,100,000","8,100,000","7,900,000","7,700,000","7,100,000","7,700,000","7,300,000","7,300,000","9,100,000","8,300,000","7,100,000","7,800,000","7,900,000","6,800,000","8,000,000","10,200,000","7,900,000","6,700,000",,"7,000,000","7,300,000","7,800,000","7,400,000",,,,,,,,,,,,,,,,,,
	SellingGeneralAndAdministration,"719,090,000","206,071,000","171,954,000","175,354,000","165,711,000","154,957,000","147,317,000","128,814,000","111,824,000","143,942,000","148,813,000","144,460,000","144,631,000","155,909,000","139,514,000","141,372,000","135,008,000","122,948,000","110,781,000","106,044,000","113,020,000","106,646,000","110,300,000","109,140,000","115,199,000","109,792,000","97,485,000","97,152,000","89,529,000","90,982,000","86,760,000","82,434,000","90,435,000","87,043,000","76,277,000","73,950,000","76,249,000","79,073,000","54,588,000","53,016,000","56,478,000","50,823,000","54,740,000","50,132,000","50,089,000","40,466,000","48,480,000","38,676,000","39,695,000","37,038,000","30,150,000","33,963,000","34,395,000","40,679,000","27,338,000","33,784,000","34,516,000","32,886,000","27,477,000","25,972,000","23,684,000","22,299,000","18,598,000","19,554,000","21,448,000","20,376,000","16,171,000","16,192,000","16,249,000","15,069,000","12,585,000","13,812,000","14,140,000","13,072,000","12,537,000","12,647,000","13,006,000","12,645,000","10,755,000","11,517,000","13,325,000","13,172,000","5,197,000","6,052,000","5,986,000","6,334,000","10,112,000","6,915,000","7,740,000","8,570,000","8,700,000","8,200,000","8,300,000","7,900,000","8,700,000","8,000,000","8,600,000","7,800,000","8,200,000","8,100,000","9,100,000","7,400,000","8,800,000","7,200,000","8,500,000","7,600,000","7,500,000","7,400,000","7,300,000","7,200,000","7,200,000","6,500,000","7,100,000","6,700,000","6,600,000","8,300,000","7,500,000","6,300,000","7,000,000","7,000,000","6,800,000","6,900,000","9,100,000","6,800,000","6,700,000",,"6,000,000","6,300,000","6,700,000","6,400,000",,,,,,,,,,,,,,,,,,
		GeneralAndAdministrativeExpense,,,,,,,,,,,,,,,,,,,,,,,"54,699,000","52,572,000","57,174,000","56,103,000","41,050,000","52,675,000","44,197,000","43,873,000","41,260,000","40,428,000","42,333,000","40,073,000","37,197,000","32,181,000","37,611,000","42,921,000","27,873,000","27,051,000","28,204,000","25,648,000","30,319,000","25,577,000","28,520,000","19,898,000","27,145,000","20,900,000","20,659,000","19,413,000","15,246,000","17,602,000","17,727,000","24,373,000",,,,,,,,,,,,,,,,,,,,,,,,,,,,,,,,,,,,,,,,,,,,,,,,,,,,,,,,,,,,,,,,,,,,,,,,,,,,,,,,,,,,,,,,,,,,,,
			OtherGandA,,,,,,,,,,,,,,,,,,,,,,,"54,699,000","52,572,000","57,174,000","56,103,000","41,050,000","52,675,000","44,197,000","43,873,000","41,260,000","40,428,000","42,333,000","40,073,000","37,197,000","32,181,000","37,611,000","42,921,000","27,873,000","27,051,000","28,204,000","25,648,000","30,319,000","25,577,000","28,520,000","19,898,000","27,145,000","20,900,000","20,659,000","19,413,000","15,246,000","17,602,000","17,727,000","24,373,000",,,,,,,,,,,,,,,,,,,,,,,,,,,,,,,,,,,,,,,,,,,,,,,,,,,,,,,,,,,,,,,,,,,,,,,,,,,,,,,,,,,,,,,,,,,,,,
		SellingAndMarketingExpense,,,,,,,,,,,,,,,,,,,,,,,"55,601,000","56,568,000","58,025,000","53,689,000","56,435,000","44,477,000","45,332,000","47,109,000","45,500,000","42,006,000","48,102,000","46,970,000","39,080,000","41,769,000","38,638,000","36,152,000","26,715,000","25,965,000","28,274,000","25,175,000","24,421,000","24,555,000","21,569,000","20,568,000","21,335,000","17,776,000","19,036,000","17,625,000","14,904,000","16,361,000","16,668,000","16,306,000",,,,,,,,,,,,,,,,,,,,,,,,,,,,,,,,,,,,,,,,,,,,,,,,,,,,,,,,,,,,,,,,,,,,,,,,,,,,,,,,,,,,,,,,,,,,,,
	DepreciationAmortizationDepletionIncomeStatement,,,,,,,,,,,,,,,,,,,,,,,,,,,,,,,,,,,,,,,,,,,,,,,,,,,,,,,,,,,,,,,,,,,,,,,,,,,,,,,,,,,,"128,000",,"886,000","850,000","923,000","940,000","948,000","600,000","900,000","1,100,000","900,000","1,200,000","600,000","700,000","700,000","800,000","700,000","800,000","700,000","1,400,000","200,000","500,000","700,000","1,200,000","700,000","800,000","700,000","500,000","600,000","600,000","600,000","700,000","800,000","800,000","800,000","800,000","900,000",,"1,100,000","1,100,000","1,100,000",,,"1,000,000","1,000,000","1,100,000","1,000,000",,,,,,,,,,,,,,,,,,
		DepreciationAndAmortizationInIncomeStatement,,,,,,,,,,,,,,,,,,,,,,,,,,,,,,,,,,,,,,,,,,,,,,,,,,,,,,,,,,,,,,,,,,,,,,,,,,,,,,,,,,,,"128,000",,"886,000","850,000","923,000","940,000","948,000","600,000","900,000","1,100,000","900,000","1,200,000","600,000","700,000","700,000","800,000","700,000","800,000","700,000","1,400,000","200,000","500,000","700,000","1,200,000","700,000","800,000","700,000","500,000","600,000","600,000","600,000","700,000","800,000","800,000","800,000","800,000","900,000",,"1,100,000","1,100,000","1,100,000",,,"1,000,000","1,000,000","1,100,000","1,000,000",,,,,,,,,,,,,,,,,,
			Amortization,,,,,,,,,,,,,,,,,,,,,,,,,,,,,,,,,,,,,,,,,,,,,,,,,,,,,,,,,,,,,,,,,,,,,,,,,,,,,,,,,,,,"128,000",,,,,,,,,,,,,,,,,,,,,,,,,,,,,,,,,,,,,,,,,,,,,,,,,,,,,,,,,,,,,,,,
				AmortizationOfIntangiblesIncomeStatement,,,,,,,,,,,,,,,,,,,,,,,,,,,,,,,,,,,,,,,,,,,,,,,,,,,,,,,,,,,,,,,,,,,,,,,,,,,,,,,,,,,,"128,000",,,,,,,,,,,,,,,,,,,,,,,,,,,,,,,,,,,,,,,,,,,,,,,,,,,,,,,,,,,,,,,,
	OtherOperatingExpenses,,,,,,,,,,,,,,,,,,,,,,,,,,,,,,,,,,,,,,,,,,,,,,,,,,,,,,,,,,,,,,,,,,,,,,,,,,"2,000",,,,,,,,,,,,,,,,,,,,,,,,,,,,,,,,,,,,,,,,,,,,,,,,,,,,,,,,,,,,,,,,,,,,,,,,,,
OperatingIncome,"530,406,000","124,439,000","143,679,000","124,273,000","138,015,000","120,917,000","108,666,000","93,935,000","41,302,000","106,248,000","140,865,000","125,568,000","141,848,000","101,403,000","141,074,000","119,788,000","115,751,000","88,685,000","129,383,000","122,475,000","121,588,000","102,804,000","128,877,000","122,588,000","118,303,000","86,981,000","101,387,000","80,030,000","83,360,000","66,580,000","82,295,000","79,946,000","75,739,000","55,933,000","74,454,000","67,488,000","60,325,000","42,195,000","58,657,000","47,429,000","45,338,000","36,660,000","44,912,000","37,186,000","35,248,000","31,364,000","34,613,000","32,011,000","29,729,000","26,435,000","28,331,000","28,074,000","26,945,000","28,091,000","30,157,000","30,953,000","32,492,000","26,016,000","27,501,000","25,424,000","21,202,000","18,806,000","20,453,000","21,021,000","20,279,000","15,148,000","13,348,000","16,284,000","16,337,000","12,003,000","-967,000","12,582,000","14,653,000","10,102,000","8,918,000","9,986,000","9,644,000","6,407,000","7,867,000","8,947,000","8,196,000","4,721,000","1,875,000","2,307,000","2,248,000","1,837,000","2,939,000","3,982,000","2,285,000","2,644,000","1,600,000","2,000,000","2,400,000","1,700,000","-2,000,000","1,400,000","2,000,000","1,600,000","3,400,000","3,000,000","3,700,000","3,100,000","2,200,000","2,200,000","1,400,000","2,600,000","2,900,000","2,700,000","2,200,000","2,500,000","2,700,000","2,500,000","2,300,000","1,300,000","0","-200,000","1,700,000","0","1,000,000","1,600,000","1,100,000","1,500,000","-1,300,000","1,100,000","800,000","26,300,000","2,200,000","1,700,000","2,700,000","1,800,000","-43,600,000","28,200,000","9,100,000","11,500,000","-18,700,000","6,900,000","16,800,000","9,200,000","-17,300,000","7,100,000","8,600,000","6,400,000","-17,800,000","6,200,000","6,100,000","6,200,000","-18,300,000","7,000,000"
NetNonOperatingInterestIncomeExpense,"-58,744,000","-17,654,000","-13,676,000","-13,192,000","-14,222,000","-16,067,000","-22,736,000","-18,418,000","-21,750,000","-15,713,000","-19,275,000","-20,846,000","-21,968,000","-20,520,000","-20,372,000","-19,143,000","-10,404,000","-8,823,000","-7,926,000","-6,550,000","-5,702,000","-5,805,000","-6,105,000","-6,440,000","-6,059,000","-5,276,000","-4,946,000","-4,224,000","-4,048,000","-3,749,000","-3,541,000","-3,895,000","-4,169,000","-3,987,000","-4,172,000","-4,249,000","-4,046,000","-3,434,000","-2,192,000","-2,988,000","-1,967,000","-2,091,000","-2,000,000","-2,324,000","-2,119,000","-2,060,000","-1,694,000","-2,177,000","-2,246,000","-2,475,000","-2,794,000","-2,797,000","-2,857,000","-3,146,000",,,,,,,,,,,,,,,,,,,,,,,,,,,,,,,,,,,,,,,,,,,,,,,,,,,,,,,,,,,,,,,,,,,,,,,,,,,,,,,,,,,,,,,,,,,,,,
	InterestExpenseNonOperating,"58,744,000","17,654,000","13,676,000","13,192,000","14,222,000","16,067,000","22,736,000","18,418,000","21,750,000","15,713,000","19,275,000","20,846,000","21,968,000","20,520,000","20,372,000","19,143,000","10,404,000","8,823,000","7,926,000","6,550,000","5,702,000","5,805,000","6,105,000","6,440,000","6,059,000","5,276,000","4,946,000","4,224,000","4,048,000","3,749,000","3,541,000","3,895,000","4,169,000","3,987,000","4,172,000","4,249,000","4,046,000","3,434,000","2,192,000","2,988,000","1,967,000","2,091,000","2,000,000","2,324,000","2,119,000","2,060,000","1,694,000","2,177,000","2,246,000","2,475,000","2,794,000","2,797,000","2,857,000",,,,,,,,,,,,,,,,,,,,,,,,,,,,,,,,,,,,,,,,,,,,,,,,,,,,,,,,,,,,,,,,,,,,,,,,,,,,,,,,,,,,,,,,,,,,,,,
	TotalOtherFinanceCost,"82,609,000",,,,,,,,,,"19,275,000","20,846,000","21,968,000","20,520,000","20,372,000","19,143,000","10,404,000","8,823,000","7,926,000","6,550,000","5,702,000","5,805,000","6,105,000","6,440,000","6,059,000","5,276,000","4,946,000","4,224,000","4,048,000","3,749,000","3,541,000","3,895,000","4,169,000","3,987,000","4,172,000","4,249,000","4,046,000","3,434,000",,,,,,,,,,,,,,,,"3,146,000",,,,,,,,,,,,,,,,,,,,,,,,,,,,,,,,,,,,,,,,,,,,,,,,,,,,,,,,,,,,,,,,,,,,,,,,,,,,,,,,,,,,,,,,,,,,,,
OtherIncomeExpense,"142,037,000","5,580,000","5,976,000","119,778,000","10,703,000","13,320,000","-19,786,000","3,180,000","7,200,000","5,929,000","19,628,000","1,508,000","5,576,000","8,832,000","7,527,000","-2,626,000","5,217,000","6,839,000","-60,242,000","-3,150,000","246,000","-3,592,000","-4,905,000","-4,301,000","-2,552,000","194,000","-27,087,000","-1,941,000","366,000","-4,561,000","-1,997,000","5,526,000","-195,000","-865,000","-782,000","-1,394,000","-391,000","-213,000","-754,000","-2,765,000","380,000","-1,267,000","1,263,000","424,000","-1,608,000","162,000","483,000","121,000","-220,000","-344,000","486,000","137,000","-460,000","-284,000","-616,000","-850,000","-561,000","-387,000","-152,000","316,000","630,000","107,000","-126,000","37,000","-165,000","93,000","-90,000","-312,000","62,000","203,000","-11,950,000","51,000","-80,000","-192,000","-355,000","222,000","-106,000","-66,000","-329,000","-389,000","-268,000","-222,000","-285,000","86,000","-398,000","-198,000","-527,000","-435,000","-255,000","-286,000","-200,000","-1,400,000","-300,000","-1,100,000","-2,500,000","-1,700,000","-100,000","-100,000",,,,,"200,000","-1,600,000",,"-100,000","-1,200,000","-200,000","100,000","-200,000","-300,000","-200,000","-100,000","-200,000","200,000","7,500,000",,"-200,000","-200,000","-200,000","-400,000","-300,000","500,000","-300,000","-300,000",,"-300,000","-300,000","-400,000","-200,000",,,,,,,,,,,,,,,,,,
	SpecialIncomeCharges,"100,977,000","-1,875,000","-5,059,000","109,209,000","-1,298,000","256,000","-15,439,000","-7,263,000","-2,184,000","-834,000","11,165,000","-4,223,000","-2,241,000","-342,000","-1,087,000","-12,111,000","-4,441,000","-1,693,000","-60,514,000","-4,218,000","548,000","-1,725,000","-2,379,000","-1,149,000","-6,390,000","-606,000","-28,754,000","0",,,"0","6,519,000",,,,,,,,"-2,765,000","380,000","-1,267,000","1,263,000","424,000","-1,608,000","162,000","483,000","121,000","-220,000","-344,000","486,000","137,000","-460,000","-284,000","-616,000","-850,000","-561,000","-387,000","-152,000","316,000","630,000","107,000","-126,000","37,000","-165,000","93,000","-90,000","-312,000","62,000","203,000","-11,950,000","51,000","-80,000","-192,000","-355,000","222,000","-106,000","-66,000","-329,000","-389,000","-268,000","-222,000","-285,000","86,000","-398,000","-198,000","-527,000","-435,000","-255,000","-286,000","-200,000","-1,400,000","-300,000","-1,100,000","-2,500,000","-1,700,000","-100,000","-100,000",,,,,"200,000",,,"-100,000","-1,200,000","-200,000","100,000","-200,000","-300,000","-200,000","-100,000","-200,000","200,000","7,500,000",,"-200,000","-200,000","-200,000","-400,000","-300,000","500,000","-300,000","-300,000",,"-300,000","-300,000","-400,000","-200,000",,,,,,,,,,,,,,,,,,
		RestructuringAndMergernAcquisition,"-101,264,000","1,875,000","5,059,000","-109,209,000","1,011,000","794,000","2,094,000","7,263,000","2,184,000","834,000","3,674,000","4,223,000","2,241,000","342,000","1,087,000","12,111,000","4,441,000","1,693,000","2,514,000","4,218,000","11,494,000","1,725,000","2,379,000","1,149,000","6,390,000","606,000","16,931,000",,,,,,,,,,,,,,,,,,,,,,,,,,,,,,,,,,,,,,,,,,,,,,,"-2,000",,,,,,,,,,,,,,,,,,,,,,,,,,,,,,,,,,,,,,,,,,,,,,,,,,,,,,,,,,,,,,,,,,,,,,,,,,
		ImpairmentOfCapitalAssets,,,"0",,,,"15,327,000",,,,,,,,"0",,,,"58,000,000",,,,,,,,,,,,,,,,,,,,,,,,,,,,,,,,,,,,,,,,,,,,,,,,,,,,,,,,,,,,,,,,,,,,,,,,,,,,,,,,,,,,,,,,,,,,,,,,,,,,,,,,,,,,,,,,,,,,,,,,,,,,,,,,,
		OtherSpecialCharges,"-14,839,000",,,,,,,,,,"-14,839,000",,,,,,,,,"0",,,,,,,,,,,"0","-6,519,000",,,,,,,,,,,,,,,,,,,,,,,,,,,,,,,,,,,,,,,,,,"194,000",,,,,,,,,,,,,,,,,,,,,,,,,,,,,,,,,,,,,,,,,,,,,,,,,,,,,,,,,,,,,,,,,,,,,,,,,,
		GainOnSaleOfPPE,"-287,000","0","0","0","-287,000","1,050,000","1,982,000",,,,,,,,"0","0","0",,"0","0","12,042,000",,,,,,,,,,,,,,,,,,,,,,,,,,,,,,,,,,,,,,,,,,,,,,,,,,,,,,,,,,,,,,,,,,,,,,,,,,,,,,,,,,,,,,,,,,,,,,,,,,,,,,,,,,,,,,,,,,,,,,,,,,,,,,,
	OtherNonOperatingIncomeExpenses,"41,060,000","7,455,000","11,035,000","10,569,000","12,001,000","13,064,000","-4,347,000","10,443,000","9,384,000","6,763,000","8,463,000","5,731,000","7,817,000","9,174,000","8,614,000","9,485,000","9,658,000","8,532,000","272,000","1,068,000","-302,000","-1,867,000","-2,526,000","-3,152,000","3,838,000","800,000","1,667,000","-1,941,000","366,000","-4,561,000","-1,997,000","-993,000","-195,000","-865,000","-782,000","-1,394,000","-391,000","-213,000",,,,,,,,,,,,,,,,,,,,,,,,,,,,,,,,,,,,,,,,,,,,,,,,,,,,,,,,,,,,,,,,,,,,,,,,,,,,,,,,,,,,,,,,,,,,,,,,,,,,,,,,,,,,,,
PretaxIncome,"613,699,000","112,365,000","135,979,000","230,859,000","134,496,000","118,170,000","66,144,000","78,697,000","26,752,000","96,464,000","141,218,000","106,230,000","125,456,000","89,715,000","128,229,000","98,019,000","110,564,000","86,701,000","61,215,000","112,775,000","116,132,000","93,407,000","117,867,000","111,847,000","109,692,000","81,899,000","69,354,000","73,865,000","79,678,000","58,270,000","76,757,000","81,577,000","71,375,000","51,081,000","69,500,000","61,845,000","55,888,000","38,548,000","55,711,000","41,676,000","43,751,000","33,302,000","44,175,000","35,286,000","31,521,000","29,466,000","33,402,000","29,955,000","27,263,000","23,616,000","26,023,000","25,414,000","23,628,000","24,661,000","26,469,000","26,935,000","28,892,000","21,926,000","25,632,000","24,119,000","20,559,000","17,669,000","18,840,000","19,440,000","18,083,000","13,445,000","11,884,000","14,393,000","14,701,000","10,420,000","-940,000","11,990,000","13,779,000","9,015,000","7,480,000","8,798,000","7,915,000","4,627,000","5,141,000","5,897,000","4,904,000","1,441,000","850,000","2,393,000","1,672,000","1,484,000","2,359,000","3,355,000","1,548,000","1,881,000","800,000","-200,000","1,400,000","0","-5,200,000","-1,000,000","1,200,000","800,000","1,900,000","1,800,000","2,500,000","2,100,000","1,400,000","1,100,000",,"1,200,000","0","1,400,000","1,000,000","1,100,000","1,400,000","1,300,000","1,100,000","200,000","-700,000","5,900,000",,,,,,,,,,,"-300,000","-600,000","300,000","-300,000",,,,,,,,,,,,,,,,,,
TaxProvision,"128,715,000","26,610,000","33,301,000","54,893,000","13,911,000","28,907,000","14,307,000","18,181,000","5,590,000","22,685,000","32,221,000","24,210,000","33,246,000","20,702,000","33,390,000","25,114,000","26,576,000","21,281,000","-13,971,000","38,104,000","38,563,000","22,705,000","36,931,000","35,996,000","36,801,000","27,361,000","19,067,000","25,040,000","25,411,000","20,039,000","25,008,000","21,864,000","22,970,000","17,636,000","19,579,000","20,903,000","18,725,000","12,646,000","17,923,000","11,907,000","12,706,000","11,207,000","9,616,000","11,825,000","11,893,000","11,641,000","12,408,000","9,353,000","9,754,000","9,854,000","8,149,000","9,913,000","9,914,000","10,594,000","9,156,000","10,645,000","11,775,000","8,745,000","10,376,000","10,063,000","7,977,000","6,949,000","7,781,000","7,263,000","6,993,000","5,394,000","4,651,000","4,765,000","5,732,000","4,072,000","-280,000","1,622,000","5,490,000","3,424,000","1,639,000","3,147,000","3,318,000","2,018,000","1,716,000","1,560,000","2,090,000","727,000","1,531,000","1,301,000","996,000","935,000","1,060,000","2,012,000","907,000","1,391,000","1,200,000","500,000","1,000,000","400,000","-800,000","-100,000","400,000","300,000","300,000","600,000","900,000","700,000","300,000","400,000",,"400,000","-1,100,000","400,000","300,000","400,000","100,000","400,000","300,000","100,000","100,000","100,000",,,,,,,,,,,"200,000","-100,000","100,000","-100,000",,,,,,,,,,,,,,,,,,
NetIncomeCommonStockholders,"484,984,000","85,755,000","102,678,000","175,966,000","120,585,000","89,263,000","51,837,000","60,516,000","21,162,000","73,779,000","108,997,000","82,020,000","92,210,000","69,013,000","94,839,000","72,905,000","83,988,000","65,420,000","75,186,000","74,671,000","77,569,000","70,702,000","80,936,000","75,851,000","72,891,000","54,538,000","50,287,000","48,825,000","54,267,000","38,231,000","51,749,000","59,713,000","48,405,000","33,445,000","49,921,000","40,942,000","37,163,000","25,902,000","37,788,000","29,769,000","31,045,000","22,095,000","34,559,000","23,461,000","19,628,000","17,825,000","20,994,000","20,602,000","17,509,000","13,762,000","17,874,000","15,501,000","13,714,000","14,067,000","17,313,000","16,290,000","17,117,000","13,181,000","15,256,000","14,056,000","12,582,000","10,720,000","11,059,000","12,177,000","11,090,000","8,051,000","7,233,000","9,628,000","8,969,000","6,348,000","-660,000","10,368,000","8,289,000","5,591,000","5,841,000","5,651,000","4,597,000","2,609,000","8,939,000","4,337,000","2,814,000","714,000","-681,000","1,092,000","676,000","549,000","1,299,000","1,578,000","641,000","490,000","-400,000","-700,000","400,000","-400,000","-4,400,000","-900,000","800,000","500,000","1,600,000","1,200,000","1,000,000","1,400,000","600,000","-900,000",,"800,000","1,100,000","1,000,000","700,000","700,000","1,300,000","900,000","800,000","100,000","-800,000","5,800,000",,"-1,600,000","-600,000",,"-900,000","-400,000","-2,600,000","-1,000,000","-1,500,000",,"-500,000","-500,000","200,000","-200,000",,,,,,,,,,,,,,,,,,
	NetIncome,"484,984,000","85,755,000","102,678,000","175,966,000","120,585,000","89,263,000","51,837,000","60,516,000","21,162,000","73,779,000","108,997,000","82,020,000","92,210,000","69,013,000","94,839,000","72,905,000","83,988,000","65,420,000","75,186,000","74,671,000","77,569,000","70,702,000","80,936,000","75,851,000","72,891,000","54,538,000","50,287,000","48,825,000","54,267,000","38,231,000","51,749,000","59,713,000","48,405,000","33,445,000","49,921,000","40,942,000","37,163,000","25,902,000","37,788,000","29,769,000","31,045,000","22,095,000","34,559,000","23,461,000","19,628,000","17,825,000","20,994,000","20,602,000","17,509,000","13,762,000","17,874,000","15,501,000","13,714,000","14,067,000","17,313,000","16,290,000","17,117,000","13,181,000","15,256,000","14,056,000","12,582,000","10,720,000","11,059,000","12,177,000","11,090,000","8,051,000","7,233,000","9,628,000","8,969,000","6,348,000","-660,000","10,368,000","8,289,000","5,591,000","5,841,000","5,651,000","4,597,000","2,609,000","8,939,000","4,337,000","2,814,000","714,000","-681,000","1,092,000","676,000","549,000","1,299,000","1,578,000","641,000","490,000","-400,000","-700,000","400,000","-400,000","-4,400,000","-900,000","800,000","500,000","1,600,000","1,200,000","1,000,000","1,400,000","600,000","-900,000",,"800,000","1,100,000","1,000,000","700,000","700,000","1,300,000","900,000","800,000","100,000","-800,000","5,800,000",,"-1,600,000","-600,000",,"-900,000","-400,000","-2,600,000","-1,000,000","-1,500,000",,"-500,000","-500,000","200,000","-200,000",,,,,,,,,,,,,,,,,,
		NetIncomeIncludingNoncontrollingInterests,"484,984,000","85,755,000","102,678,000","175,966,000","120,585,000","89,263,000","51,837,000","60,516,000","21,162,000","73,779,000","108,997,000","82,020,000","92,210,000","69,013,000","94,839,000","72,905,000","83,988,000","65,420,000","75,186,000","74,671,000","77,569,000","70,702,000","80,936,000","75,851,000","72,891,000","54,538,000","50,287,000","48,825,000","54,267,000","38,231,000","51,749,000","59,713,000","48,405,000","33,445,000","49,921,000","40,942,000","37,163,000","25,902,000","37,788,000","29,769,000","31,045,000","22,095,000","34,559,000","23,461,000","19,628,000","17,825,000","20,994,000","20,602,000","17,509,000","13,762,000","17,874,000","15,501,000","13,714,000","14,067,000","17,313,000","16,290,000","17,117,000","13,181,000","15,256,000","14,056,000","12,582,000","10,720,000","11,059,000","12,177,000","11,090,000","8,051,000","7,233,000","9,628,000","8,969,000","6,348,000","-660,000","10,368,000","8,289,000","5,591,000","5,841,000","5,651,000","4,597,000","2,609,000","8,939,000","4,337,000","2,814,000","714,000","-681,000","1,092,000","676,000","549,000","1,299,000","1,578,000","641,000","490,000","-400,000","-700,000","400,000","-400,000","-4,400,000","-900,000","800,000","500,000","1,600,000","1,200,000","1,000,000","1,400,000","600,000","-900,000",,"800,000","1,100,000","1,000,000","700,000","700,000","1,300,000","900,000","800,000","100,000","-800,000","5,800,000",,"-1,600,000","-600,000",,"-900,000","-400,000","-2,600,000","-1,000,000","-1,500,000","-2,300,000","-500,000","-500,000","200,000","-200,000","-2,300,000",,"1,200,000","1,700,000","1,400,000","400,000","2,200,000","1,300,000","-700,000","500,000","600,000","200,000","-200,000","-300,000","-300,000","-300,000",,
			NetIncomeContinuousOperations,"484,984,000","85,755,000","102,678,000","175,966,000","120,585,000","89,263,000","51,837,000","60,516,000","21,162,000","73,779,000","108,997,000","82,020,000","92,210,000","69,013,000","94,839,000","72,905,000","83,988,000","65,420,000","75,186,000","74,671,000","77,569,000","70,702,000","80,936,000","75,851,000","72,891,000","54,538,000","50,287,000","48,825,000","54,267,000","38,231,000","51,749,000","59,713,000","48,405,000","33,445,000","49,921,000","40,942,000","37,163,000","25,902,000","37,788,000","29,769,000","31,045,000","22,095,000","34,559,000","23,461,000","19,628,000","17,825,000","20,994,000","20,602,000","17,509,000","13,762,000","17,874,000","15,501,000","13,714,000","14,067,000","17,313,000","16,290,000","17,117,000","13,181,000","15,256,000","14,056,000","12,582,000","10,720,000","11,059,000","12,177,000","11,090,000","8,051,000","7,233,000","9,628,000","8,969,000","6,348,000","-660,000","10,368,000","8,289,000","5,591,000","5,841,000","5,651,000","4,597,000","2,609,000","3,425,000","4,337,000","2,814,000","714,000","-681,000","1,092,000","676,000","549,000","1,299,000","1,343,000","641,000","490,000","-400,000","-700,000","400,000","-400,000","-4,400,000","-900,000","800,000","500,000","1,600,000","1,200,000","1,600,000","1,400,000","1,100,000","700,000",,"800,000","1,100,000","1,000,000","700,000","700,000","1,300,000","900,000","800,000","100,000","-800,000","5,800,000",,"-1,600,000","-600,000",,"-900,000","-400,000","-2,600,000","-1,000,000","-1,500,000","-2,300,000","-500,000","-500,000","200,000","-200,000","-2,300,000",,"1,200,000","1,700,000","1,400,000","400,000","2,200,000","1,300,000","-700,000","500,000","600,000","200,000","-200,000","-300,000","-300,000","-300,000",,
			NetIncomeDiscontinuousOperations,,,,,,,,,,,,,,,,,,,,,,,,,,,,,,,,,,,,,,,,,,,,,,,,,,,,,,,,,,,,,,,,,,,,,,,,,,,,,,,,,,,,,,,,,,,,,,,,,,,"0",,"-600,000",,"-500,000","-1,600,000",,,,,,,,,,,,,,,,,,,,,,,,,,,,,,,,,,,,,,,,,,,,
			NetIncomeFromTaxLossCarryforward,,,,,,,,,,,,,,,,,,,,,,,,,,,,,,,,,,,,,,,,,,,,,,,,,,,,,,,,,,,,,,,,,,,,,,,,,,,,,,,,,,,,,,,"0","235,000",,,,,,,,,,,,,,,,,,,,,,,,,,,,,,,,,,,,,,,,,,,,,,,,,,,,,,,,,,,,
DilutedNIAvailtoComStockholders,"484,984,000","85,755,000","102,678,000","175,966,000","120,585,000","89,263,000","51,837,000","60,516,000","21,162,000","73,779,000","108,997,000","82,020,000","92,210,000","69,013,000","94,839,000","72,905,000","83,988,000","65,420,000","75,186,000","74,671,000","77,569,000","70,702,000","80,936,000","75,851,000","72,891,000","54,538,000","50,287,000","48,825,000","54,267,000","38,231,000","51,749,000","59,713,000","48,405,000","33,445,000","49,921,000","40,942,000","37,163,000","25,902,000","37,788,000","29,769,000","31,045,000","22,095,000","34,559,000","23,461,000","19,628,000","17,825,000","20,994,000","20,602,000","17,509,000","13,762,000","17,874,000","15,501,000","13,714,000","14,067,000","17,313,000","16,290,000","17,117,000","13,181,000","15,256,000","14,056,000","12,582,000","10,720,000","11,059,000","12,177,000","11,090,000","8,051,000","7,233,000","9,628,000","8,969,000","6,348,000","-660,000","10,368,000","8,289,000","5,591,000","5,841,000","5,651,000","4,597,000","2,609,000","8,939,000","4,337,000","2,814,000","714,000","-681,000","1,092,000","676,000","549,000","1,299,000","1,578,000","641,000","490,000","-400,000","-700,000","400,000","-400,000","-4,400,000","-900,000","800,000","500,000","1,600,000","1,200,000","1,000,000","1,400,000","600,000","-900,000",,"800,000","1,100,000","1,000,000","700,000","700,000","1,300,000","900,000","800,000","100,000","-800,000","5,800,000",,"-1,600,000","-600,000",,"-900,000","-400,000","-2,600,000","-1,000,000","-1,500,000",,"-500,000","-500,000","200,000","-200,000",,,,,,,,,,,,,,,,,,
BasicEPS,,"1.57","1.86","3.19","2.18","1.62","0.94","1.1","0.39","1.33","1.96","1.47","1.66","1.24","1.71","1.31","1.51","1.18","1.35","1.31","1.35","1.24","1.42","1.33","1.28","0.96","0.88","0.86","0.95","0.67",,"1.05","0.85","0.593","0.887","0.73","0.667","0.47",,"0.543","0.567","0.407",,"0.433","0.363","0.333",,"0.387","0.327","0.26",,"0.293","0.26","0.267",,"0.34","0.357","0.273",,"0.297","0.267","0.23",,"0.265","0.242","0.177",,"0.213","0.198","0.142",,"0.187","0.15","0.102",,"0.105","0.085","0.048",,"0.08","0.052","0.013",,"0.02","0.013","0.01",,"0.018","0.01","0.008",,"-0.01","0.007","-0.005",,"-0.013","0.012","0.008",,"0.023","0.02","0.027",,"-0.018","0","0.013",,"0.018","0.013","0.015",,"0.018","0.017","0.003",,"0.117","0.002","-0.033",,"0","-0.018","-0.008",,"-0.02","-0.03","-0.047",,"-0.01","0.003","-0.003",,"-0.002","0.023","0.038",,"0.008","0.068","0.03",,"0.01","0.013","0.005",,"-0.01","-0.01","-0.01",,"0"
DilutedEPS,,"1.52","1.8","3.09","2.13","1.59","0.94","1.1","0.39","1.33","1.96","1.47","1.66","1.24","1.7","1.31","1.51","1.18","1.35","1.31","1.35","1.24","1.41","1.33","1.28","0.96","0.88","0.86","0.95","0.67",,"1.05","0.85","0.593","0.873","0.727","0.667","0.463",,"0.533","0.557","0.4",,"0.42","0.353","0.323",,"0.377","0.32","0.247",,"0.277","0.247","0.257",,"0.32","0.33","0.257",,"0.277","0.25","0.213",,"0.247","0.223","0.162",,"0.198","0.185","0.132",,"0.172","0.137","0.093",,"0.098","0.082","0.047",,"0.078","0.052","0.013",,"0.02","0.013","0.01",,"0.018","0.01","0.008",,"-0.01","0.007","-0.005",,"-0.013","0.012","0.008",,"0.023","0.02","0.027",,"-0.02","0","0.013",,"0.018","0.013","0.015",,"0.018","0.017","0.003",,"0.117","0.002","-0.033",,"0","-0.018","-0.008",,"-0.02","-0.03","-0.047",,"-0.01","0.003","-0.003",,"-0.002","0.023","0.037",,"0.008","0.068","0.03",,"0.01","0.013","0.005",,"-0.01","-0.01","-0.01",,"0"
BasicAverageShares,,"54,669,000","55,190,000","55,232,000","55,230,000","55,213,000","55,061,000","54,982,000","54,935,000","55,396,000","55,663,000","55,663,000","55,660,000","55,601,000","55,578,000","55,577,000","55,576,000","55,573,000","55,650,000","56,810,000","57,299,000","57,103,000","57,022,000","57,022,000","57,022,000","57,051,000","56,963,000","56,963,000","56,963,000","56,917,000",,"56,866,000","56,866,000","56,457,000","56,208,000","56,178,000","55,755,000","55,185,000",,"54,888,000","54,801,000","54,444,000",,"54,120,000","54,156,000","53,703,000",,"53,445,000","53,589,000","53,262,000",,"52,800,000","52,752,000","52,752,000",,"47,733,000","47,970,000","48,165,000",,"47,229,000","46,923,000","46,530,000",,"45,870,000","45,738,000","45,708,000",,"45,096,000","45,048,000","44,838,000",,"55,446,000","55,422,000","55,314,000",,"54,216,000","54,198,000","54,168,000",,"53,946,000","53,844,000","53,832,000",,"53,886,000","53,886,000","53,976,000",,"60,864,000","61,062,000","61,104,000",,"70,000,000","60,000,000","60,948,000",,"67,500,000","68,571,429","60,000,000",,"51,428,571","50,000,000","52,500,000",,"49,090,909","60,000,000","60,000,000",,"54,545,455","52,500,000","46,666,667",,"49,090,909","48,000,000","49,938,000",,"49,714,286","48,000,000","48,000,000",,"52,000,000","49,090,909","48,000,000",,"50,000,000","50,000,000","49,722,000",,"50,000,000","60,000,000","60,000,000",,"49,650,000","50,064,000","50,064,000",,"43,596,000","32,034,000","42,804,000",,"44,550,000","44,550,000","44,550,000",,"40,920,000","40,920,000","40,920,000",,"28,320,000"
DilutedAverageShares,,"56,363,000","57,084,000","56,939,000","56,673,000","55,966,000","55,087,000","55,100,000","54,957,000","55,398,000","55,700,000","55,663,000","55,660,000","55,601,000","55,689,000","55,577,000","55,576,000","55,573,000","55,654,000","56,810,000","57,299,000","57,103,000","57,243,000","57,022,000","57,022,000","57,051,000","57,047,000","56,966,000","56,965,000","56,918,000",,"56,868,000","56,867,000","56,460,000","57,141,000","56,226,000","55,845,000","55,854,000",,"55,740,000","55,722,000","55,395,000",,"55,740,000","55,737,000","55,335,000",,"54,822,000","54,966,000","56,148,000",,"56,262,000","55,905,000","54,510,000",,"51,051,000","51,732,000","51,510,000",,"50,802,000","50,625,000","50,220,000",,"49,488,000","49,584,000","49,608,000",,"48,660,000","48,300,000","48,120,000",,"60,240,000","60,288,000","59,808,000",,"57,030,000","56,118,000","55,824,000",,"55,212,000","54,492,000","53,946,000",,"53,964,000","53,988,000","54,216,000",,"61,854,000","62,028,000","62,100,000",,"70,000,000","60,000,000","60,948,000",,"67,500,000","68,571,429","60,000,000",,"51,428,571","50,000,000","52,500,000",,"49,090,909","60,000,000","60,000,000",,"54,545,455","52,500,000","46,666,667",,"49,090,909","48,000,000","49,938,000",,"49,714,286","48,000,000","48,000,000",,"52,000,000","49,090,909","48,000,000",,"50,000,000","50,000,000","49,722,000",,"50,000,000","60,000,000","60,000,000",,"49,650,000","50,064,000","50,064,000",,"43,596,000","32,034,000","42,804,000",,"44,550,000","44,550,000","44,550,000",,"40,920,000","40,920,000","40,920,000",,"28,320,000"
TotalOperatingIncomeAsReported,"631,383,000","122,564,000","138,620,000","233,482,000","136,717,000","121,173,000","93,227,000","86,672,000","39,118,000","105,414,000","152,030,000","121,345,000","139,607,000","101,061,000","139,987,000","107,677,000","111,310,000","86,992,000","68,869,000","118,257,000","122,136,000","101,079,000","126,498,000","121,439,000","111,913,000","86,375,000","72,633,000","80,030,000","83,360,000","66,580,000","82,295,000","86,465,000","75,739,000","55,933,000","74,454,000","67,488,000","60,325,000","42,195,000","58,657,000","47,429,000","45,338,000","36,660,000","44,912,000","37,186,000","35,248,000","31,364,000","34,613,000","32,011,000","29,729,000","26,435,000","28,331,000","28,074,000","26,945,000","28,091,000","30,157,000","30,953,000","32,492,000","26,016,000","27,501,000","25,424,000","21,202,000","18,806,000","20,453,000","21,021,000","20,279,000","15,148,000","13,348,000","16,284,000","16,337,000","12,003,000","920,000","12,582,000","14,653,000","10,104,000","8,980,000","9,986,000","9,644,000","6,407,000","7,867,000","8,947,000","8,196,000","4,721,000","1,875,000","2,307,000","2,248,000","951,000","2,939,000","3,982,000","2,285,000","2,644,000","1,600,000","2,000,000","2,400,000","1,700,000","-2,000,000","1,400,000","2,000,000","1,600,000","3,400,000","3,000,000","3,700,000","3,100,000","2,200,000","2,200,000","1,400,000","2,600,000","2,900,000","2,700,000","2,200,000","2,500,000","2,700,000","2,500,000","2,300,000","1,300,000","0","-200,000","1,700,000",,"1,000,000","1,600,000","1,100,000","1,500,000","-1,300,000","1,100,000","800,000",,"2,200,000","1,700,000","2,700,000","1,800,000",,,,,,,,,,,,,,,,,,
TotalExpenses,"2,957,004,000","870,237,000","722,737,000","693,272,000","670,758,000","637,141,000","620,630,000","540,590,000","430,675,000","571,211,000","646,761,000","598,446,000","619,156,000","585,399,000","615,598,000","593,543,000","552,377,000","496,115,000","503,476,000","470,568,000","457,755,000","427,493,000","467,940,000","451,636,000","462,153,000","429,374,000","433,320,000","368,974,000","352,931,000","340,016,000","352,700,000","324,343,000","349,037,000","316,545,000","302,966,000","292,525,000","303,476,000","285,256,000","232,955,000","210,270,000","214,702,000","192,163,000","198,848,000","181,534,000","175,607,000","151,208,000","172,620,000","145,782,000","143,683,000","134,248,000","124,162,000","125,915,000","131,656,000","153,455,000","120,863,000","135,519,000","141,021,000","134,867,000","118,032,000","110,572,000","92,046,000","86,889,000","77,841,000","82,218,000","84,570,000","81,601,000","63,582,000","64,653,000","67,575,000","62,886,000","66,086,000","58,038,000","58,260,000","50,630,000","48,868,000","49,268,000","53,951,000","48,360,000","46,593,000","48,732,000","54,282,000","49,770,000","23,923,000","23,407,000","23,045,000","22,910,000","28,050,000","27,069,000","30,090,000","29,830,000","29,900,000","30,000,000","34,100,000","30,700,000","35,700,000","32,500,000","31,600,000","29,500,000","34,300,000","32,900,000","38,400,000","29,600,000","33,000,000","29,200,000","35,800,000","35,700,000","31,500,000","32,500,000","32,400,000","32,500,000","29,300,000","29,800,000","31,400,000","30,600,000","32,900,000","32,100,000","30,100,000","25,000,000","25,800,000","26,200,000","26,700,000","26,000,000","25,900,000","25,400,000","24,900,000",,"23,900,000","24,700,000","28,100,000","27,900,000",,,,,,,,,,,,,,,,,,
NetIncomeFromContinuingAndDiscontinuedOperation,"484,984,000","85,755,000","102,678,000","175,966,000","120,585,000","89,263,000","51,837,000","60,516,000","21,162,000","73,779,000","108,997,000","82,020,000","92,210,000","69,013,000","94,839,000","72,905,000","83,988,000","65,420,000","75,186,000","74,671,000","77,569,000","70,702,000","80,936,000","75,851,000","72,891,000","54,538,000","50,287,000","48,825,000","54,267,000","38,231,000","51,749,000","59,713,000","48,405,000","33,445,000","49,921,000","40,942,000","37,163,000","25,902,000","37,788,000","29,769,000","31,045,000","22,095,000","34,559,000","23,461,000","19,628,000","17,825,000","20,994,000","20,602,000","17,509,000","13,762,000","17,874,000","15,501,000","13,714,000","14,067,000","17,313,000","16,290,000","17,117,000","13,181,000","15,256,000","14,056,000","12,582,000","10,720,000","11,059,000","12,177,000","11,090,000","8,051,000","7,233,000","9,628,000","8,969,000","6,348,000","-660,000","10,368,000","8,289,000","5,591,000","5,841,000","5,651,000","4,597,000","2,609,000","3,425,000","4,337,000","2,814,000","714,000","-681,000","1,092,000","676,000","549,000","1,299,000","1,343,000","641,000","490,000","-400,000","-700,000","400,000","-400,000","-4,400,000","-900,000","800,000","500,000","1,600,000","1,200,000","1,000,000","1,400,000","600,000","-900,000",,"800,000","1,100,000","1,000,000","700,000","700,000","1,300,000","900,000","800,000","100,000","-800,000","5,800,000",,"-1,600,000","-600,000",,"-900,000","-400,000","-2,600,000","-1,000,000","-1,500,000",,"-500,000","-500,000","200,000","-200,000",,,,,,,,,,,,,,,,,,
NormalizedIncome,"405,185,549.346","87,185,625","106,498,060.465","92,748,742","121,749,306","89,069,720","63,936,531.976","66,101,247","22,889,544","74,417,010","100,379,461.832","85,280,156","93,857,135","69,275,998","95,642,952.249","81,915,584","87,363,160","66,698,215","111,494,400","77,463,316","77,202,936","72,007,825","82,569,593.321","76,630,022","77,140,350","54,941,596","71,135,868.097","48,825,000","54,267,000","38,231,000","51,749,000","54,941,092","48,405,000","33,445,000","49,921,000","40,942,000","37,163,000","25,902,000","37,788,000","31,744,028.434","30,775,358.163","22,935,621.134","33,570,929.44","23,179,090.347","20,629,295.137","17,727,000.611","20,690,422.31","20,518,780.437","17,650,289.66","13,985,600","17,540,188.987","15,417,438.302","14,013,000","14,251,600","17,715,916.922","16,804,070.911","17,481,650","13,413,648.317","15,347,200","13,850,600","12,196,443.309","10,655,081.782","11,134,600","12,153,823.611","11,191,191.727","7,995,200","7,287,777.011","9,836,708.122","8,931,174.138","6,224,329.75","7,730,425.532","10,323,899.249","8,337,125.408","5,710,076.206","6,118,213.235","5,508,408.275","4,660,600","2,648,600","3,644,184.011","4,623,093.437","2,974,800","847,200","-510,000","1,040,400","914,800","667,800","1,615,200","1,604,000","794,000","661,600","-280,000","140,000","580,000","700,000","-2,284,615.385","630,000","866,666.667","562,500","1,600,000","1,200,000","1,600,000","1,400,000","942,857.143","700,000",,"866,666.667","2,300,000","1,142,857.143","630,000","827,272.727","1,578,571.429","1,038,461.538","872,727.273","220,000","-920,000","-1,572,881.356",,"-1,480,000","-480,000",,"-660,000","-220,000","-2,900,000","-820,000","-1,320,000",,"-320,000","-250,000","466,666.667","-66,666.667",,,,,,,,,,,,,,,,,,
InterestExpense,"58,744,000","17,654,000","13,676,000","13,192,000","14,222,000","16,067,000","22,736,000","18,418,000","21,750,000","15,713,000","19,275,000","20,846,000","21,968,000","20,520,000","20,372,000","19,143,000","10,404,000","8,823,000","7,926,000","6,550,000","5,702,000","5,805,000","6,105,000","6,440,000","6,059,000","5,276,000","4,946,000","4,224,000","4,048,000","3,749,000","3,541,000","3,895,000","4,169,000","3,987,000","4,172,000","4,249,000","4,046,000","3,434,000","2,192,000","2,988,000","1,967,000","2,091,000","2,000,000","2,324,000","2,119,000","2,060,000","1,694,000","2,177,000","2,246,000","2,475,000","2,794,000","2,797,000","2,857,000",,,,,,,,,,,,,,,,,,,,,,,,,,,,,,,,,,,,,,,,,,,,,,,,,,,,,,,,,,,,,,,,,,,,,,,,,,,,,,,,,,,,,,,,,,,,,,,
NetInterestIncome,"-58,744,000","-17,654,000","-13,676,000","-13,192,000","-14,222,000","-16,067,000","-22,736,000","-18,418,000","-21,750,000","-15,713,000","-19,275,000","-20,846,000","-21,968,000","-20,520,000","-20,372,000","-19,143,000","-10,404,000","-8,823,000","-7,926,000","-6,550,000","-5,702,000","-5,805,000","-6,105,000","-6,440,000","-6,059,000","-5,276,000","-4,946,000","-4,224,000","-4,048,000","-3,749,000","-3,541,000","-3,895,000","-4,169,000","-3,987,000","-4,172,000","-4,249,000","-4,046,000","-3,434,000","-2,192,000","-2,988,000","-1,967,000","-2,091,000","-2,000,000","-2,324,000","-2,119,000","-2,060,000","-1,694,000","-2,177,000","-2,246,000","-2,475,000","-2,794,000","-2,797,000","-2,857,000","-3,146,000",,"-3,168,000",,,,,"-1,273,000",,"-1,487,000",,,,"-1,374,000",,"-1,698,000",,,,,"-897,000","-1,145,000","-1,410,000",,,,,"-3,024,000",,,,,,"-53,000",,,,,,,,,"-700,000",,,,,,,,"-1,100,000",,,,,,,,,,,,,,"-1,400,000",,,,,,,,,,,"-2,000,000",,,,,,,,,,,,,,,,,,,
EBIT,"672,443,000","130,019,000","149,655,000","244,051,000","148,718,000","134,237,000","88,880,000","97,115,000","48,502,000","112,177,000","160,493,000","127,076,000","147,424,000","110,235,000","148,601,000","117,162,000","120,968,000","95,524,000","69,141,000","119,325,000","121,834,000","99,212,000","123,972,000","118,287,000","115,751,000","87,175,000","74,300,000","78,089,000","83,726,000","62,019,000","80,298,000","85,472,000","75,544,000","55,068,000","73,672,000","66,094,000","59,934,000","41,982,000","57,903,000","44,664,000","45,718,000","35,393,000","46,175,000","37,610,000","33,640,000","31,526,000","35,096,000","32,132,000","29,509,000","26,091,000","28,817,000","28,211,000","26,485,000","28,091,000","30,157,000","30,953,000","32,492,000","26,016,000","27,501,000","25,424,000","21,202,000","18,806,000","20,453,000","21,021,000","20,279,000","15,148,000","13,348,000","16,284,000","16,337,000","12,003,000","-967,000","12,582,000","14,653,000","10,102,000","8,918,000","9,986,000","9,644,000","6,407,000","7,867,000","8,947,000","8,196,000","4,721,000","1,875,000","2,307,000","2,248,000","1,837,000","2,939,000","3,982,000","2,285,000","2,644,000","1,600,000","2,000,000","2,400,000","1,700,000","-2,000,000","1,400,000","2,000,000","1,600,000","3,400,000","3,000,000","3,700,000","3,100,000","2,200,000","2,200,000","1,400,000","2,600,000","2,900,000","2,700,000","2,200,000","2,500,000","2,700,000","2,500,000","2,300,000","1,300,000","0","-200,000","1,700,000","0","1,000,000","1,600,000","1,100,000","1,500,000","-1,300,000","1,100,000","800,000","26,300,000","2,200,000","1,700,000","2,700,000","1,800,000","-43,600,000","28,200,000","9,100,000","11,500,000","-18,700,000","6,900,000","16,800,000","9,200,000","-17,300,000","7,100,000","8,600,000","6,400,000","-17,800,000","6,200,000","6,100,000","6,200,000","-18,300,000","7,000,000"
EBITDA,"813,996,000"
ReconciledCostOfRevenue,"2,237,914,000","664,166,000","550,783,000","517,918,000","505,047,000","482,184,000","473,313,000","411,776,000","318,851,000","427,269,000","497,948,000","453,986,000","474,525,000","429,490,000","476,084,000","452,171,000","417,369,000","373,167,000","392,695,000","364,524,000","344,735,000","320,847,000","357,640,000","342,496,000","346,954,000","319,582,000","335,835,000","271,822,000","263,402,000","249,034,000","265,940,000","241,909,000","258,602,000","229,502,000","226,689,000","218,575,000","227,227,000","206,183,000","178,367,000","157,254,000","158,224,000","141,340,000","144,108,000","131,402,000","125,518,000","110,742,000","124,140,000","107,106,000","103,988,000","97,210,000","94,012,000","91,952,000","97,261,000","112,776,000","93,525,000","101,735,000","106,505,000","101,981,000","90,555,000","84,600,000","68,362,000","64,590,000","59,243,000","62,664,000","63,122,000","61,225,000","47,411,000","48,461,000","51,326,000","47,817,000","40,854,000","44,226,000","44,120,000","37,556,000","36,269,000","36,621,000","40,945,000","35,715,000","35,838,000","37,215,000","40,957,000","36,598,000","19,186,000","16,469,000","17,059,000","15,690,000","17,088,000","19,231,000","21,410,000","20,312,000","20,600,000","20,900,000","24,700,000","21,900,000","25,800,000","23,900,000","22,300,000","21,000,000","25,300,000","24,100,000","28,500,000","21,500,000","22,800,000","21,800,000","26,800,000","27,400,000","22,800,000","24,400,000","24,300,000","24,600,000","21,600,000","22,700,000","23,600,000","23,300,000","25,600,000","23,100,000","21,700,000","17,900,000","18,000,000","18,300,000","19,900,000","18,000,000","15,700,000","17,600,000","18,200,000",,"16,900,000","17,400,000","20,300,000","20,500,000",,,,,,,,,,,,,,,,,,
ReconciledDepreciation,"141,553,000","46,742,000","34,571,000","30,630,000","29,610,000","30,432,000","28,938,000","27,384,000","27,611,000","26,599,000","8,910,000","33,252,000","35,752,000","25,514,000","30,783,000","27,833,000","18,598,000","20,024,000","20,498,000","16,961,000","18,258,000","14,057,000","13,825,000","13,169,000","16,310,000","14,930,000","20,091,000","11,823,000","10,928,000","11,232,000","9,318,000","10,620,000","10,793,000","10,521,000","8,147,000","9,200,000","11,794,000","14,023,000","6,213,000","7,101,000","6,542,000","7,047,000","5,041,000","5,334,000","5,286,000","4,047,000","5,358,000","3,849,000","3,891,000","3,916,000","4,015,000","3,798,000","2,870,000","5,205,000","2,134,000","3,394,000","3,329,000","3,533,000","1,510,000","2,103,000","1,429,000","1,318,000","1,218,000","1,210,000","1,177,000","1,256,000","957,000","797,000","871,000","929,000","854,000","818,000","974,000","966,000","944,000","970,000","1,166,000","910,000","1,084,000","1,485,000","1,847,000","1,864,000","841,000","886,000","969,000","886,000","850,000","923,000","940,000","948,000","600,000","900,000","1,100,000","900,000","1,200,000","600,000","700,000","700,000","800,000","700,000","800,000","700,000","1,400,000","200,000","500,000","700,000","1,200,000","700,000","800,000","700,000","500,000","600,000","700,000","600,000","700,000","700,000","900,000","800,000","800,000","900,000","1,100,000","1,100,000","1,100,000","1,000,000",,,"1,000,000","1,000,000","1,100,000","1,000,000",,,,,,,,,,,,,,,,,,
NetIncomeFromContinuingOperationNetMinorityInterest,"484,984,000","85,755,000","102,678,000","175,966,000","120,585,000","89,263,000","51,837,000","60,516,000","21,162,000","73,779,000","108,997,000","82,020,000","92,210,000","69,013,000","94,839,000","72,905,000","83,988,000","65,420,000","75,186,000","74,671,000","77,569,000","70,702,000","80,936,000","75,851,000","72,891,000","54,538,000","50,287,000","48,825,000","54,267,000","38,231,000","51,749,000","59,713,000","48,405,000","33,445,000","49,921,000","40,942,000","37,163,000","25,902,000","37,788,000","29,769,000","31,045,000","22,095,000","34,559,000","23,461,000","19,628,000","17,825,000","20,994,000","20,602,000","17,509,000","13,762,000","17,874,000","15,501,000","13,714,000","14,067,000","17,313,000","16,290,000","17,117,000","13,181,000","15,256,000","14,056,000","12,582,000","10,720,000","11,059,000","12,177,000","11,090,000","8,051,000","7,233,000","9,628,000","8,969,000","6,348,000","-660,000","10,368,000","8,289,000","5,591,000","5,841,000","5,651,000","4,597,000","2,609,000","3,425,000","4,337,000","2,814,000","714,000","-681,000","1,092,000","676,000","549,000","1,299,000","1,343,000","641,000","490,000","-400,000","-700,000","400,000","-400,000","-4,400,000","-900,000","800,000","500,000","1,600,000","1,200,000","1,600,000","1,400,000","1,100,000","700,000",,"800,000","1,100,000","1,000,000","700,000","700,000","1,300,000","900,000","800,000","100,000","-800,000","5,800,000",,"-1,600,000","-600,000",,"-900,000","-400,000","-2,600,000","-1,000,000","-1,500,000",,"-500,000","-500,000","200,000","-200,000",,,,,,,,,,,,,,,,,,
TotalUnusualItemsExcludingGoodwill,"100,977,000","-1,875,000","-5,059,000","109,209,000","-1,298,000","256,000","-15,439,000","-7,263,000","-2,184,000","-834,000","11,165,000","-4,223,000","-2,241,000","-342,000","-1,087,000","-12,111,000","-4,441,000","-1,693,000","-60,514,000","-4,218,000","548,000","-1,725,000","-2,379,000","-1,149,000","-6,390,000","-606,000","-28,754,000","0",,,"0","6,519,000",,,,,,,,"-2,765,000","380,000","-1,267,000","1,263,000","424,000","-1,608,000","162,000","483,000","121,000","-220,000","-344,000","486,000","137,000","-460,000","-284,000","-616,000","-850,000","-561,000","-387,000","-152,000","316,000","630,000","107,000","-126,000","37,000","-165,000","93,000","-90,000","-312,000","62,000","203,000","-11,950,000","51,000","-80,000","-192,000","-355,000","222,000","-106,000","-66,000","-329,000","-389,000","-268,000","-222,000","-285,000","86,000","-398,000","-198,000","-527,000","-435,000","-255,000","-286,000","-200,000","-1,400,000","-300,000","-1,100,000","-2,500,000","-1,700,000","-100,000","-100,000",,,,,"200,000",,,"-100,000","-1,200,000","-200,000","100,000","-200,000","-300,000","-200,000","-100,000","-200,000","200,000","7,500,000",,"-200,000","-200,000",,"-400,000","-300,000","500,000","-300,000","-300,000",,"-300,000","-300,000","-400,000","-200,000",,,,,,,,,,,,,,,,,,
TotalUnusualItems,"100,977,000","-1,875,000","-5,059,000","109,209,000","-1,298,000","256,000","-15,439,000","-7,263,000","-2,184,000","-834,000","11,165,000","-4,223,000","-2,241,000","-342,000","-1,087,000","-12,111,000","-4,441,000","-1,693,000","-60,514,000","-4,218,000","548,000","-1,725,000","-2,379,000","-1,149,000","-6,390,000","-606,000","-28,754,000","0",,,"0","6,519,000",,,,,,,,"-2,765,000","380,000","-1,267,000","1,263,000","424,000","-1,608,000","162,000","483,000","121,000","-220,000","-344,000","486,000","137,000","-460,000","-284,000","-616,000","-850,000","-561,000","-387,000","-152,000","316,000","630,000","107,000","-126,000","37,000","-165,000","93,000","-90,000","-312,000","62,000","203,000","-11,950,000","51,000","-80,000","-192,000","-355,000","222,000","-106,000","-66,000","-329,000","-389,000","-268,000","-222,000","-285,000","86,000","-398,000","-198,000","-527,000","-435,000","-255,000","-286,000","-200,000","-1,400,000","-300,000","-1,100,000","-2,500,000","-1,700,000","-100,000","-100,000",,,,,"200,000",,,"-100,000","-1,200,000","-200,000","100,000","-200,000","-300,000","-200,000","-100,000","-200,000","200,000","7,500,000",,"-200,000","-200,000",,"-400,000","-300,000","500,000","-300,000","-300,000",,"-300,000","-300,000","-400,000","-200,000",,,,,,,,,,,,,,,,,,
NormalizedEBITDA,"713,019,000","178,636,000","189,285,000","165,472,000","179,626,000","164,413,000","133,257,000","131,762,000","78,297,000","139,610,000","158,238,000","164,551,000","185,417,000","136,091,000","180,471,000","157,106,000","144,007,000","117,241,000","150,153,000","140,504,000","139,544,000","114,994,000","140,176,000","132,605,000","138,451,000","102,711,000","123,145,000","89,912,000","94,654,000","73,251,000","89,616,000","89,573,000","86,337,000","65,589,000","81,819,000","75,294,000","71,728,000","56,005,000","64,116,000","54,530,000","51,880,000","43,707,000","49,953,000","42,520,000","40,534,000","35,411,000","39,971,000","35,860,000","33,620,000","30,351,000","32,346,000","31,872,000","29,815,000","33,580,000","32,907,000","35,197,000","36,382,000","29,936,000","29,163,000","27,211,000","22,001,000","20,017,000","21,797,000","22,194,000","21,621,000","16,311,000","14,395,000","17,393,000","17,146,000","12,729,000","11,837,000","13,349,000","15,707,000","11,260,000","10,217,000","10,734,000","10,916,000","7,383,000","9,280,000","10,821,000","10,311,000","6,807,000","3,001,000","3,107,000","3,615,000","2,921,000","4,316,000","5,340,000","3,480,000","3,878,000","2,400,000","4,300,000","3,800,000","3,700,000","1,700,000","3,700,000","2,800,000","2,400,000","4,200,000","3,700,000","4,500,000","3,800,000","3,400,000","2,400,000","1,900,000","3,400,000","5,300,000","3,600,000","2,900,000","3,400,000","3,500,000","3,300,000","3,100,000","2,100,000","500,000","-6,900,000","2,600,000","1,000,000","2,000,000","2,500,000","2,600,000","2,900,000","-700,000","2,500,000","1,100,000","26,300,000","3,500,000","3,000,000","4,200,000","3,000,000","-43,600,000","28,200,000","9,100,000","11,500,000","-18,700,000","6,900,000","16,800,000","9,200,000","-17,300,000","7,100,000","8,600,000","6,400,000","-17,800,000","6,200,000","6,100,000","6,200,000","-18,300,000","7,000,000"
TaxRateForCalcs,"0.21","0.237","0.245","0.238","0.103","0.245","0.216","0.231","0.209","0.235","0.228","0.228","0.265","0.231","0.26","0.256","0.24","0.245","0.4","0.338","0.332","0.243","0.313","0.322","0.335","0.334","0.275","0.339","0.319","0.344","0.326","0.268","0.322","0.345","0.282","0.338","0.335","0.328","0.322","0.286","0.29","0.337","0.218","0.335","0.377","0.395","0.371","0.312","0.358","0.35","0.313","0.39","0.35","0.35","0.346","0.395","0.35","0.399","0.4","0.35","0.388","0.393","0.4","0.374","0.387","0.4","0.391","0.331","0.39","0.391","0.298","0.135","0.398","0.38","0.219","0.358","0.4","0.4","0.334","0.265","0.4","0.4","0.4","0.4","0.4","0.4","0.4","0.4","0.4","0.4","0.4","0.4","0.4","0","0.154","0.1","0.333","0.375","0.158","0.333","0.36","0.333","0.214","0.364",,"0.333","0","0.286","0.3","0.364","0.071","0.308","0.273","0.4","0.4","0.017",,"0.4","0.4",,"0.4","0.4","0.4","0.4","0.4",,"0.4","0.167","0.333","0.333",,,,,,,,,,,,,,,,,,
TaxEffectOfUnusualItems,"21,178,549.346","-444,375","-1,238,939.535","25,991,742","-133,694","62,720","-3,339,468.024","-1,677,753","-456,456","-195,990","2,547,461.832","-962,844","-593,865","-79,002","-283,047.751","-3,100,416","-1,065,840","-414,785","-24,205,600","-1,425,684","181,936","-419,175","-745,406.679","-369,978","-2,140,650","-202,404","-7,905,131.903","0","0","0","0","1,747,092","0","0","0","0","0","0","0","-789,971.566","110,358.163","-426,378.866","274,929.44","142,090.347","-606,704.863","64,000.611","179,422.31","37,780.437","-78,710.34","-120,400","152,188.987","53,438.302","-161,000","-99,400","-213,083.078","-335,929.089","-196,350","-154,351.683","-60,800","110,600","244,443.309","42,081.782","-50,400","13,823.611","-63,808.273","37,200","-35,222.989","-103,291.878","24,174.138","79,329.75","-3,559,574.468","6,899.249","-31,874.592","-72,923.794","-77,786.765","79,408.275","-42,400","-26,400","-109,815.989","-102,906.563","-107,200","-88,800","-114,000","34,400","-159,200","-79,200","-210,800","-174,000","-102,000","-114,400","-80,000","-560,000","-120,000","0","-384,615.385","-170,000","-33,333.333","-37,500","0","0","0","0","42,857.143","0",,"-33,333.333","0","-57,142.857","30,000","-72,727.273","-21,428.571","-61,538.462","-27,272.727","-80,000","80,000","127,118.644",,"-80,000","-80,000",,"-160,000","-120,000","200,000","-120,000","-120,000",,"-120,000","-50,000","-133,333.333","-66,666.667",,,,,,,,,,,,,,,,,,