name,ttm,03/31/2022,12/31/2021,09/30/2021,06/30/2021,03/31/2021,12/31/2020,09/30/2020,06/30/2020,03/31/2020,12/31/2019,09/30/2019,06/30/2019,03/31/2019,12/31/2018,09/30/2018,06/30/2018,03/31/2018,12/31/2017,09/30/2017,06/30/2017,03/31/2017,12/31/2016,09/30/2016,06/30/2016,03/31/2016,12/31/2015,09/30/2015,06/30/2015,03/31/2015,12/31/2014,09/30/2014,06/30/2014,03/31/2014,12/31/2013,09/30/2013,06/30/2013,03/31/2013,12/31/2012,09/30/2012,06/30/2012,03/31/2012,12/31/2011,09/30/2011,06/30/2011,03/31/2011,12/31/2010,09/30/2010,06/30/2010,03/31/2010,12/31/2009,09/30/2009,06/30/2009,03/31/2009,12/31/2008,09/30/2008,06/30/2008,03/31/2008,12/31/2007,09/30/2007,06/30/2007,03/31/2007,12/31/2006,09/30/2006,06/30/2006,03/31/2006,12/31/2005,09/30/2005,06/30/2005,03/31/2005,12/31/2004,09/30/2004,06/30/2004,03/31/2004,12/31/2003,09/30/2003,06/30/2003,03/31/2003,12/31/2002,09/30/2002,06/30/2002,03/31/2002,12/31/2001,09/30/2001,06/30/2001,03/31/2001,12/31/2000,09/30/2000,06/30/2000,03/31/2000,12/31/1999,09/30/1999,06/30/1999,03/31/1999,12/31/1998,09/30/1998,06/30/1998,03/31/1998,12/31/1997,09/30/1997,06/30/1997,03/31/1997,12/31/1996,09/30/1996,06/30/1996,03/31/1996,12/31/1995,09/30/1995,06/30/1995,03/31/1995,12/31/1994,09/30/1994,06/30/1994,03/31/1994,12/31/1993,09/30/1993,06/30/1993,03/31/1993,12/31/1992,09/30/1992,06/30/1992,03/31/1992,12/31/1991,09/30/1991,06/30/1991,03/31/1991,12/31/1990,09/30/1990,06/30/1990,03/31/1990,12/31/1989,09/30/1989,06/30/1989,03/31/1989,12/31/1988,09/30/1988,06/30/1988,03/31/1988,12/31/1987
TotalRevenue,"132,235,000","34,714,000","32,473,000","33,271,000","31,778,000","28,773,000","25,976,000","30,638,000","25,413,000","23,192,000","22,067,000","25,018,000","21,906,000","19,983,000","17,683,000","21,037,000","16,109,000","14,277,000","12,136,000","12,904,000","11,798,000","11,419,000","9,269,000","9,670,000","9,105,000","8,522,000","7,404,442","7,865,852","6,439,995","5,672,326","5,389,322","5,543,959","4,659,724","4,484,138","4,462,524","4,387,231","3,882,027","3,224,262","3,309,664","1,219,732","3,161,729","1,191,737","3,519,484","3,040,139","2,953,918","2,868,357","1,403,562","1,620,435","822,490","1,516,965","1,159,011","804,146","914,738","888,283","1,011,448","1,023,843","1,681,490","1,260,516","1,263,599","1,371,089","1,458,578","1,301,441","1,438,832","1,346,299","1,698,937","1,455,208","1,520,662","2,039,704","1,481,920","1,771,799","1,300,422","539,883","987,468","2,018,000","1,694,882","1,723,083","3,041,738","3,858,144","2,971,097","3,852,120","2,762,731","3,076,732","3,358,792","2,665,891","2,798,362","1,760,421","2,049,515","492,914","3,535,734","2,594,208","2,700,000","3,000,000","2,400,000","2,100,000","2,200,000","2,000,000","1,700,000","1,500,000","1,300,000","1,100,000","700,000","1,900,000","1,100,000","2,300,000","2,100,000","1,900,000","1,800,000","1,700,000","1,600,000","1,400,000","1,900,000","1,900,000","2,200,000","3,000,000","3,100,000","2,800,000","2,400,000","4,300,000","3,600,000","3,500,000","3,900,000","5,200,000","6,000,000","6,800,000","6,400,000","6,800,000","7,100,000","8,200,000","6,500,000","4,400,000","4,000,000","4,600,000","4,500,000","4,500,000","4,500,000","2,700,000","2,600,000","2,600,000","2,600,000"
	OperatingRevenue,"132,235,000","34,714,000","32,473,000","33,271,000","31,778,000","28,773,000","25,976,000","30,638,000","25,413,000","23,192,000","22,067,000","25,018,000","21,906,000","19,983,000","17,683,000","21,037,000","16,109,000","14,277,000","12,136,000","12,904,000","11,798,000","11,419,000","9,269,000","9,670,000","9,105,000","8,522,000","7,404,442","7,865,852","6,439,995","5,672,326","5,389,322","5,543,959","4,659,724","4,484,138","4,462,524","4,387,231","3,882,027","3,224,262","3,309,664","1,219,732","3,161,729","1,191,737","3,519,484","3,040,139","2,953,918","2,868,357","1,403,562","1,620,435","822,490","1,516,965","1,159,011","804,146","914,738","888,283","1,011,448","1,023,843","1,681,490","1,260,516","1,263,599","1,371,089","1,458,578","1,301,441","1,438,832","1,346,299","1,698,937","1,455,208","1,520,662","2,039,704","1,481,920","1,771,799","1,300,422","539,883","987,468","2,018,000","1,694,882","1,723,083","3,041,738","3,858,144","2,971,097","3,852,120","2,762,731","3,076,732","3,358,792","2,665,891","2,798,362","1,760,421","2,049,515","492,914","3,535,734","2,594,208","2,700,000","3,000,000","2,400,000","2,100,000","2,200,000","2,000,000","1,700,000","1,500,000","1,300,000","1,100,000","700,000","1,900,000","1,100,000","2,300,000","2,100,000","1,900,000","1,800,000","1,700,000","1,600,000","1,400,000","1,900,000","1,900,000","2,200,000","3,000,000","3,100,000","2,800,000","2,400,000","4,300,000","3,600,000","3,500,000","3,900,000","5,200,000","6,000,000","6,800,000","6,400,000","6,800,000","7,100,000","8,200,000","6,500,000","4,400,000","4,000,000","4,600,000","4,500,000","4,500,000","4,500,000","2,700,000","2,600,000","2,600,000","2,600,000"
CostOfRevenue,"13,276,000","3,310,000","3,356,000","3,200,000","3,410,000","3,792,000","4,138,000","3,577,000","3,496,000","3,186,000","2,933,000","3,229,000","3,168,000","2,991,000","2,878,000","2,674,000","2,678,000","1,717,000","1,617,000","1,138,000","1,182,000","830,000","891,000","940,000","793,000","720,000","942,379","824,813","591,330","557,653","497,401","520,428","607,586","449,214","570,697","377,067","469,445","417,092","339,996","292,694","359,220","309,737","302,269","270,265","437,696","256,074","207,699","211,622","203,244","182,112","353,166","150,980","187,741","141,573","218,902","246,078","381,429","142,648","199,263","109,554","215,168","108,318","178,744","204,085","364,962","225,487","431,275","386,214","330,720","57,538","224,156","-978,554","697,728","780,000","1,103,620","1,444,959","1,823,812","1,466,908","1,102,785","232,923","896,153","923,600","866,871","-38,435","952,248","481,562","488,241","876,352","1,062,687","525,375","500,000","500,000","400,000","300,000","500,000","700,000","300,000","500,000","400,000","600,000","200,000","300,000","300,000","500,000","800,000","600,000","800,000","800,000","500,000","600,000",,"1,100,000","1,300,000",,"1,800,000","1,800,000","1,600,000","2,600,000","2,400,000",,,,"3,700,000","4,100,000","3,800,000","4,000,000",,"4,800,000","4,200,000",,,,,,,,,,
GrossProfit,"118,959,000","31,404,000","29,117,000","30,071,000","28,368,000","24,981,000","21,838,000","27,061,000","21,917,000","20,006,000","19,134,000","21,789,000","18,738,000","16,992,000","14,805,000","18,363,000","13,431,000","12,560,000","10,519,000","11,766,000","10,616,000","10,589,000","8,378,000","8,730,000","8,312,000","7,802,000","6,462,063","7,041,039","5,848,665","5,114,673","4,891,921","5,023,531","4,052,138","4,034,924","3,891,827","4,010,164","3,412,582","2,807,170","2,969,668","927,038","2,802,509","882,000","3,217,215","2,769,874","2,516,222","2,612,283","1,195,863","1,408,813","619,246","1,334,853","805,845","653,166","726,997","746,710","792,546","777,765","1,300,061","1,117,868","1,064,336","1,261,535","1,243,410","1,193,123","1,260,088","1,142,214","1,333,975","1,229,721","1,089,387","1,653,490","1,151,200","1,714,261","1,076,266","1,518,437","289,740","1,238,000","591,262","278,124","1,217,926","2,391,236","1,868,312","3,619,197","1,866,578","2,153,132","2,491,921","2,704,326","1,846,114","1,278,859","1,561,274","-383,438","2,473,047","2,068,833","2,200,000","2,500,000","2,000,000","1,800,000","1,700,000","1,300,000","1,400,000","1,000,000","900,000","500,000","500,000","1,600,000","800,000","1,800,000","1,300,000","1,300,000","1,000,000","900,000","1,100,000","800,000",,"800,000","900,000",,"1,300,000","1,000,000","800,000","1,700,000","1,200,000",,,,"2,300,000","2,700,000","2,600,000","2,800,000",,"3,400,000","2,300,000",,,,,,,,,,
OperatingExpense,"89,006,000","23,515,000","22,009,000","22,771,000","20,712,000","20,939,000","18,608,000","19,298,000","18,786,000","17,477,000","17,228,000","15,205,000","16,672,000","16,869,000","17,538,000","17,106,000","13,140,000","12,622,000","11,572,000","9,343,000","9,502,000","8,847,000","8,532,000","7,353,000","7,065,000","6,630,000","6,260,595","5,527,330","4,803,080","4,628,179","4,758,047","5,088,545","5,702,578","6,246,447","5,372,675","5,486,599","5,470,233","5,206,556","4,335,734","3,952,084","4,821,910","3,742,669","3,193,262","2,993,146","2,190,734","2,042,071","1,611,893","1,136,418","1,174,575","1,237,267","1,004,182","980,253","811,980","983,439","1,463,408","1,066,257","1,260,254","1,338,963","1,348,856","1,230,387","1,158,698","1,403,769","1,552,739","1,303,763","1,387,173","1,165,863","1,257,107","1,014,303","648,859","2,261,798","1,876,723","1,675,329","1,707,746","2,051,000","1,675,155","1,913,947","2,174,599","2,362,040","1,804,882","2,342,696","2,202,863","2,284,229","2,114,643","1,876,253","180,480","1,809,842","1,712,434","2,239,402","2,242,286","1,731,671","1,600,000","1,600,000","1,600,000","1,400,000","1,400,000","1,000,000","1,300,000","1,200,000","1,600,000","1,600,000","1,500,000","1,400,000","1,100,000","1,300,000","1,100,000","1,000,000","1,000,000","900,000","1,200,000","1,000,000",,"2,300,000","900,000",,"1,200,000","1,400,000","1,300,000","1,400,000","1,300,000",,,,"1,900,000","1,900,000","2,300,000","2,300,000",,"2,500,000","2,500,000",,,,,,,,,,
	SellingGeneralAndAdministration,"57,977,000","15,279,000","14,403,000","14,530,000","13,766,000","14,248,000","12,443,000","10,979,000","13,675,000","12,658,000","12,618,000","10,628,000","12,009,000","11,579,000","13,050,000","12,375,000","8,979,000","9,121,000","8,292,000","6,417,000","6,850,000","6,446,000","6,081,000","5,019,000","5,125,000","4,816,000","4,553,848","3,846,779","3,449,795","3,240,351","3,602,905","3,814,695","4,113,057","4,615,819","3,847,101","3,713,314","3,494,213","3,565,203","2,932,981","1,844,055","2,891,868","2,011,990","2,014,156","1,967,724","1,452,366","1,399,089","1,022,556","639,462","682,956","729,897","497,727","492,514","402,077","552,247","890,916","728,911","827,811","838,006","817,969","763,238","721,922","908,385","1,050,833","988,302","1,085,878","760,573","930,432","700,301","172,294","1,914,883","1,506,695","2,553,189","1,063,656","1,393,000","1,166,095","1,352,621","1,618,354","1,809,927","1,232,762","3,065,850","1,200,141","1,776,649","1,652,046","2,347,213","928,414","1,373,887","1,209,442","1,543,442","1,423,655","1,162,137","1,000,000","1,100,000","1,100,000","1,000,000","1,000,000","700,000","800,000","800,000","900,000",,"900,000","900,000","700,000","800,000","800,000","600,000","600,000","600,000","800,000","600,000",,"1,900,000","500,000",,"900,000","1,000,000","1,000,000","1,100,000","1,100,000",,,,"1,700,000","1,800,000","2,000,000","2,000,000",,"2,200,000","2,400,000",,,,,,,,,,
		GeneralAndAdministrativeExpense,"23,751,000","6,073,000","5,965,000","6,081,000","5,633,000","5,718,000","5,058,000","5,902,000","5,884,000","5,210,000","5,288,000","4,118,000","5,074,000","4,827,000","5,842,000","6,538,000","3,239,000","3,773,000","3,517,000","2,962,000","3,363,000","2,742,000","2,243,000","2,038,000","2,185,000","2,263,000","2,090,874","1,901,404","1,804,025","1,811,708","2,164,839","2,585,962","2,302,973","2,668,246","1,997,200","2,004,212","2,032,316","2,147,806","1,668,929","640,689","2,027,405","1,299,953","1,163,228","1,189,014","784,573","834,193","623,244","330,388","458,184","498,622","333,163","319,823","268,737","362,230","529,875",,,,,,,,,,,,,,,,,,,,,,,,,,,,,,,,,,,,,,,,,,,,,,,,,,,,,,,,,,,,,,,,,,,,,,,,,,,,,,,,,,,,
			SalariesAndWages,,,,,,,,,,,,,,,,,,,,,,,,,,,,,,,,,,,,,,,,,"830,986",,,,,,,,,,,,,,,,,,,,,,,,,,,,,,,,,,,,,,,,,,,,,,,,,,,,,,,,,,,,,,,,,,,,,,,,,,,,,,,,,,,,,,,,,,,,,,,,,,
			OtherGandA,"23,751,000","6,073,000","5,965,000","6,081,000","5,633,000","5,718,000","5,058,000","5,902,000","5,884,000","5,210,000","5,288,000","4,118,000","5,074,000","4,827,000","5,842,000","6,538,000","3,239,000","3,773,000","3,517,000","2,962,000","3,363,000","2,742,000","2,243,000","2,038,000","2,185,000","2,263,000","2,090,874","1,901,404","1,804,025","1,811,708","2,164,839","2,585,962","2,302,973","2,668,246","1,997,200","2,004,212","2,032,316","2,147,806","1,668,929","2,624,559","1,196,419","1,299,953","1,163,228","1,189,014","784,573","834,193","623,244","330,388","458,184","498,622","333,163","319,823","268,737","362,230","529,875",,,,,,,,,,,,,,,,,,,,,,,,,,,,,,,,,,,,,,,,,,,,,,,,,,,,,,,,,,,,,,,,,,,,,,,,,,,,,,,,,,,,
		SellingAndMarketingExpense,"34,226,000","9,206,000","8,438,000","8,449,000","8,133,000","8,530,000","7,385,000","5,077,000","7,791,000","7,448,000","7,330,000","6,510,000","6,935,000","6,752,000","7,208,000","5,837,000","5,740,000","5,348,000","4,775,000","3,455,000","3,487,000","3,704,000","3,838,000","2,981,000","2,940,000","2,553,000","2,462,974","1,945,375","1,645,770","1,428,643","1,438,066","1,228,733","1,810,084","1,947,573","1,849,901","1,709,102","1,461,897","1,417,397","1,264,052","1,203,366","864,463","712,037","850,928","778,710","667,793","564,896","399,312","309,074","224,772","231,275","164,564","172,691","133,340","190,017","361,041",,,,,,,,,,,,,,,,,,,,,,,,,,,,,,,,,,,,,,,,,,,,,,,,,,,,,,,,,,,,,,,,,,,,,,,,,,,,,,,,,,,,
	ResearchAndDevelopment,"31,029,000","8,236,000","7,606,000","8,241,000","6,946,000","6,691,000","6,165,000","8,319,000","5,111,000","4,819,000","4,610,000","4,577,000","4,663,000","5,290,000","4,488,000","4,731,000","4,161,000","3,501,000","3,280,000","2,926,000","2,652,000","2,401,000","2,451,000","2,334,000","1,940,000","1,814,000","1,706,747","1,680,551","1,353,285","1,387,828","1,155,142","1,273,850","1,589,521","1,630,628","1,525,574","1,773,285","1,976,020","1,641,353","1,402,753","2,108,029","1,930,042","1,730,679","1,179,106","1,025,422","738,368","642,982","589,337","496,956","491,619","507,370","506,455","487,739","409,903","431,192","572,492","337,346","432,443","500,957","530,887","467,149","436,776","495,384","501,906","315,461","301,295","405,290","326,675","314,002","476,565","346,915","370,028","392,495","644,090","658,000","509,060","561,326","556,245","552,113","572,120","574,130","504,370","507,580","462,597","463,490","427,312","435,955","502,992","576,165","704,358","472,410","500,000","400,000","400,000","300,000","300,000","200,000","400,000","300,000","500,000","3,900,000","400,000","300,000","300,000","400,000","200,000","300,000","300,000","200,000","200,000","300,000",,"200,000","300,000",,,,,,,,,,,,,,,,,,,,,,,,,,
	DepreciationAmortizationDepletionIncomeStatement,,,,,,,,,,,,,,,,,,,,,,,,,,,,,,,,,,,,,,,,,,,,,,,,,,,,,,,,,,,,,,,,,,,,,,,,,,,,,,,,,,,,,,,,"119,795","114,273","97,124","100,000","100,000","100,000","100,000","100,000","100,000","100,000","100,000","200,000","300,000","200,000","200,000","100,000","100,000","100,000","100,000","100,000","100,000","200,000","100,000",,"200,000","100,000",,"300,000","400,000","300,000","300,000","200,000",,,,"200,000","100,000","300,000","300,000",,"300,000","100,000",,,,,,,,,,
		DepreciationAndAmortizationInIncomeStatement,,,,,,,,,,,,,,,,,,,,,,,,,,,,,,,,,,,,,,,,,,,,,,,,,,,,,,,,,,,,,,,,,,,,,,,,,,,,,,,,,,,,,,,,"119,795","114,273","97,124","100,000","100,000","100,000","100,000","100,000","100,000","100,000","100,000","200,000","300,000","200,000","200,000","100,000","100,000","100,000","100,000","100,000","100,000","200,000","100,000",,"200,000","100,000",,"300,000","400,000","300,000","300,000","200,000",,,,"200,000","100,000","300,000","300,000",,"300,000","100,000",,,,,,,,,,
	OtherOperatingExpenses,,,,,,,,,,,,,,,,,,,,,,,,,,,,,,,,,,,,,,,,,,,,,,,,,,,,,,,,,,,,,,,,,,,,,,,,,,,,,,,,,"498,352",,,,"-1,175,246",,,,,,,,,,,,,,,,,,,,,,,,,,,,,,,,,,,,,,,,,,,,,,,,,,,,,,
OperatingIncome,"29,953,000","7,889,000","7,108,000","7,300,000","7,656,000","4,042,000","3,230,000","7,763,000","3,131,000","2,529,000","1,906,000","6,584,000","2,066,000","123,000","-2,733,000","1,257,000","291,000","-62,000","-1,053,000","2,423,000","1,114,000","1,742,000","-154,000","1,377,000","1,247,000","1,172,000","201,468","1,513,709","1,045,585","486,494","133,874","-65,014","-1,650,440","-2,211,523","-1,480,848","-1,476,435","-2,057,651","-2,399,386","-1,366,066","-3,025,046","-2,019,401","-2,860,669","23,953","-223,272","325,488","570,212","-416,030","272,395","-555,329","97,586","-198,337","-327,087","-84,983","-236,729","-670,862","-288,492","39,807","-221,095","-284,520","31,148","84,712","-210,646","-292,651","-161,549","-53,198","63,858","-167,720","639,187","502,341","-547,537","-800,457","-156,892","-1,418,006","-813,000","-1,083,893","-1,635,823","-956,673","29,196","63,430","1,276,501","-336,285","-131,097","377,278","828,073","1,665,634","-530,983","-151,160","-2,622,840","230,761","337,162","600,000","900,000","400,000","400,000","300,000","300,000","100,000","-200,000","-700,000","-1,100,000","-1,000,000","200,000","-300,000","500,000","200,000","300,000","0","0","-100,000","-200,000","1,900,000","-1,500,000","0","3,000,000","100,000","-400,000","-500,000","300,000","-100,000","-14,600,000","3,900,000","5,200,000","400,000","800,000","300,000","500,000","7,100,000","900,000","-200,000","4,400,000","4,000,000","-12,500,000","4,500,000","4,500,000","4,500,000","-8,100,000","2,600,000","2,600,000","2,600,000"
NetNonOperatingInterestIncomeExpense,"-7,858,000","-2,040,000","-2,008,000","-1,586,000","-2,223,000","-1,319,000",,,,,,,,,,,,,,,,,,,,,"36,049","25,320","29,759","21,156","15,203","67,064","17,934","19,676","13,509","5,981","5,592","6,911","6,424","10,211","10,514","9,476","6,959","3,892","-377","527","-383,005","-92,211","-91,235","-90,613","-22,270","-1,173","-694","-1,382","2,747",,,,,,,,,,,,,,,,,,,,,,,,,,,,,,,,,,,,,,,,,,,,,,,,,,,,,,,,,,,,,,,,,,,,,,,,,,,,,,,,,,,,
	InterestIncomeNonOperating,,,,,,,,,,,,,,,,,,,,,,,,,,,"36,650","26,108","30,101","22,276","16,253","68,688","19,479","21,252","15,209","-97,276","42,806","36,122","50,117","58,225","72,781","72,114","74,024","44,372","2,316","696","1,242","576","547","226","445","629","643","772","3,027",,,,,,,,,,,,,,,,,,,,,,,,,,,,,,,,,,,,,,,,,,,,,,,,,,,,,,,,,,,,,,,,,,,,,,,,,,,,,,,,,,,,
	InterestExpenseNonOperating,"7,858,000","2,040,000","2,008,000","1,586,000","2,223,000","1,319,000",,,,,,,,,,,,,,,,,,,,,"601","788","342","1,120","1,050","1,624","1,545","1,576","1,700","-103,257","37,214","29,211","43,693","48,014","62,267","62,638","67,065","40,480","2,693","169","384,247","92,787","91,782","90,839","22,715","1,802","1,337","2,154","280",,,,,,,,,,,,,,,,,,,,,,,,,,,,,,,,,,,,,,,,,,,,,,,,,,,,,,,,,,,,,,,,,,,,,,,,,,,,,,,,,,,,
	TotalOtherFinanceCost,,,,,"1,933,000",,,,,,,,,,,,,,,,,,,,,,,,,,,,,,,,,,,,,,,,,,,,,,,,,,,,,,,,,,,,,,,,,,,,,,,,,,,,,,,,,,,,,,,,,,,,,,,,,,,,,,,,,,,,,,,,,,,,,,,,,,,,,,,,,,,,,,
OtherIncomeExpense,"-10,844,000","-3,287,000","-2,144,000","-3,270,000","-2,144,000","-1,287,000","-1,597,000","-1,630,000","-1,552,000","-1,433,000","-1,305,000","-1,705,000","-4,877,000","-1,633,000","-1,813,000","-2,601,000","-4,505,000","-999,000","-1,069,000","-569,000","-481,000","-451,000","-453,000","-513,000","-508,000","-511,000","-543,233","-551,809","-736,172",,,,,,,,,,,,,,,,,,,,,,,,,,,,,,,,,,,,,,,"-163,986","-33,418","118,886","-3,475","1,227,969","-12,570","-3,000","9,729","10,748","3,645","5,629","-1,689",,,,"10,739",,,,,,,,,,,,,"0",,,"-1,000,000","-400,000",,,,,,,,"0",,"200,000",,,,,,,,,,,,,,,,,,,,,,,,,,,,,
	SpecialIncomeCharges,"-10,934,000","-3,056,000","-2,279,000","-3,375,000","-2,224,000","-1,659,000","-1,693,000","-1,691,000","-1,697,000","-1,465,000","-1,608,000","-2,055,000","-4,975,000","-1,773,000","-1,827,000","-2,623,000","-3,154,000","-1,203,000","-1,259,000","-690,000","-630,000","-518,000","-518,000","-536,000","-553,000","-541,000","-543,233","-551,809","-736,172",,,,,,,,,,,,,,,,,,,,,"0",,,"0","0",,,,,,,,,,,,,,"-163,986","-33,418","118,886","-3,475","1,227,969","-12,570","-3,000","9,729","10,748","3,645","5,629","-1,689",,,,"10,739",,,,,,,,,,,,,"0",,,"-1,000,000","-400,000",,,,,,,,"0",,"200,000",,,,,,,,,,,,,,,,,,,,,,,,,,,,,
		RestructuringAndMergernAcquisition,"10,934,000","3,056,000","2,279,000","3,375,000","2,224,000","1,659,000","1,693,000","1,691,000","1,697,000","1,465,000","1,608,000","2,055,000","4,975,000","1,773,000","1,827,000","2,623,000","3,154,000","1,203,000","1,259,000","690,000","630,000","518,000","518,000","536,000","553,000","541,000","543,233","551,809","736,172",,,,,,,,,,,,,,,,,,,,,,,,,,,,,,,,,,,,,,,,,,,,,,,,,,,,,,,,,,,,,,,,,,,,,,,,,,,,,,,,,,,,,,,,,,,,,,,,,,,,,,,,,,,,,,
	OtherNonOperatingIncomeExpenses,"90,000","-231,000","135,000","105,000","80,000","372,000","96,000","61,000","145,000","32,000","303,000","350,000","98,000","140,000","14,000","22,000","-1,351,000","204,000","190,000","121,000","149,000","67,000","65,000","23,000","45,000","30,000",,,,,,,,,,,,,,,,,,,,,,,,,,,,,,,,,,,,,,,,,,,,,,,,,,,,,,,,,,,,,,,,,,,,,,,,,,,,,,,,,,,,,,,,,,,,,,,,,,,,,,,,,,,,,,,,,
PretaxIncome,"11,251,000","2,562,000","2,956,000","2,444,000","3,289,000","1,436,000","1,633,000","6,133,000","1,579,000","1,096,000","601,000","4,879,000","-2,811,000","-1,510,000","-4,546,000","-1,344,000","-4,214,000","-1,061,000","-2,122,000","1,854,000","633,000","1,291,000","-607,000","864,000","739,000","661,000","-305,716","987,220","339,172","507,650","149,077","2,050","-1,632,506","-2,191,847","-1,467,339","-1,470,454","-2,052,059","-2,392,475","-1,359,642","-3,014,835","-2,008,887","-2,851,193","30,912","-219,380","325,111","570,739","-799,035","180,184","-646,564","6,973","-220,607","-328,260","-85,677","-238,111","-668,115","-287,252","41,864","-218,976","-281,600","33,675","87,701","-210,229","-294,144","-144,493","125,625","26,023","-472,432","458,071","229,853","-798,480","-917,514","-35,523,572","-1,430,576","-816,000","-1,074,164","-1,625,075","-953,028","34,825","61,741","-15,339","167,663","-143,536","388,017","-124,413","507,552","-551,653",,,,"339,639",,,,,,,,,,,"-1,000,000",,,"500,000",,,,,,,,,,,,,"-600,000",,,,,,"300,000","600,000","200,000","300,000",,,"-300,000",,,,,,,,,,
TaxProvision,"1,424,000","651,000","-168,000","637,000","304,000","417,000","-534,000","1,135,000","231,000","188,000","41,000","1,597,000","-2,712,000","-794,000","-1,355,000","783,000","-1,430,000","99,000","3,614,000","-11,012,000","17,000","74,000","0","-96,000","0","79,000","16,343","31,872","-577,789","0","2,897","0","95","1,170","961","276","0","800","0","-4,808","0","-3,837","4,637","0","0","800","1,692","0","0","0","2,339","0","0","1,800","0","0",,"2,800",,"0",,"800",,"0",,"800",,"-110","-604",,,"-839","457",,"2,550","299","380","8,745","1,230",,"-5,000","-3,000","8,000",,,,,,,"7,000",,,,,,,,,,,"-100,000",,,"0",,,,,,,,,,,,,"-200,000",,,,,,"100,000","200,000","100,000","100,000",,,"-100,000",,,,,,,,,,
NetIncomeCommonStockholders,"9,827,000","1,911,000","3,124,000","1,807,000","2,985,000","1,019,000","2,167,000","4,998,000","1,348,000","908,000","560,000","3,282,000","-99,000","-716,000","-3,191,000","-2,127,000","-2,784,000","-1,160,000","-5,736,000","12,866,000","616,000","1,217,000","-607,000","960,000","739,000","582,000","-322,059","955,348","916,961","507,650","146,180","2,050","-1,632,601","-2,193,017","-1,468,300","-1,470,730","-2,052,059","-2,393,275","-1,359,642","-3,010,027","-2,008,887","-2,847,356","26,275","-219,380","325,111","569,939","-800,727","180,184","-646,564","6,973","-222,946","-328,260","-85,677","-239,911","-668,115","-287,252","41,864","-221,776","-281,600","33,675","87,701","-211,029","-294,144","-144,493","-125,625","25,223","-472,432","458,181","230,457","-798,480","-917,514","-522,733","-1,431,033","-816,000","-1,076,714","-1,625,374","-953,408","26,080","60,511","-15,339","172,663","-140,536","380,017","-124,413","507,552","-551,653","-172,910","-2,608,628","252,388","332,639","600,000","800,000","500,000","300,000","400,000","300,000","100,000","-200,000","-1,600,000","-1,600,000","-900,000","200,000","-300,000","500,000","400,000","300,000","100,000","0","-100,000",,,"-1,300,000",,"100,000","100,000","-600,000","-400,000","100,000","-100,000",,"-100,000","100,000","200,000","400,000","100,000","200,000","100,000",,"-200,000","100,000","200,000","100,000","100,000","100,000","100,000","-200,000","-200,000","-200,000","-100,000"
	NetIncome,"9,827,000","1,911,000","3,124,000","1,807,000","2,985,000","1,019,000","2,167,000","4,998,000","1,348,000","908,000","560,000","3,282,000","-99,000","-716,000","-3,191,000","-2,127,000","-2,784,000","-1,160,000","-5,736,000","12,866,000","616,000","1,217,000","-607,000","960,000","739,000","582,000","-322,059","955,348","916,961","507,650","146,180","2,050","-1,632,601","-2,193,017","-1,468,300","-1,470,730","-2,052,059","-2,393,275","-1,359,642","-3,010,027","-2,008,887","-2,847,356","26,275","-219,380","325,111","569,939","-800,727","180,184","-646,564","6,973","-222,946","-328,260","-85,677","-239,911","-668,115","-287,252","41,864","-221,776","-281,600","33,675","87,701","-211,029","-294,144","-144,493","-125,625","25,223","-472,432","458,181","230,457","-798,480","-917,514","-522,733","-1,431,033","-816,000","-1,076,714","-1,625,374","-953,408","26,080","60,511","-15,339","172,663","-140,536","380,017","-124,413","507,552","-551,653","-172,910","-2,608,628","252,388","332,639","600,000","800,000","500,000","300,000","400,000","300,000","100,000","-200,000","-1,600,000","-1,600,000","-900,000","200,000","-300,000","500,000","400,000","300,000","100,000","0","-100,000",,,"-1,300,000",,"100,000","100,000","-600,000","-400,000","100,000","-100,000",,"-100,000","100,000","200,000","400,000","100,000","200,000","100,000",,"-200,000","100,000","200,000","100,000","100,000","100,000","100,000","-200,000","-200,000","-200,000","-100,000"
		NetIncomeIncludingNoncontrollingInterests,"9,827,000","1,911,000","3,124,000","1,807,000","2,985,000","1,019,000","2,167,000","4,998,000","1,348,000","908,000","560,000","3,282,000","-99,000","-716,000","-3,191,000","-2,127,000","-2,784,000","-1,160,000","-5,736,000","12,866,000","616,000","1,217,000","-607,000","960,000","739,000","582,000","-322,059","955,348","916,961","507,650","146,180","2,050","-1,632,601","-2,193,017","-1,468,300","-1,470,730","-2,052,059","-2,393,275","-1,359,642","-3,010,027","-2,008,887","-2,847,356","26,275","-219,380","325,111","569,939","-800,727","180,184","-646,564","6,973","-222,946","-328,260","-85,677","-239,911","-668,115","-287,252","41,864","-221,776","-281,600","33,675","87,701","-211,029","-294,144","-144,493","-125,625","25,223","-472,432","458,181","230,457","-798,480","-917,514","-522,733","-1,431,033","-816,000","-1,076,714","-1,625,374","-953,408","26,080","60,511","-15,339","172,663","-140,536","380,017","-124,413","507,552","-551,653","-172,910","-2,608,628","252,388","332,639","600,000","800,000","500,000","300,000","400,000","300,000","100,000","-200,000","-1,600,000","-1,600,000","-900,000","200,000","-300,000","500,000","400,000","300,000","100,000","0","-100,000",,,"-1,300,000",,"100,000","100,000","-600,000","-400,000","100,000","-100,000",,"-100,000","100,000","200,000","400,000","100,000","200,000","100,000",,"-200,000","100,000","200,000","100,000","100,000","100,000","100,000","-200,000","-200,000","-200,000","-100,000"
			NetIncomeContinuousOperations,"9,827,000","1,911,000","3,124,000","1,807,000","2,985,000","1,019,000","2,167,000","4,998,000","1,348,000","908,000","560,000","3,282,000","-99,000","-716,000","-3,191,000","-2,127,000","-2,784,000","-1,160,000","-5,736,000","12,866,000","616,000","1,217,000","-607,000","960,000","739,000","582,000","-322,059","955,348","916,961","507,650","146,180","2,050","-1,632,601","-2,193,017","-1,468,300","-1,470,730","-2,052,059","-2,393,275","-1,359,642","-3,010,027","-2,008,887","-2,847,356","26,275","-219,380","325,111","569,939","-800,727","180,184","-646,564","6,973","-222,946","-328,260","-85,677","-239,911","-668,115","-287,252","41,864","-221,776","-281,600","33,675","87,701","-211,029","-294,144","-144,493","-125,625","25,223","-472,432","458,181","230,457","-798,480","-917,514","-522,733","-1,431,033","-816,000","-1,076,714","-1,625,374","-953,408","26,080","60,511","-15,339","172,663","-140,536","380,017","-124,413","507,552","-551,653","-172,910","-2,608,628","252,388","332,639","600,000","800,000","500,000","300,000","400,000","300,000","100,000","-200,000","-1,600,000","-1,600,000","-900,000","200,000","-300,000","500,000","400,000","300,000","100,000","0","-100,000",,,"-1,300,000",,"100,000","100,000","-600,000","-400,000","100,000","-100,000",,"-100,000","100,000","200,000","400,000","100,000","200,000","100,000",,"-200,000","100,000","200,000","100,000","100,000","100,000","100,000","-200,000","-200,000","-200,000","-100,000"
DilutedNIAvailtoComStockholders,"9,827,000","1,911,000","3,124,000","1,807,000","2,985,000","1,019,000","2,167,000","4,998,000","1,348,000","908,000","560,000","3,282,000","-99,000","-716,000","-3,191,000","-2,127,000","-2,784,000","-1,160,000","-5,736,000","12,866,000","616,000","1,217,000","-607,000","960,000","739,000","582,000","-322,059","955,348","916,961","507,650","146,180","2,050","-1,632,601","-2,193,017","-1,468,300","-1,470,730","-2,052,059","-2,393,275","-1,359,642","-3,010,027","-2,008,887","-2,847,356","26,275","-219,380","325,111","569,939","-800,727","180,184","-646,564","6,973","-222,946","-328,260","-85,677","-239,911","-668,115","-287,252","41,864","-221,776","-281,600","33,675","87,701","-211,029","-294,144","-144,493","-125,625","25,223","-472,432","458,181","230,457","-798,480","-917,514","-522,733","-1,431,033","-816,000","-1,076,714","-1,625,374","-953,408","26,080","60,511","-15,339","172,663","-140,536","380,017","-124,413","507,552","-551,653","-172,910","-2,608,628","252,388","332,639","600,000","800,000","500,000","300,000","400,000","300,000","100,000","-200,000","-1,600,000","-1,600,000","-900,000","200,000","-300,000","500,000","400,000","300,000","100,000","0","-100,000",,,"-1,300,000",,"100,000","100,000","-600,000","-400,000","100,000","-100,000",,"-100,000","100,000","200,000","400,000","100,000","200,000","100,000",,"-200,000","100,000","200,000","100,000","100,000","100,000","100,000","-200,000","-200,000","-200,000","-100,000"
BasicEPS,,"0.04","0.07","0.05","0.07","0.02","0.05","0.12","0.03","0.02","0.01","0.08","-0.002","-0.02","-0.08","-0.06","-0.08","-0.03","-0.17","0.38","0.02","0.04","-0.02","0.03","0.02","0.02","-0.01","0.03","0.03","0.02","0.005","0","-0.05","-0.07","-0.05","-0.05","-0.08","-0.09","-0.05","-0.12","-0.08","-0.11","0",,"0.01","0.03","-0.04",,"-0.04","0","-0.01",,"-0.01","-0.01","-0.04",,"0","-0.01","-0.02",,"0.01","-0.01","-0.02",,"-0.01","0","-0.03",,"0.02","-0.07","-0.08",,"-0.13","-0.07","-0.1",,"-0.09","0","0.01",,"0.02","-0.01","0.03",,"0.05","-0.05","-0.02",,"0.02","0.03","0.06",,"0.05","0.03","0.04",,"0.01","-0.02","-0.14",,"-0.09","0.02","-0.03",,"0.05","0.03","0.01",,"-0.01",,,,,"0.01","0.01",,"-0.05","0.02","-0.02",,"-0.01","0.02","0.03",,"0.02","0.03","0.02",,"-0.07","0.01","0.03",,"0.02","0.01","0.01",,"-0.05","-0.05","-0.05"
DilutedEPS,,"0.04","0.07","0.05","0.07","0.02","0.05","0.12","0.03","0.02","0.01","0.08","-0.002","-0.02","-0.08","-0.06","-0.08","-0.03","-0.17","0.35","0.02","0.03","-0.02","0.03","0.02","0.02","-0.01","0.03","0.03","0.02","0.005","0","-0.05","-0.07","-0.05","-0.05","-0.08","-0.09","-0.05","-0.12","-0.08","-0.11","0",,"0.01","0.02","-0.04",,"-0.04","0","-0.01",,"-0.01","-0.01","-0.04",,"0","-0.01","-0.02",,"0.01","-0.01","-0.02",,"-0.01","0","-0.03",,"0.02","-0.07","-0.08",,"-0.13","-0.07","-0.1",,"-0.09","0","0.005",,"0.015","-0.01","0.03",,"0.05","-0.05","-0.02",,"0.02","0.03","0.05",,"0.05","0.03","0.04",,"0.01","-0.02","-0.14",,"-0.09","0.02","-0.03",,"0.05","0.03","0.01",,"-0.01",,,,,"0.01","0.01",,"-0.05","0.02","-0.02",,"-0.01","0.02","0.03",,"0.02","0.03","0.02",,"-0.07","0.01","0.03",,"0.02","0.01","0.01",,"-0.05","-0.05","-0.05"
BasicAverageShares,,"44,775,000","44,788,000","44,616,000","43,773,000","43,138,000","42,476,000","41,770,000","41,483,000","41,022,000","40,615,000","40,252,000","39,936,000","38,926,000","38,247,000","37,858,000","36,190,000","34,976,000","34,207,000","33,522,169","33,023,622","32,786,079","32,376,671","32,086,223","31,823,386","31,325,577","31,094,417","30,969,157","30,764,694","30,697,391","30,618,097","30,510,587","30,481,168","30,453,455","30,402,397","30,336,347","27,109,787","26,473,938","26,024,288","25,937,801","25,613,698","25,013,284","24,390,215",,"22,574,421","20,542,502","18,845,990",,"16,867,236","16,756,804","16,751,137",,"16,751,137","16,751,137","16,751,137",,"16,751,137","16,751,137","16,751,137",,"16,751,137","16,751,137","16,748,974",,"16,179,951","15,699,456","15,018,703",,"13,143,797","11,841,862","11,389,481",,"11,389,481","11,369,942","11,264,356",,"11,156,437","11,138,772","11,138,772",,"11,136,689","11,135,468","11,120,954",,"11,119,843","11,119,843","11,119,843",,"11,068,167","10,775,290","10,485,684",,"10,000,000","10,000,000","10,000,000",,"10,000,000","10,000,000","11,428,571",,"10,000,000","10,000,000","10,000,000",,"8,000,000","10,000,000","10,000,000",,"10,000,000","7,423,000","7,423,000",,"6,866,000","6,866,000","6,866,000",,"8,000,000","5,000,000","5,000,000",,"8,000,000","5,000,000","6,666,667",,"3,595,000","3,468,000","3,468,000",,"2,857,143","3,468,000","3,468,000",,"10,000,000","10,000,000","3,468,000",,"4,000,000","4,000,000","2,000,000"
DilutedAverageShares,,"46,097,000","46,155,000","46,236,000","45,194,000","44,554,000","43,897,000","43,101,000","42,428,000","42,028,000","41,828,000","41,635,000","39,936,000","38,926,000","38,247,000","37,858,000","36,190,000","34,976,000","34,207,000","36,251,284","35,609,724","34,815,304","32,376,671","34,859,861","34,531,964","33,133,920","31,094,417","31,664,178","31,645,696","31,321,259","31,173,815","31,022,148","30,481,168","30,453,455","30,402,397","30,336,347","27,109,787","26,473,938","26,024,288","25,937,801","25,613,698","25,013,284","27,817,545",,"24,818,674","23,241,963","18,845,990",,"16,867,236","17,476,183","16,751,137",,"16,751,137","16,751,137","16,751,137",,"16,751,137","16,751,137","16,751,137",,"16,809,426","16,751,137","16,748,974",,"16,179,951","17,492,880","15,018,703",,"13,308,659","11,841,862","11,389,481",,"11,389,481","11,369,942","11,264,356",,"11,156,437","11,208,258","11,257,380",,"11,498,474","11,135,468","11,415,947",,"11,228,207","11,119,843","11,119,843",,"11,599,150","11,562,309","11,295,038",,"10,000,000","10,000,000","10,000,000",,"10,000,000","10,000,000","11,428,571",,"10,000,000","10,000,000","10,000,000",,"8,000,000","10,000,000","10,000,000",,"10,000,000","7,423,000","7,423,000",,"6,866,000","6,866,000","6,866,000",,"8,000,000","5,000,000","5,000,000",,"8,000,000","5,000,000","6,666,667",,"3,595,000","3,468,000","3,468,000",,"2,857,143","3,468,000","3,468,000",,"10,000,000","10,000,000","3,468,000",,"4,000,000","4,000,000","2,000,000"
TotalOperatingIncomeAsReported,"19,019,000","4,833,000","4,829,000","3,925,000","5,432,000","2,383,000","1,537,000","6,072,000","1,434,000","1,064,000","298,000","4,529,000","-2,909,000","-1,650,000","-4,560,000","-1,366,000","-2,863,000","-1,265,000","-2,312,000","1,733,000","484,000","1,224,000","-672,000","841,000","694,000","631,000","-341,765","961,900","309,413","486,494","133,874","-65,014","-1,650,440","-2,211,523","-1,480,848","-1,476,435","-2,057,651","-2,399,386","-1,366,066","-3,025,046","-2,019,401","-2,860,669","23,953","-223,272","325,488","570,212","-416,030","272,395","-555,329","97,586","-198,337","-327,087","-84,983","-236,729","-670,862","-288,492","39,807","-221,095","-284,520","31,148","84,712","-210,646","-292,651","-161,549","-53,198","63,858","-167,720","639,187","502,341","-547,537","-800,457","-156,892","-1,418,006","-813,000","-1,083,893","-1,635,823","-956,673","29,196","63,430","-20,783","162,067","-131,097","377,278","-106,377","490,388","-530,983","-151,160","-2,622,840","230,761","337,162","600,000","900,000","400,000","400,000","300,000","300,000","100,000","-200,000","-700,000","-1,100,000","-1,000,000","200,000","-300,000","500,000","200,000","300,000",,"0","-100,000","-200,000",,"-1,500,000",,,"100,000","-400,000","-500,000","300,000","-100,000",,,,"400,000","800,000","300,000","500,000",,"900,000","-200,000",,,,,,,,,,
TotalExpenses,"102,282,000","26,825,000","25,365,000","25,971,000","24,122,000","24,731,000","22,746,000","22,875,000","22,282,000","20,663,000","20,161,000","18,434,000","19,840,000","19,860,000","20,416,000","19,780,000","15,818,000","14,339,000","13,189,000","10,481,000","10,684,000","9,677,000","9,423,000","8,293,000","7,858,000","7,350,000","7,202,974","6,352,143","5,394,410","5,185,832","5,255,448","5,608,973","6,310,164","6,695,661","5,943,372","5,863,666","5,939,678","5,623,648","4,675,730","4,244,778","5,181,130","4,052,406","3,495,531","3,263,411","2,628,430","2,298,145","1,819,592","1,348,040","1,377,819","1,419,379","1,357,348","1,131,233","999,721","1,125,012","1,682,310","1,312,335","1,641,683","1,481,611","1,548,119","1,339,941","1,373,866","1,512,087","1,731,483","1,507,848","1,752,135","1,391,350","1,688,382","1,400,517","979,579","2,319,336","2,100,879","696,775","2,405,474","2,831,000","2,778,775","3,358,906","3,998,411","3,828,948","2,907,667","2,575,619","3,099,016","3,207,829","2,981,514","1,837,818","1,132,728","2,291,404","2,200,675","3,115,754","3,304,973","2,257,046","2,100,000","2,100,000","2,000,000","1,700,000","1,900,000","1,700,000","1,600,000","1,700,000","2,000,000","2,200,000","1,700,000","1,700,000","1,400,000","1,800,000","1,900,000","1,600,000","1,800,000","1,700,000","1,700,000","1,600,000",,"3,400,000","2,200,000",,"3,000,000","3,200,000","2,900,000","4,000,000","3,700,000",,,,"5,600,000","6,000,000","6,100,000","6,300,000",,"7,300,000","6,700,000",,,,,,,,,,
NetIncomeFromContinuingAndDiscontinuedOperation,"9,827,000","1,911,000","3,124,000","1,807,000","2,985,000","1,019,000","2,167,000","4,998,000","1,348,000","908,000","560,000","3,282,000","-99,000","-716,000","-3,191,000","-2,127,000","-2,784,000","-1,160,000","-5,736,000","12,866,000","616,000","1,217,000","-607,000","960,000","739,000","582,000","-322,059","955,348","916,961","507,650","146,180","2,050","-1,632,601","-2,193,017","-1,468,300","-1,470,730","-2,052,059","-2,393,275","-1,359,642","-3,010,027","-2,008,887","-2,847,356","26,275","-219,380","325,111","569,939","-800,727","180,184","-646,564","6,973","-222,946","-328,260","-85,677","-239,911","-668,115","-287,252","41,864","-221,776","-281,600","33,675","87,701","-211,029","-294,144","-144,493","-125,625","25,223","-472,432","458,181","230,457","-798,480","-917,514","-522,733","-1,431,033","-816,000","-1,076,714","-1,625,374","-953,408","26,080","60,511","-15,339","172,663","-140,536","380,017","-124,413","507,552","-551,653","-172,910","-2,608,628","252,388","332,639","600,000","800,000","500,000","300,000","400,000","300,000","100,000","-200,000","-1,600,000","-1,600,000","-900,000","200,000","-300,000","500,000","400,000","300,000","100,000","0","-100,000",,,"-1,300,000",,"100,000","100,000","-600,000","-400,000","100,000","-100,000",,"-100,000","100,000","200,000","400,000","100,000","200,000","100,000",,"-200,000","100,000","200,000","100,000","100,000","100,000","100,000","-200,000","-200,000","-200,000","-100,000"
NormalizedIncome,"19,377,121.589","4,203,000","4,787,670","4,302,345.745","5,008,840","2,196,890","3,402,890","6,376,056.09","2,790,450","2,123,950","2,055,440","4,664,354.991","3,532,750","578,290","-1,912,100","-212,210","-700,294.257","-281,810","-4,980,600","13,280,000","1,229,080.569","1,705,308.288","-89,000","1,281,600","1,292,000","1,058,341.906","3,880.8","1,489,342.069","1,358,664.2","507,650","146,180","2,050","-1,632,601","-2,193,017","-1,468,300","-1,470,730","-2,052,059","-2,393,275","-1,359,642","-3,010,027","-2,008,887","-2,847,356","26,275","-219,380","325,111","569,939","-800,727","180,184","-646,564","6,973","-222,946","-328,260","-85,677","-239,911","-668,115","-287,252","41,864","-221,776","-281,600","33,675","87,701","-211,029","-294,144","-144,493","-125,625","25,223","-472,432","556,572.6","250,507.8","-917,366","-914,039","-1,750,672.998","-1,423,491","-813,000","-1,082,551.4","-1,631,822.8","-955,595","21,864.513","62,166.352","-15,339","172,663","-140,536","369,499.413","-124,413","507,552","-551,653","-172,910","-2,608,628","252,388","332,639","600,000","800,000","500,000","300,000","400,000","300,000","100,000","-200,000","-1,000,000","-1,360,000","-900,000","200,000","-300,000","500,000","400,000","300,000","100,000","0","-100,000",,,"-1,300,000",,"100,000","100,000","-600,000","-400,000","100,000","-100,000",,"-100,000","100,000","200,000","400,000","100,000","200,000","100,000",,"-200,000","100,000","200,000","100,000","100,000","100,000","100,000","-200,000","-200,000","-200,000","-100,000"
InterestIncome,,,,,,,,,,,,,,,,,,,,,,,,,,,"36,650","26,108","30,101","22,276","16,253","68,688","19,479","21,252","15,209","-97,276","42,806","36,122","50,117","58,225","72,781","72,114","74,024","44,372","2,316","696","1,242","576","547","226","445","629","643","772","3,027",,,,,,,,,,,,,,,,,,,,,,,,,,,,,,,,,,,,,,,,,,,,,,,,,,,,,,,,,,,,,,,,,,,,,,,,,,,,,,,,,,,,
InterestExpense,"7,858,000","2,040,000","2,008,000","1,586,000","2,223,000","1,319,000",,,,,,,,,,,,,,,,,,,,,"601","788","342","1,120","1,050","1,624","1,545","1,576","1,700","-103,257","37,214","29,211","43,693","48,014","62,267","62,638","67,065","40,480","2,693","169","384,247","92,787","91,782","90,839","22,715","1,802","1,337","2,154","280",,,,,,,,,,,,,,,,,,,,,,,,,,,,,,,,,,,,,,,,,,,,,,,,,,,,,,,,,,,,,,,,,,,,,,,,,,,,,,,,,,,,
NetInterestIncome,"-7,858,000","-2,040,000","-2,008,000","-1,586,000","-2,223,000","-1,319,000",,,,,,,,,,,,,,,,,,,,,"36,049","25,320","29,759","21,156","15,203","67,064","17,934","19,676","13,509","5,981","5,592","6,911","6,424","10,211","10,514","9,476","6,959","3,892","-377","527","-383,005","-92,211","-91,235","-90,613","-22,270","-1,173","-694","-1,382","2,747",,,,,,,,,,,,,,,,,,,,,,,,,,,,,,,,,,,,,,,,,,,,,,,,,,,,,,,,,,,,,,,,,,,,,,,,,,,,,,,,,,,,
EBIT,"19,109,000","4,602,000","4,964,000","4,030,000","5,512,000","2,755,000","3,230,000","7,763,000","3,131,000","2,529,000","1,906,000","6,584,000","2,066,000","123,000","-2,733,000","1,257,000","291,000","-62,000","-1,053,000","2,423,000","1,114,000","1,742,000","-154,000","1,377,000","1,247,000","1,172,000","-305,115","988,008","339,514","508,770","150,127","3,674","-1,630,961","-2,190,271","-1,465,639","-1,573,711","-2,014,845","-2,363,264","-1,315,949","-2,966,821","-1,946,620","-2,788,555","97,977","-178,900","327,804","570,908","-414,788","272,971","-554,782","97,812","-197,892","-326,458","-84,340","-235,957","-667,835","-288,492","39,807","-221,095","-284,520","31,148","84,712","-210,646","-292,651","-161,549","-53,198","63,858","-167,720","639,187","502,341","-547,537","-800,457","-156,892","-1,418,006","-813,000","-1,083,893","-1,635,823","-956,673","29,196","63,430","1,276,501","-336,285","-131,097","377,278","828,073","1,665,634","-530,983","-151,160","-2,622,840","230,761","337,162","600,000","900,000","400,000","400,000","300,000","300,000","100,000","-200,000","-700,000","-1,100,000","-1,000,000","200,000","-300,000","500,000","200,000","300,000","0","0","-100,000","-200,000","1,900,000","-1,500,000","0","3,000,000","100,000","-400,000","-500,000","300,000","-100,000","-14,600,000","3,900,000","5,200,000","400,000","800,000","300,000","500,000","7,100,000","900,000","-200,000","4,400,000","4,000,000","-12,500,000","4,500,000","4,500,000","4,500,000","-8,100,000","2,600,000","2,600,000","2,600,000"
EBITDA,"29,007,000"
ReconciledCostOfRevenue,"13,276,000","3,310,000","3,356,000","3,200,000","3,410,000","3,792,000","4,138,000","3,577,000","3,496,000","3,186,000","2,933,000","3,229,000","3,168,000","2,991,000","2,878,000","2,674,000","2,678,000","1,717,000","1,617,000","1,138,000","1,182,000","830,000","891,000","940,000","793,000","720,000","942,379","824,813","591,330","557,653","497,401","520,428","607,586","449,214","570,697","377,067","469,445","417,092","339,996","292,694","359,220","309,737","302,269","270,265","437,696","256,074","207,699","211,622","203,244","182,112","353,166","150,980","187,741","141,573","218,902","246,078","381,429","142,648","199,263","109,554","215,168","108,318","178,744","204,085","364,962","225,487","431,275","386,214","330,720","57,538","224,156","-978,554","697,728","780,000","1,103,620","1,444,959","1,823,812","1,466,908","1,102,785","232,923","896,153","923,600","866,871","-38,435","952,248","481,562","488,241","876,352","1,062,687","525,375","500,000","500,000","500,000","300,000","500,000","700,000","300,000","500,000","400,000","600,000","200,000","400,000","300,000","500,000","800,000","600,000","800,000","800,000","600,000","600,000",,"1,100,000","1,300,000",,"1,800,000","1,800,000","1,700,000","2,600,000","2,400,000",,,,"3,700,000","4,100,000","3,800,000","4,000,000",,"4,800,000","4,200,000",,,,,,,,,,
ReconciledDepreciation,"9,898,000","2,621,000","2,459,000","2,583,000","2,235,000","2,043,000","2,083,000","2,014,000","1,993,000","1,922,000","2,014,000","2,067,000","2,130,000","2,068,000","2,147,000","2,107,000","1,212,000","744,000","575,000","212,000","198,000","189,000","314,000","610,000","262,000","258,036","257,964","259,921","131,010","107,094","107,700","115,377","118,802","120,343","116,175","114,126","92,110","68,531","48,616","46,496","62,368","63,120","59,997","49,063","47,387","42,535","40,306","42,190","43,298","43,495","43,615","43,614","20,755","9,568","9,694","8,934","7,775","9,027","10,348","8,437","9,153","10,465","11,288","12,090","99,216","57,170","301,424","159,928","412,391","-62,909","109,848","196,422","111,996","115,956","113,044","104,962","108,214","112,893","115,862","116,195","150,206","179,512","188,439","165,612","137,294","137,212","130,049","119,795","114,273","97,124","100,000","100,000","0","100,000","100,000","100,000","100,000","100,000","200,000","300,000","200,000","100,000","100,000","100,000","100,000","100,000","100,000","100,000","100,000","100,000",,"200,000","100,000",,"300,000","400,000","200,000","300,000","200,000",,,,"200,000","100,000","300,000","300,000",,"300,000","100,000",,,,,,,,,,
NetIncomeFromContinuingOperationNetMinorityInterest,"9,827,000","1,911,000","3,124,000","1,807,000","2,985,000","1,019,000","2,167,000","4,998,000","1,348,000","908,000","560,000","3,282,000","-99,000","-716,000","-3,191,000","-2,127,000","-2,784,000","-1,160,000","-5,736,000","12,866,000","616,000","1,217,000","-607,000","960,000","739,000","582,000","-322,059","955,348","916,961","507,650","146,180","2,050","-1,632,601","-2,193,017","-1,468,300","-1,470,730","-2,052,059","-2,393,275","-1,359,642","-3,010,027","-2,008,887","-2,847,356","26,275","-219,380","325,111","569,939","-800,727","180,184","-646,564","6,973","-222,946","-328,260","-85,677","-239,911","-668,115","-287,252","41,864","-221,776","-281,600","33,675","87,701","-211,029","-294,144","-144,493","-125,625","25,223","-472,432","458,181","230,457","-798,480","-917,514","-522,733","-1,431,033","-816,000","-1,076,714","-1,625,374","-953,408","26,080","60,511","-15,339","172,663","-140,536","380,017","-124,413","507,552","-551,653","-172,910","-2,608,628","252,388","332,639","600,000","800,000","500,000","300,000","400,000","300,000","100,000","-200,000","-1,600,000","-1,600,000","-900,000","200,000","-300,000","500,000","400,000","300,000","100,000","0","-100,000",,,"-1,300,000",,"100,000","100,000","-600,000","-400,000","100,000","-100,000",,"-100,000","100,000","200,000","400,000","100,000","200,000","100,000",,"-200,000","100,000","200,000","100,000","100,000","100,000","100,000","-200,000","-200,000","-200,000","-100,000"
TotalUnusualItemsExcludingGoodwill,"-10,934,000","-3,056,000","-2,279,000","-3,375,000","-2,224,000","-1,659,000","-1,693,000","-1,691,000","-1,697,000","-1,465,000","-1,608,000","-2,055,000","-4,975,000","-1,773,000","-1,827,000","-2,623,000","-3,154,000","-1,203,000","-1,259,000","-690,000","-630,000","-518,000","-518,000","-536,000","-553,000","-541,000","-543,233","-551,809","-736,172",,,,,,,,,,,,,,,,,,,,,"0",,,"0","0",,,,,,,,,,,,,,"-163,986","-33,418","118,886","-3,475","1,227,969","-12,570","-3,000","9,729","10,748","3,645","5,629","-1,689",,,,"10,739",,,,,,,,,,,,,"0",,,"-1,000,000","-400,000",,,,,,,,"0",,,,,,,,,,,,,,,,,,,,,,,,,,,,,,,
TotalUnusualItems,"-10,934,000","-3,056,000","-2,279,000","-3,375,000","-2,224,000","-1,659,000","-1,693,000","-1,691,000","-1,697,000","-1,465,000","-1,608,000","-2,055,000","-4,975,000","-1,773,000","-1,827,000","-2,623,000","-3,154,000","-1,203,000","-1,259,000","-690,000","-630,000","-518,000","-518,000","-536,000","-553,000","-541,000","-543,233","-551,809","-736,172",,,,,,,,,,,,,,,,,,,,,"0",,,"0","0",,,,,,,,,,,,,,"-163,986","-33,418","118,886","-3,475","1,227,969","-12,570","-3,000","9,729","10,748","3,645","5,629","-1,689",,,,"10,739",,,,,,,,,,,,,"0",,,"-1,000,000","-400,000",,,,,,,,"0",,,,,,,,,,,,,,,,,,,,,,,,,,,,,,,
NormalizedEBITDA,"39,941,000","10,279,000","9,702,000","9,988,000","9,971,000","6,457,000","7,006,000","11,468,000","6,821,000","5,916,000","5,528,000","10,706,000","9,171,000","3,964,000","1,241,000","5,987,000","4,657,000","1,885,000","781,000","3,325,000","1,942,000","2,449,000","678,000","2,523,000","2,062,000","1,971,036","496,082","1,799,738","1,206,696","615,864","257,827","119,051","-1,512,159","-2,069,928","-1,349,464","-1,459,585","-1,922,735","-2,294,733","-1,267,333","-2,920,325","-1,884,252","-2,725,435","157,974","-129,837","375,191","613,443","-374,482","315,161","-511,484","141,307","-154,277","-282,844","-63,585","-226,389","-658,141","-279,558","47,582","-212,068","-274,172","39,585","93,865","-200,181","-281,363","-149,459","46,018","121,028","133,704","963,101","948,150","-666,423","-687,134","-1,188,439","-1,293,440","-694,044","-980,578","-1,541,609","-852,104","136,460","180,981","1,392,696","-186,079","48,415","554,978","993,685","1,802,928","-393,771","-21,111","-2,503,045","345,034","434,286","700,000","1,000,000","500,000","500,000","400,000","400,000","200,000","-100,000","500,000","-400,000","-800,000","400,000","-200,000","600,000","300,000","400,000","100,000","100,000","100,000","-100,000","1,900,000","-1,300,000","100,000","3,000,000","400,000","0","-200,000","600,000","100,000","-14,600,000","3,900,000","5,200,000","600,000","900,000","600,000","800,000","7,100,000","1,200,000","-100,000","4,400,000","4,000,000","-12,500,000","4,500,000","4,500,000","4,500,000","-8,100,000","2,600,000","2,600,000","2,600,000"
TaxRateForCalcs,"0.127","0.25","0.27","0.261","0.09","0.29","0.27","0.185","0.15","0.17","0.07","0.327","0.27","0.27","0.3","0.27","0.339","0.27","0.4","0.4","0.027","0.057","0","0.4","0","0.12","0.4","0.032","0.4","0","0.019","0","0.35","0.35","0.35","0.35","0","0.35","0","0.002","0","0.001","0.15","0","0","0.001","0.35","0","0","0","0.35","0","0","0.35","0","0","0.35","0.35","0","0","0.35","0.35","0","0","0.4","0.031","0","0.4","0.4","0","0","0","0.4","0","0.4","0.4","0.4","0.251","0.02","0","0.4","0.021","0.021","0","0.4","0","0.4","0.4","0.4","0.021","0.4","0.4","0.4","0.4","0.4","0.4","0.4","0.4","0.4","0.4","0.1","0.4","0.4","0","0.4","0.4","0.4","0.4","0.4",,,"0.4",,"0.4","0.4","0.4","0.333","0.4","0.4",,"0.4","0.4","0.333","0.333","0.4","0.333","0.4",,"0.333","0.4","0.4","0.4","0.4","0.4","0.4","0.4","0.4","0.4","0.4"
TaxEffectOfUnusualItems,"-1,383,878.411","-764,000","-615,330","-879,654.255","-200,160","-481,110","-457,110","-312,943.91","-254,550","-249,050","-112,560","-672,645.009","-1,343,250","-478,710","-548,100","-708,210","-1,070,294.257","-324,810","-503,600","-276,000","-16,919.431","-29,691.712","0","-214,400","0","-64,658.094","-217,293.2","-17,814.931","-294,468.8","0","0","0","0","0","0","0","0","0","0","0","0","0","0","0","0","0","0","0","0","0","0","0","0","0","0","0","0","0","0","0","0","0","0","0","0","0","0","-65,594.4","-13,367.2","0","0","29.002","-5,028","0","3,891.6","4,299.2","1,458","1,413.513","-33.648","0","0","0","221.413","0","0","0","0","0","0","0","0","0","0","0","0","0","0","0","-400,000","-160,000","0","0","0","0","0","0","0","0","0",,,"0",,"0","0","0","0","0","0",,"0","0","0","0","0","0","0",,"0","0","0","0","0","0","0","0","0","0","0"