name,ttm,03/31/2022,12/31/2021,09/30/2021,06/30/2021,03/31/2021,12/31/2020,09/30/2020,06/30/2020,03/31/2020,12/31/2019,09/30/2019,06/30/2019,03/31/2019,12/31/2018,09/30/2018,06/30/2018,03/31/2018,12/31/2017,09/30/2017,06/30/2017,03/31/2017,12/31/2016,09/30/2016,06/30/2016,03/31/2016,12/31/2015,09/30/2015,06/30/2015,03/31/2015,12/31/2014,09/30/2014,06/30/2014,03/31/2014,12/31/2013,09/30/2013,06/30/2013,03/31/2013,12/31/2012,09/30/2012,06/30/2012,03/31/2012,12/31/2011,09/30/2011,06/30/2011,03/31/2011,12/31/2010,09/30/2010,06/30/2010,03/31/2010,12/31/2009,09/30/2009,06/30/2009,03/31/2009,12/31/2008,09/30/2008,06/30/2008,03/31/2008,12/31/2007,09/30/2007,06/30/2007,03/31/2007,12/31/2006,09/30/2006,06/30/2006,03/31/2006,12/31/2005,09/30/2005,06/30/2005,03/31/2005,12/31/2004,09/30/2004,06/30/2004,03/31/2004,12/31/2003,09/30/2003,06/30/2003,03/31/2003,12/31/2002,09/30/2002,06/30/2002,03/31/2002,12/31/2001,09/30/2001,06/30/2001,03/31/2001,12/31/2000,09/30/2000,06/30/2000,03/31/2000,12/31/1999,09/30/1999,06/30/1999,03/31/1999,12/31/1998,09/30/1998,06/30/1998,03/31/1998,12/31/1997,09/30/1997,06/30/1997,03/31/1997,12/31/1996,09/30/1996,06/30/1996,03/31/1996,12/31/1995,09/30/1995,06/30/1995,03/31/1995,12/31/1994,09/30/1994,06/30/1994,03/31/1994,12/31/1993,09/30/1993,06/30/1993,03/31/1993,12/31/1992,09/30/1992,06/30/1992,03/31/1992,12/31/1991,09/30/1991,06/30/1991,03/31/1991,12/31/1990,09/30/1990,06/30/1990,03/31/1990
TotalRevenue,"3,961,199,000","1,010,002,000","956,357,000","982,248,000","1,012,592,000","818,148,000","675,851,000","619,105,000","500,168,000","602,919,000","543,839,000","608,602,000","666,394,000","611,781,000","559,087,000","645,958,000","662,773,000","640,060,000","523,524,000","550,363,000","614,266,000","577,920,000","472,158,000","506,584,000","544,071,000","532,809,000","471,983,000","535,184,000","555,593,000","537,242,000","537,342,000","602,820,000","649,691,000","574,374,000","487,715,000","528,854,000","582,282,000","559,690,000","504,006,000","514,165,000","594,099,000","577,668,000","491,384,000","585,809,000","652,923,000","687,681,000","526,901,000","507,240,000","540,388,000","485,268,000","432,977,000","419,890,000","367,800,000","326,558,000","435,373,000","665,496,000","753,471,000","704,108,000","621,734,000","693,682,000","772,647,000","609,782,000","544,212,000","635,998,000","779,663,000","551,039,000","483,624,000","434,130,000","410,506,000","401,663,000","329,763,000","322,512,000","380,822,000","345,959,000","267,782,000","251,053,000","248,221,000","232,022,000","181,334,000","238,481,000","277,241,000","268,024,000","228,750,000","253,438,000","286,021,000","276,578,000","279,256,000","295,979,000","328,583,000","302,350,000","299,600,000","287,900,000","293,300,000","287,800,000","264,100,000","212,700,000","225,900,000","226,700,000","243,100,000","229,100,000","215,400,000","201,400,000","172,200,000","176,000,000","189,600,000","180,500,000","154,100,000","171,500,000","181,400,000","171,800,000","154,600,000","138,000,000","136,600,000","120,800,000","121,400,000","122,100,000","127,300,000","131,000,000","120,900,000","147,700,000","130,900,000","117,900,000","106,100,000","110,000,000","110,600,000","114,200,000","107,600,000","122,600,000","137,500,000","137,700,000"
	OperatingRevenue,"3,961,199,000","1,010,002,000","956,357,000","982,248,000","1,012,592,000","818,148,000","675,851,000","619,105,000","500,168,000","602,919,000","543,839,000","608,602,000","666,394,000","611,781,000","559,087,000","645,958,000","662,773,000","640,060,000","523,524,000","550,363,000","614,266,000","577,920,000","472,158,000","506,584,000","544,071,000","532,809,000","471,983,000","535,184,000","555,593,000","537,242,000","537,342,000","602,820,000","649,691,000","574,374,000","487,715,000","528,854,000","582,282,000","559,690,000","504,006,000","514,165,000","594,099,000","577,668,000","491,384,000","585,809,000","652,923,000","687,681,000","526,901,000","507,240,000","540,388,000","485,268,000","432,977,000","419,890,000","367,800,000","326,558,000","435,373,000","665,496,000","753,471,000","704,108,000","621,734,000","693,682,000","772,647,000","609,782,000","544,212,000","635,998,000","779,663,000","551,039,000","483,624,000","434,130,000","410,506,000","401,663,000","329,763,000","322,512,000","380,822,000","345,959,000","267,782,000","251,053,000","248,221,000","232,022,000","181,334,000","238,481,000","277,241,000","268,024,000","228,750,000","253,438,000","286,021,000","276,578,000","279,256,000","295,979,000","328,583,000","302,350,000","299,600,000","287,900,000","293,300,000","287,800,000","264,100,000","212,700,000","225,900,000","226,700,000","243,100,000","229,100,000","215,400,000","201,400,000","172,200,000","176,000,000","189,600,000","180,500,000","154,100,000","171,500,000","181,400,000","171,800,000","154,600,000","138,000,000","136,600,000","120,800,000","121,400,000","122,100,000","127,300,000","131,000,000","120,900,000","147,700,000","130,900,000","117,900,000","106,100,000","110,000,000","110,600,000","114,200,000","107,600,000","122,600,000","137,500,000","137,700,000"
CostOfRevenue,"3,015,082,000","744,511,000","726,594,000","744,265,000","799,712,000","668,418,000","553,507,000","500,780,000","403,159,000","508,715,000","449,481,000","510,788,000","563,948,000","511,393,000","473,954,000","566,956,000","563,820,000","545,670,000","456,617,000","471,262,000","524,311,000","488,427,000","396,129,000","424,668,000","456,060,000","446,642,000","411,336,000","467,167,000","470,365,000","460,834,000","468,889,000","521,278,000","557,775,000","495,777,000","421,812,000","456,302,000","501,125,000","482,850,000","438,719,000","449,718,000","522,851,000","493,175,000","427,942,000","523,984,000","573,877,000","589,874,000","457,521,000","437,597,000","466,645,000","413,048,000","372,247,000","354,039,000","313,353,000","287,383,000","371,648,000","588,469,000","661,209,000","611,797,000","523,381,000","603,219,000","661,746,000","536,578,000","486,383,000","528,946,000","637,038,000","457,069,000","389,874,000","360,514,000","345,663,000","334,024,000","267,675,000","263,188,000","303,720,000","281,029,000","218,513,000","201,960,000","203,461,000","191,915,000","140,452,000","187,353,000","216,318,000","208,490,000","177,946,000","190,809,000","219,090,000","218,116,000","216,941,000","234,063,000","247,793,000","226,514,000","228,100,000","216,300,000","220,300,000","221,700,000","207,400,000","164,000,000","173,500,000","175,500,000","195,000,000","181,400,000","172,700,000","155,800,000","128,300,000","133,200,000","149,500,000","143,500,000","122,300,000","137,400,000","149,600,000","140,600,000","123,000,000","113,300,000","110,000,000","97,500,000","95,800,000","96,300,000","103,400,000","108,300,000","101,100,000","122,400,000","109,400,000","96,800,000","93,100,000","97,000,000","90,100,000","93,100,000",,,,
GrossProfit,"946,117,000","265,491,000","229,763,000","237,983,000","212,880,000","149,730,000","122,344,000","118,325,000","97,009,000","94,204,000","94,358,000","97,814,000","102,446,000","100,388,000","85,133,000","79,002,000","98,953,000","94,390,000","66,907,000","79,101,000","89,955,000","89,493,000","76,029,000","81,916,000","88,011,000","86,167,000","60,647,000","68,017,000","85,228,000","76,408,000","68,453,000","81,542,000","91,916,000","78,597,000","65,903,000","72,552,000","81,157,000","76,840,000","65,287,000","64,447,000","71,248,000","84,493,000","63,442,000","61,825,000","79,046,000","97,807,000","69,380,000","69,643,000","73,743,000","72,220,000","60,730,000","65,851,000","54,447,000","39,175,000","63,725,000","77,027,000","92,262,000","92,311,000","98,353,000","90,463,000","110,901,000","73,204,000","57,829,000","107,052,000","142,625,000","93,970,000","93,750,000","73,616,000","64,843,000","67,639,000","62,088,000","59,324,000","77,102,000","64,930,000","49,269,000","49,093,000","44,760,000","40,107,000","40,882,000","51,128,000","60,923,000","59,534,000","50,804,000","62,629,000","66,931,000","58,462,000","62,315,000","61,916,000","80,790,000","75,836,000","71,500,000","71,600,000","73,000,000","66,100,000","56,700,000","48,700,000","52,400,000","51,200,000","48,100,000","47,700,000","42,700,000","45,600,000","43,900,000","42,800,000","40,100,000","37,000,000","31,800,000","34,100,000","31,800,000","31,200,000","31,600,000","24,700,000","26,600,000","23,300,000","25,600,000","25,800,000","23,900,000","22,700,000","19,800,000","25,300,000","21,500,000","21,100,000","13,000,000","13,000,000","20,500,000","21,100,000",,,,
OperatingExpense,"235,602,000","58,297,000","62,847,000","59,392,000","55,066,000","57,190,000","61,178,000","49,098,000","44,713,000","53,791,000","52,678,000","51,562,000","50,924,000","51,208,000","48,605,000","49,508,000","47,434,000","43,513,000","52,639,000","41,542,000","43,152,000","43,886,000","44,207,000","41,429,000","43,575,000","44,700,000","41,730,000","40,990,000","41,608,000","40,684,000","38,479,000","43,816,000","43,712,000","40,290,000","44,689,000","40,803,000","43,142,000","39,497,000","40,424,000","39,990,000","41,406,000","39,131,000","42,293,000","42,961,000","42,496,000","45,068,000","62,886,000","38,756,000","44,768,000","25,165,000","37,885,000","38,034,000","40,671,000","41,638,000","39,129,000","47,203,000","45,622,000","49,275,000","43,439,000","47,828,000","50,277,000","45,893,000","42,123,000","45,249,000","50,065,000","45,154,000","44,731,000","43,079,000","39,547,000","40,433,000","37,879,000","34,567,000","38,089,000","36,478,000","34,204,000","33,772,000","33,040,000","32,829,000","26,823,000","31,167,000","32,695,000","32,301,000","34,622,000","30,407,000","32,410,000","33,083,000","33,145,000","31,675,000","34,059,000","33,332,000","32,500,000","32,500,000","35,200,000","34,200,000","29,500,000","23,400,000","24,100,000","23,400,000","23,200,000","20,700,000","20,200,000","20,300,000","18,000,000","17,500,000","19,400,000","18,400,000","15,100,000","17,100,000","16,200,000","16,600,000","16,100,000","13,700,000","14,400,000","13,400,000","14,300,000","16,200,000","14,500,000","15,000,000","9,800,000","18,900,000","14,600,000","14,800,000","17,100,000","16,300,000","17,600,000","18,400,000",,,,
	SellingGeneralAndAdministration,"186,073,000","47,456,000","46,161,000","48,524,000","43,932,000","45,435,000","44,769,000","38,346,000","33,616,000","42,752,000","40,520,000","40,739,000","40,446,000","40,653,000","36,811,000","38,889,000","38,428,000","34,057,000","36,627,000","33,276,000","34,557,000","35,531,000","34,792,000","32,413,000","34,514,000","35,780,000","31,866,000","32,241,000","33,420,000","32,831,000","29,573,000","34,864,000","35,120,000","32,183,000","35,836,000","32,921,000","34,814,000","31,343,000","32,247,000","32,120,000","33,487,000","31,602,000","33,009,000","34,245,000","33,330,000","35,369,000","52,894,000","28,822,000","34,678,000","37,323,000","27,593,000","27,593,000","30,316,000","31,158,000","28,301,000","35,674,000","34,618,000","38,291,000","33,140,000","36,246,000","38,971,000","34,927,000","31,537,000","34,787,000","39,689,000","34,959,000","34,606,000","33,297,000","29,136,000","30,355,000","26,990,000","24,529,000","28,199,000","26,682,000","23,719,000","24,301,000","23,575,000","23,296,000","17,506,000","21,915,000","23,086,000","22,717,000","21,288,000","21,073,000","22,761,000","22,556,000","23,207,000","22,437,000","24,820,000","24,290,000","23,100,000","23,200,000","25,900,000","25,200,000","21,500,000","17,700,000","18,400,000","17,800,000","17,600,000","15,100,000","15,200,000","15,500,000","13,200,000","12,800,000","14,900,000","13,900,000","11,100,000","13,000,000","12,400,000","13,000,000","12,500,000","10,500,000","11,200,000","10,700,000","11,200,000","11,400,000","11,200,000","12,100,000","6,800,000","15,300,000","11,700,000","11,900,000","12,800,000","12,700,000","15,000,000","15,700,000",,,,
		GeneralAndAdministrativeExpense,,"47,456,000","48,729,000",,"43,932,000",,"44,649,000",,"33,616,000","42,752,000","39,557,000",,,,"36,892,000","38,889,000",,"34,057,000","36,627,000","33,276,000","34,557,000","35,531,000","34,792,000","32,413,000","34,514,000","35,780,000","31,866,000","32,241,000","33,420,000","32,831,000","29,573,000","34,864,000","35,120,000","32,183,000","35,836,000","32,921,000","34,814,000","31,343,000","32,247,000",,,,,,,,,"28,822,000","34,678,000",,,,,,,,,,,,,,,,,,,,,,,,,,,,,,,,,,,,,,,,,,,,,,,,,,,,,,,,,,,,,,,,,,,,,,,,,,,,,,,,,
			InsuranceAndClaims,,,,,,,,,,,,,,,,,,,,,,,,,,,,,,,,,,,,,,,,,,,,,,,,"12,000","1,210,000",,,,,,,,,,,,,,,,,,,,,,,,,,,,,,,,,,,,,,,,,,,,,,,,,,,,,,,,,,,,,,,,,,,,,,,,,,,,,,,,,
			OtherGandA,,"47,456,000","48,729,000",,"43,932,000",,"44,649,000",,"33,616,000","42,752,000","39,557,000",,,,"36,892,000","38,889,000",,"34,057,000","36,627,000","33,276,000","34,557,000","35,531,000","34,792,000","32,413,000","34,514,000","35,780,000","31,866,000","32,241,000","33,420,000","32,831,000","29,573,000","34,864,000","35,120,000","32,183,000","35,836,000","32,921,000","34,814,000","31,343,000","32,247,000",,,,,,,,,"28,810,000","33,468,000",,,,,,,,,,,,,,,,,,,,,,,,,,,,,,,,,,,,,,,,,,,,,,,,,,,,,,,,,,,,,,,,,,,,,,,,,,,,,,,,,
	DepreciationAmortizationDepletionIncomeStatement,"44,476,000","10,841,000","11,633,000","10,868,000","11,134,000","11,755,000","11,955,000","10,752,000","11,097,000","11,039,000","10,837,000","10,823,000","10,478,000","10,555,000","10,474,000","10,619,000","9,006,000","9,456,000","8,728,000","8,266,000","8,595,000","8,355,000","8,136,000","9,016,000","9,061,000","8,920,000","9,818,000","8,749,000","8,188,000","7,853,000","8,084,000","8,952,000","8,592,000","8,107,000","8,030,000","7,882,000","8,328,000","8,154,000","8,177,000","7,870,000","7,919,000","7,529,000","9,284,000","8,716,000","9,166,000","9,699,000","9,992,000","9,934,000","10,090,000","10,348,000","10,292,000","10,441,000","10,355,000","10,480,000","10,828,000","11,529,000","11,004,000","10,984,000","10,299,000","11,582,000","11,306,000","10,966,000","10,586,000","10,462,000","10,376,000","10,195,000","10,125,000","10,082,000","10,411,000","10,078,000","10,211,000","10,278,000","10,159,000","9,965,000","9,715,000","9,777,000","9,722,000","9,740,000","8,429,000","9,735,000","9,839,000","9,759,000","10,368,000","10,683,000","10,505,000","10,527,000","9,938,000","9,238,000","9,239,000","9,042,000","9,400,000","9,300,000","9,300,000","9,000,000","8,000,000","5,700,000","5,700,000","5,600,000","5,600,000","5,600,000","5,000,000","4,800,000","4,800,000","4,700,000","4,500,000","4,500,000","4,000,000","4,100,000","3,800,000","3,600,000","3,600,000","3,200,000","3,200,000","2,700,000","3,100,000","4,800,000","3,300,000","2,900,000","3,000,000","3,600,000","2,900,000","2,900,000","4,300,000","3,600,000","2,600,000","2,700,000",,,,
		DepreciationAndAmortizationInIncomeStatement,"44,476,000","10,841,000","11,633,000","10,868,000","11,134,000","11,755,000","11,955,000","10,752,000","11,097,000","11,039,000","10,837,000","10,823,000","10,478,000","10,555,000","10,474,000","10,619,000","9,006,000","9,456,000","8,728,000","8,266,000","8,595,000","8,355,000","8,136,000","9,016,000","9,061,000","8,920,000","9,818,000","8,749,000","8,188,000","7,853,000","8,084,000","8,952,000","8,592,000","8,107,000","8,030,000","7,882,000","8,328,000","8,154,000","8,177,000","7,870,000","7,919,000","7,529,000","9,284,000","8,716,000","9,166,000","9,699,000","9,992,000","9,934,000","10,090,000","10,348,000","10,292,000","10,441,000","10,355,000","10,480,000","10,828,000","11,529,000","11,004,000","10,984,000","10,299,000","11,582,000","11,306,000","10,966,000","10,586,000","10,462,000","10,376,000","10,195,000","10,125,000","10,082,000","10,411,000","10,078,000","10,211,000","10,278,000","10,159,000","9,965,000","9,715,000","9,777,000","9,722,000","9,740,000","8,429,000","9,735,000","9,839,000","9,759,000","10,368,000","10,683,000","10,505,000","10,527,000","9,938,000","9,238,000","9,239,000","9,042,000","9,400,000","9,300,000","9,300,000","9,000,000","8,000,000","5,700,000","5,700,000","5,600,000","5,600,000","5,600,000","5,000,000","4,800,000","4,800,000","4,700,000","4,500,000","4,500,000","4,000,000","4,100,000","3,800,000","3,600,000","3,600,000","3,200,000","3,200,000","2,700,000","3,100,000","4,800,000","3,300,000","2,900,000","3,000,000","3,600,000","2,900,000","2,900,000","4,300,000","3,600,000","2,600,000","2,700,000",,,,
	OtherOperatingExpenses,,,"982,000",,,,"3,488,000",,,,"440,000",,,,"623,000",,,,"6,221,000",,,,,,,,,,,,,,,,,,,,,,,,,,,,,,"1,210,000","-22,506,000",,,,,,,,,,,,,,,,,,"-300,000",,,,"-240,000","-269,000","-169,000",,"-306,000","-257,000","-207,000",,"-483,000","-230,000","-175,000",,"-1,349,000","-856,000",,,,,,,,,,,,,,,,,,,,,,,,,,,,,,,,,,,,,,,,,,,,,
OperatingIncome,"710,515,000","207,194,000","166,916,000","178,591,000","157,814,000","92,540,000","61,166,000","69,227,000","52,296,000","40,413,000","41,680,000","46,252,000","51,522,000","49,180,000","36,528,000","29,494,000","51,519,000","50,877,000","14,268,000","37,559,000","46,803,000","45,607,000","31,822,000","40,487,000","44,436,000","41,467,000","18,917,000","27,027,000","43,620,000","35,724,000","29,974,000","37,726,000","48,204,000","38,307,000","21,214,000","31,749,000","38,015,000","37,343,000","24,863,000","24,457,000","29,842,000","45,362,000","21,149,000","18,864,000","36,550,000","52,739,000","6,494,000","30,887,000","28,975,000","47,055,000","22,845,000","27,817,000","13,776,000","-2,463,000","24,596,000","29,824,000","46,640,000","43,036,000","54,914,000","42,635,000","60,624,000","27,311,000","15,706,000","61,803,000","92,560,000","48,816,000","49,019,000","30,537,000","25,296,000","27,206,000","24,209,000","24,757,000","39,013,000","28,452,000","15,065,000","15,321,000","11,720,000","7,278,000","14,059,000","19,961,000","28,228,000","27,233,000","16,182,000","32,222,000","34,521,000","25,379,000","29,170,000","30,241,000","46,731,000","42,504,000","39,000,000","39,100,000","37,800,000","31,900,000","27,200,000","25,300,000","28,300,000","27,800,000","24,900,000","27,000,000","22,500,000","25,300,000","25,900,000","25,300,000","20,700,000","18,600,000","16,700,000","17,000,000","15,600,000","14,600,000","15,500,000","11,000,000","12,200,000","9,900,000","11,300,000","9,600,000","9,400,000","7,700,000","10,000,000","6,400,000","6,900,000","6,300,000","-4,100,000","-3,300,000","2,900,000","2,700,000","-402,200,000","122,600,000","137,500,000","137,700,000"
NetNonOperatingInterestIncomeExpense,"-3,045,000","-158,000","95,000","-1,116,000","-1,866,000","-4,469,000","-2,909,000","-4,885,000","-4,973,000","-5,379,000","-4,826,000","-6,148,000","-7,033,000","-6,954,000","-5,847,000","-6,746,000","-6,073,000","-5,909,000","-4,608,000","-5,237,000","-6,442,000","-2,531,000","-832,000","-1,830,000","-1,692,000","-1,848,000","-661,000","-1,682,000","-2,219,000","-2,076,000","-1,254,000","-1,430,000","-1,457,000","-1,026,000","-144,000","-1,243,000","-1,101,000","-596,000","-1,179,000","-353,000","-2,721,000","-2,637,000","-2,549,000","-2,822,000","-2,834,000","-3,087,000","-2,823,000","-2,782,000","-2,781,000","-2,432,000","-2,353,000","-2,193,000","-2,199,000","-2,138,000",,,,,,,,,,,,,,,,,,,,,,,,,,,,,,,,,,,,,,,,,,,,,,,,,,,,,,,,,,,,,,,,,,,,,,,,,,,,
	InterestIncomeNonOperating,,,,,,,,,,,,,,,,,,,,,,,,,,,,,,,,,,,,,,,,,,,,,,"261,000","256,000","290,000","183,000","100,000","57,000","242,000","283,000","498,000",,,,,,,,,,,,,,,,,,,,,,,,,,,,,,,,,,,,,,,,,,,,,,,,,,,,,,,,,,,,,,,,,,,,,,,,,,,,
	InterestExpenseNonOperating,"3,398,000","158,000","258,000","1,116,000","1,866,000","4,469,000","4,010,000","4,885,000","4,973,000","5,379,000","5,548,000","6,148,000","7,033,000","6,954,000","6,471,000","6,746,000","6,073,000","5,909,000","5,292,000","5,237,000","6,442,000","2,531,000","2,017,000","1,830,000","1,692,000","1,848,000","1,690,000","1,682,000","2,219,000","2,076,000","1,827,000","1,430,000","1,457,000","1,026,000","1,050,000","1,243,000","1,101,000","596,000","1,179,000","353,000","2,721,000","2,637,000","2,549,000","2,822,000","2,834,000","3,348,000","3,079,000","3,072,000","2,964,000","2,532,000","2,410,000","2,435,000","2,482,000","2,636,000",,,,,,,,,,,,,,,,,,,,,,,,,,,,,,,,,,,,,,,,,,,,,,,,,,,,,,,,,,,,,,,,,,,,,,,,,,,,
OtherIncomeExpense,"58,344,000","6,287,000","4,837,000","52,211,000","-4,991,000","577,000","-18,299,000","522,000","2,834,000","19,176,000","1,587,000","533,000","462,000","-172,000","3,900,000","4,588,000","995,000","-2,909,000","1,229,000","-458,000","231,000","551,000","-3,860,000","-2,880,000","515,000","245,000","671,000","164,000","12,199,000","105,000","-1,471,000","225,000","127,000","88,000","44,000","36,303,000","106,651,000","3,163,000","257,000","219,000","490,000","1,754,000","487,000","102,000","264,000","11,298,000","22,178,000","-260,000","-2,701,000","-118,000","-29,628,000","-566,000","102,000","42,000","-20,481,000","2,319,000","951,000","4,017,000","-5,982,000","17,996,000","1,925,000","4,953,000","-4,300,000","1,452,000","-67,000","2,013,000","1,809,000","5,421,000","3,973,000","794,000","2,359,000","1,117,000","911,000","-5,427,000","1,195,000","214,000","1,668,000","143,000","1,800,000","139,000","966,000","1,286,000","3,386,000","-943,000","-343,000","244,000","45,000","2,554,000","2,731,000","2,224,000","2,400,000","2,100,000","2,800,000","2,100,000","500,000","1,800,000","2,000,000","2,100,000","4,300,000","600,000","2,200,000","-1,000,000","900,000","-500,000","1,100,000","1,900,000","1,300,000","800,000","1,100,000","1,500,000","-1,100,000","3,000,000","1,000,000","700,000","-1,200,000","900,000","800,000","600,000","-2,100,000","1,600,000","600,000","600,000","-45,000,000","1,200,000","1,800,000","500,000",,,,
	SpecialIncomeCharges,"60,438,000","5,507,000","172,000","54,759,000","0","0","-18,451,000","0","0","18,898,000","1,448,000","0","0","0","2,114,000","4,177,000","409,000","-3,469,000","436,000","0",,,"-3,778,000","-3,000,000","0",,"0","0","11,934,000",,"-1,037,000","0","0",,"3,000,000","35,461,000","106,332,000","0","-282,000","219,000","490,000","1,754,000","487,000","102,000","264,000","11,298,000","22,178,000","-260,000","-2,701,000","-118,000","-29,628,000","-566,000","102,000","42,000","-20,481,000","2,319,000","951,000","4,017,000","-5,982,000","17,996,000","1,925,000","4,953,000","-4,300,000","1,452,000","-67,000","2,013,000","1,809,000","5,421,000","3,973,000","794,000","2,359,000","1,117,000","911,000","-5,427,000","1,195,000","214,000","1,668,000","143,000","1,800,000","139,000","966,000","1,286,000","3,386,000","-943,000","-343,000","244,000","45,000","2,554,000","2,731,000","2,224,000","2,400,000","2,100,000","2,800,000","2,100,000","500,000","1,800,000","2,000,000","2,100,000","4,300,000","600,000","2,200,000","-1,000,000","900,000","-500,000","1,100,000","1,900,000","1,300,000","800,000","1,100,000","1,500,000","-1,100,000","3,000,000","1,000,000","700,000","-1,200,000","900,000","800,000","600,000","-2,100,000","1,600,000","600,000","600,000","-45,000,000","1,200,000","1,800,000","500,000",,,,
		RestructuringAndMergernAcquisition,,,,,,,,,,,,,,,,,,,,,,,"0","0","0",,"0","0","3,442,000",,"4,224,000",,,,"0",,,,"3,369,000",,,,,,,,,,,,,,,,,,,,,,,,,,,,,,,,,,,,,,,,,,,,,,,,,,,,,,,,,,,,,,,,,,,,,,,,,,,,,,,,,,,,,,,,,,,
		ImpairmentOfCapitalAssets,,,"261,000",,,"0","736,000","0","0","3,035,000",,,,"0","0","0",,"3,469,000","1,055,000","0",,,"3,778,000","3,000,000",,,,,,,"0","0",,,"0","4,304,000",,,,,,,,,,,,,,,,,,,,,,,,,,,,,,,,,,,,,,,,,,,,,,,,,,,,,,,,,,,,,,,,,,,,,,,,,,,,,,,,,,,,,,,,,,,,,,
		WriteOff,,,,,"0","0",,"0","0","3,035,000",,,,"0",,"0",,"3,469,000",,"0",,,,"3,000,000",,,,,,,,,,,,,,,,,,,,,,,,,,,,,,,,,,,,,,,,,,,,,,,,,,,,,,,,,,,,,,,,,,,,,,,,,,,,,,,,,,,,,,,,,,,,,,,,,,,,,,,,,,
		OtherSpecialCharges,,,,,,,"17,715,000",,,"-21,933,000","-485,000",,,,"-2,195,000","-1,486,000",,,,,,,,,,,,,,,,,,,"0",,"-106,332,000",,"-3,087,000","-219,000","-490,000","-1,754,000","-487,000","-102,000","-264,000","-11,030,000","-22,682,000","172,000","2,531,000","124,000",,,"-449,000",,,,,,,,,,,,,,,,,,,,,,,,,,,,,,,,,,,,,,,,,,,,,,,,,,,,,,,,,,,,,,,,,,,,,,,,,,,,,
		GainOnSaleOfBusiness,,,"3,001,000","54,759,000",,,,,,,,,,,,,,,,,,,,,,,,,,,,,,,,,,,,,,,,,,,,,,,,,,,,,,,,,,,,,,,,,,,,,,,,,,,,,,,,,,,,,,,,,,,,,,,,,,,,,,,,,,,,,,,,,,,,,,,,,,,,,,
		GainOnSaleOfPPE,"5,507,000","5,507,000",,,,,,,,,"963,000","0","0",,"-81,000","2,691,000","409,000",,"0",,,,"0","0","0",,"0","0","15,376,000",,"6,259,000","0",,,"3,000,000","39,765,000",,,,,,,,,,"268,000","-504,000","-88,000","-170,000","6,000",,,"-347,000",,,,,,,,,,,,,,,,,,,,,,,,,,,,,,,,,,,,,,,,,,,,,,,,,,,,,,,,,,,,,,,,,,,,,,,,,,,,,
	OtherNonOperatingIncomeExpenses,"-2,094,000","780,000","4,665,000","-2,548,000","-4,991,000","577,000","152,000","522,000","2,834,000","278,000","139,000","533,000","462,000","-172,000","1,786,000","411,000","586,000","560,000","793,000","-458,000","231,000","551,000","-82,000","120,000","515,000","245,000","671,000","164,000","265,000","105,000","-434,000","225,000","127,000","88,000","-2,956,000","842,000","319,000","3,163,000","-424,000",,,,,,,,,,,,,,,,,,,,,,,,,,,,,,,,,,,,,,,,,,,,,,,,,,,,,,,,,,,,,,,,,,,,,,,,,,,,,,,,,,,,,,,,,,,
PretaxIncome,"765,814,000","213,323,000","171,848,000","229,686,000","150,957,000","88,648,000","39,958,000","64,864,000","50,157,000","54,210,000","38,441,000","40,637,000","44,951,000","42,054,000","34,581,000","27,336,000","46,441,000","42,059,000","10,889,000","31,864,000","40,592,000","43,627,000","27,130,000","35,777,000","43,259,000","39,864,000","18,927,000","25,509,000","53,600,000","33,753,000","27,249,000","36,521,000","46,874,000","37,369,000","21,114,000","66,809,000","143,565,000","39,910,000","23,941,000","24,323,000","27,611,000","44,479,000","19,087,000","16,144,000","33,980,000","60,950,000","25,849,000","27,845,000","23,493,000","44,663,000","-9,136,000","25,058,000","11,679,000","-4,472,000","8,114,000","27,093,000","42,353,000","41,586,000","49,475,000","50,176,000","56,860,000","26,770,000","12,163,000","58,170,000","87,279,000","45,967,000","46,008,000","30,864,000","24,517,000","22,816,000","23,253,000","25,638,000","39,725,000","26,742,000","15,962,000","15,268,000","13,096,000","7,110,000","15,555,000","19,780,000","28,851,000","28,026,000","18,915,000","30,619,000","33,498,000","24,960,000","27,058,000","30,588,000","47,166,000","42,101,000","38,900,000","38,100,000","37,400,000","31,200,000","25,700,000","26,100,000","29,000,000","28,600,000","28,500,000","25,800,000","23,500,000","23,100,000","25,600,000","23,400,000","20,100,000","19,300,000","17,200,000","17,000,000","15,600,000","14,700,000","13,000,000","12,000,000","11,500,000","8,900,000","8,700,000","9,000,000","8,700,000","7,000,000","6,700,000","6,300,000","6,000,000","5,400,000","-51,900,000","-3,300,000","3,100,000","2,400,000",,,,
TaxProvision,"198,296,000","54,199,000","44,862,000","60,229,000","39,006,000","21,761,000","12,698,000","15,450,000","13,029,000","14,144,000","7,614,000","7,665,000","10,432,000","9,546,000","7,773,000","3,373,000","12,411,000","7,395,000","4,589,000","8,716,000","12,650,000","11,929,000","9,174,000","10,837,000","14,005,000","14,121,000","7,008,000","5,223,000","19,738,000","11,413,000","9,200,000","12,199,000","11,665,000","12,415,000","6,094,000","26,816,000","51,723,000","13,476,000","7,195,000","8,753,000","9,071,000","11,662,000","6,015,000","5,403,000","11,249,000","20,408,000","7,897,000","9,098,000","7,456,000","9,864,000","7,996,000","6,246,000","5,512,000","-1,962,000","340,000","8,422,000","15,339,000","14,231,000","20,635,000","18,852,000","20,462,000","7,857,000","6,988,000","6,591,000","28,529,000","12,602,000","10,197,000","9,848,000","7,334,000","7,608,000","7,599,000","6,884,000","12,677,000","8,782,000","4,917,000","-4,469,000","4,117,000","2,650,000","3,333,000","-5,086,000","10,386,000","10,090,000","7,205,000","11,618,000","12,723,000","9,491,000","10,003,000","11,281,000","17,404,000","15,535,000","13,100,000","11,800,000","12,000,000","9,500,000","8,000,000","7,300,000","9,300,000","9,300,000","8,800,000","7,700,000","7,200,000","7,300,000","7,800,000","7,200,000","6,200,000","6,000,000","4,700,000","5,400,000","4,900,000","4,600,000","3,600,000","3,500,000","4,200,000","3,300,000","2,800,000","3,400,000","3,400,000","2,800,000","1,000,000","2,400,000","2,600,000","2,100,000","-6,800,000","-1,200,000","1,100,000","900,000",,,,
EarningsFromEquityInterestNetOfTax,"1,616,000","124,000","-288,000","2,799,000","-1,019,000","-1,649,000","9,994,000","-5,457,000","-8,641,000","-6,115,000","-854,000","-2,528,000","-5,843,000","-15,369,000","923,000","-3,100,000","-148,000","-10,320,000","-331,000","-394,000","-109,000","-1,243,000","-1,188,000","1,122,000","-995,000","2,922,000","2,191,000","-2,191,000",,,,,,,,,,,,,,,,,,,,,,,,,,,,,,,,,,,,,,,,,,,,,,,,,,,,,,,,,,,,,,,,,,,,,,,,,,,,,,,,,,,,,,,,,,,,,,,,,,,,,,
NetIncomeCommonStockholders,"563,729,000","158,316,000","125,601,000","170,980,000","108,832,000","63,107,000","36,420,000","42,702,000","27,956,000","32,415,000","28,170,000","29,093,000","27,986,000","15,723,000","26,857,000","20,292,000","33,182,000","24,128,000","5,720,000","22,258,000","27,633,000","29,987,000","17,322,000","25,978,000","27,797,000","28,630,000","14,435,000","17,800,000","33,651,000","21,978,000","17,986,000","23,823,000","35,045,000","24,706,000","15,384,000","39,864,000","91,150,000","26,202,000","16,368,000","15,511,000","17,917,000","32,599,000","12,928,000","10,475,000","22,331,000","40,587,000","17,746,000","18,909,000","15,558,000","33,958,000","-17,527,000","18,666,000","6,028,000","-2,492,000","7,774,000","18,671,000","27,014,000","27,355,000","28,840,000","31,324,000","36,398,000","18,913,000","5,175,000","51,579,000","58,750,000","33,365,000","35,811,000","24,340,000","17,183,000","15,208,000","15,654,000","18,754,000","27,048,000","17,960,000","11,045,000","21,436,000","8,979,000","3,921,000","-5,041,000","46,632,000","18,465,000","17,936,000","11,710,000","19,001,000","20,775,000","15,469,000","17,055,000","19,307,000","29,762,000","26,566,000","25,800,000","26,300,000","25,400,000","21,700,000","17,700,000","18,800,000","19,700,000","19,300,000","19,700,000","18,100,000","16,300,000","15,800,000","17,800,000","16,200,000","13,900,000","13,300,000","12,500,000","11,600,000","10,700,000","10,100,000","9,400,000","8,500,000","7,300,000","5,600,000","5,900,000","5,600,000","5,300,000","4,200,000","6,100,000","3,900,000","3,400,000","3,300,000","-45,100,000","-2,100,000","2,000,000","1,500,000",,,,
	NetIncome,"563,729,000","158,316,000","125,601,000","170,980,000","108,832,000","63,107,000","36,420,000","42,702,000","27,956,000","32,415,000","28,170,000","29,093,000","27,986,000","15,723,000","26,857,000","20,292,000","33,182,000","24,128,000","5,720,000","22,258,000","27,633,000","29,987,000","17,322,000","25,978,000","27,797,000","28,630,000","14,435,000","17,800,000","33,651,000","21,978,000","17,986,000","23,823,000","35,045,000","24,706,000","15,384,000","39,864,000","91,150,000","26,202,000","16,368,000","15,511,000","17,917,000","32,599,000","12,928,000","10,475,000","22,331,000","40,587,000","17,746,000","18,909,000","15,558,000","33,958,000","-17,527,000","18,666,000","6,028,000","-2,492,000","7,774,000","18,671,000","27,014,000","27,355,000","28,840,000","31,324,000","36,398,000","18,913,000","5,175,000","51,579,000","58,750,000","33,365,000","35,811,000","24,340,000","17,183,000","15,208,000","15,654,000","18,754,000","27,048,000","17,960,000","11,045,000","21,436,000","8,979,000","3,921,000","-5,041,000","46,632,000","18,465,000","17,936,000","11,710,000","19,001,000","20,775,000","15,469,000","17,055,000","19,307,000","29,762,000","26,566,000","25,800,000","26,300,000","25,400,000","21,700,000","17,700,000","18,800,000","19,700,000","19,300,000","19,700,000","18,100,000","16,300,000","15,800,000","17,800,000","16,200,000","13,900,000","13,300,000","12,500,000","11,600,000","10,700,000","10,100,000","9,400,000","8,500,000","7,300,000","5,600,000","5,900,000","5,600,000","5,300,000","4,200,000","6,100,000","3,900,000","3,400,000","3,300,000","-45,100,000","-2,100,000","2,000,000","1,500,000",,,,
		NetIncomeIncludingNoncontrollingInterests,"569,134,000","159,248,000","126,698,000","172,256,000","110,932,000","65,238,000","37,254,000","43,957,000","28,487,000","33,951,000","29,973,000","30,444,000","28,676,000","17,139,000","27,731,000","20,863,000","33,882,000","24,344,000","5,969,000","22,754,000","27,833,000","30,455,000","16,768,000","26,062,000","28,259,000","28,665,000","14,110,000","18,095,000","33,862,000","22,340,000","18,049,000","24,322,000","35,209,000","24,954,000","15,020,000","39,993,000","91,842,000","26,434,000","16,746,000","15,570,000","18,540,000","32,817,000","13,072,000","10,741,000","22,731,000","40,542,000","17,952,000","18,747,000","16,037,000","34,799,000","-17,132,000","18,812,000","6,167,000","-2,510,000","7,774,000","18,671,000","27,014,000","27,355,000","28,702,000","30,698,000","36,398,000","18,913,000","5,175,000","51,579,000","58,750,000","33,365,000","35,811,000","24,340,000","17,183,000","15,208,000","15,654,000","18,754,000","27,048,000","17,960,000","11,045,000","21,436,000","8,979,000","3,921,000","-5,041,000","46,632,000","18,465,000","17,936,000","11,710,000","19,001,000","20,775,000","15,469,000","17,055,000","19,307,000","29,762,000","26,566,000","25,800,000","26,300,000","25,400,000","21,700,000","17,700,000","18,800,000","19,700,000","19,300,000","19,700,000","18,100,000","16,300,000","15,800,000","17,800,000","16,200,000","13,900,000","13,300,000","12,500,000","11,600,000","10,700,000","10,100,000","9,400,000","8,500,000","7,300,000","5,600,000","5,900,000","5,600,000","5,300,000","4,200,000","6,100,000","3,900,000","3,400,000","3,300,000","-45,100,000","-2,100,000","2,000,000","1,500,000","16,200,000","11,200,000","11,000,000","18,300,000"
			NetIncomeContinuousOperations,"569,134,000","159,248,000","126,698,000","172,256,000","110,932,000","65,238,000","37,254,000","43,957,000","28,487,000","33,951,000","29,973,000","30,444,000","28,676,000","17,139,000","27,731,000","20,863,000","33,882,000","24,344,000","5,969,000","22,754,000","27,833,000","30,455,000","16,768,000","26,062,000","28,259,000","28,665,000","14,110,000","18,095,000","33,862,000","22,340,000","18,049,000","24,322,000","35,209,000","24,954,000","15,020,000","39,993,000","91,842,000","26,434,000","16,746,000","15,570,000","18,540,000","32,817,000","13,072,000","10,741,000","22,731,000","40,542,000","17,952,000","18,747,000","16,037,000","34,799,000","-17,132,000","18,812,000","6,167,000","-2,510,000","7,774,000","18,671,000","27,014,000","27,355,000","28,840,000","31,324,000","36,398,000","18,913,000","5,175,000","51,579,000","58,750,000","33,365,000","35,811,000","21,016,000","17,183,000","15,208,000","15,654,000","18,754,000","27,048,000","17,960,000","11,045,000","19,737,000","8,979,000","4,460,000","12,222,000","24,866,000","18,465,000","17,936,000","11,710,000","19,001,000","20,775,000","15,469,000","17,055,000","19,307,000","29,762,000","26,566,000","25,800,000","26,300,000","25,400,000","21,700,000","17,700,000","18,800,000","19,700,000","19,300,000","19,700,000","18,100,000","16,300,000","15,800,000","17,800,000","16,200,000","13,900,000","13,300,000","12,500,000","11,600,000","10,700,000","10,100,000","9,400,000","8,500,000","7,300,000","5,600,000","5,900,000","5,600,000","5,300,000","4,200,000","5,700,000","3,900,000","3,400,000","3,300,000","-45,100,000","-2,100,000","2,000,000","1,500,000","17,900,000","10,200,000","19,100,000","17,600,000"
			NetIncomeDiscontinuousOperations,,,,,,,,,,,,,,,,,,,,,,,,,,,,,,,,,,,,,,,,,,,,,,,,,,,,,,,,,,,,,,,,,,,"0","3,324,000",,,,,,,"0","1,699,000",,"-539,000","-17,263,000","21,766,000",,,,,,,,,,,,,,,,,,,,,,,,,,,,,,,,,,,,,,,,,,,,,,,"-1,700,000","1,000,000","-8,100,000","700,000"
		MinorityInterests,"-5,405,000","-932,000","-1,097,000","-1,276,000","-2,100,000","-2,131,000","-834,000","-1,255,000","-531,000","-1,536,000","-1,803,000","-1,351,000","-690,000","-1,416,000","-874,000","-571,000","-700,000","-216,000","-249,000","-496,000","-200,000","-468,000","554,000","-84,000","-462,000","-35,000","325,000","-295,000","-211,000","-362,000","-63,000","-499,000","-164,000","-248,000","364,000","-129,000","-692,000","-232,000","-378,000","-59,000","-623,000","-218,000","-144,000","-266,000","-400,000","45,000","-206,000","162,000","-479,000","-841,000","-395,000","-146,000","-139,000","18,000",,,,,"138,000","626,000",,,,,,,,,,,,,,,,,,,,,,,,,,,,,,,,,,,,,,,,,,,,,,,,,,,,,,,,,,,,,,,,,,,,,,
	OtherunderPreferredStockDividend,,,,,,,,,,,,,,,,,,,,,,,,,,,,,,,,,,,,,,,,,,,,,,,,,,,,,"139,000","-18,000",,,,,,,,,,,,,,,,,,,,,,,,,,,,,,,,,,,,,,,,,,,,,,,,,,,,,,,,,,,,,,,,,,,,,,,,,,,,
DilutedNIAvailtoComStockholders,"563,729,000","158,316,000","125,601,000","170,980,000","108,832,000","63,107,000","36,420,000","42,702,000","27,956,000","32,415,000","28,170,000","29,093,000","27,986,000","15,723,000","26,857,000","20,292,000","33,182,000","24,128,000","5,720,000","22,258,000","27,633,000","29,987,000","17,322,000","25,978,000","27,797,000","28,630,000","14,435,000","17,800,000","33,651,000","21,978,000","17,986,000","23,823,000","35,045,000","24,706,000","15,384,000","39,864,000","91,150,000","26,202,000","16,368,000","15,511,000","17,917,000","32,599,000","12,928,000","10,475,000","22,331,000","40,587,000","17,746,000","18,909,000","15,558,000","33,958,000","-17,527,000","18,666,000","6,028,000","-2,492,000","7,774,000","18,671,000","27,014,000","27,355,000","28,840,000","31,324,000","36,398,000","18,913,000","5,175,000","51,579,000","58,750,000","33,365,000","35,811,000","24,340,000","17,183,000","15,208,000","15,654,000","18,754,000","27,048,000","17,960,000","11,045,000","21,436,000","8,979,000","3,921,000","-5,041,000","46,632,000","18,465,000","17,936,000","11,710,000","19,001,000","20,775,000","15,469,000","17,055,000","19,307,000","29,762,000","26,566,000","25,800,000","26,300,000","25,400,000","21,700,000","17,700,000","18,800,000","19,700,000","19,300,000","19,700,000","18,100,000","16,300,000","15,800,000","17,800,000","16,200,000","13,900,000","13,300,000","12,500,000","11,600,000","10,700,000","10,100,000","9,400,000","8,500,000","7,300,000","5,600,000","5,900,000","5,600,000","5,300,000","4,200,000","6,100,000","3,900,000","3,400,000","3,300,000","-45,100,000","-2,100,000","2,000,000","1,500,000",,,,
BasicEPS,,"2.82","2.24","3.05","1.95","1.13","0.65","0.77","0.5","0.58","0.5","0.52","0.5","0.28","0.47","0.36","0.58","0.42","0.1","0.39","0.49","0.53","0.31","0.46","0.49","0.51","0.26","0.32","0.6","0.39","0.32","0.42","0.63","0.44","0.275","0.715","1.635","0.47","0.295","0.205","0.235","0.43",,"0.14","0.295","0.54",,"0.25","0.205","0.45",,"0.25","0.08","-0.035",,"0.25","0.365","0.37",,"0.42","0.49","0.255",,"0.695","0.795","0.455",,"0.33","0.235","0.21",,"0.265","0.385","0.26",,"0.315","0.13","0.055",,"0.68","0.27","0.27",,"0.285","0.31","0.23",,"0.28","0.43","0.38",,"0.37","0.355","0.305",,"0.265","0.28","0.275",,"0.23","0.21","0.2",,"0.21","0.18","0.175",,"0.15","0.14","0.135",,"0.115","0.09","0.07",,"0.07","0.065","0.055",,"0.05","0.045","0.045",,"-0.03","0.025","0.02",,"0","0","0"
DilutedEPS,,"2.78","2.21","3.01","1.92","1.11","0.64","0.76","0.5","0.57","0.5","0.52","0.5","0.28","0.47","0.35","0.58","0.42","0.1","0.39","0.48","0.52","0.3","0.45","0.49","0.5","0.25","0.31","0.59","0.39","0.32","0.42","0.62","0.44","0.27","0.705","1.615","0.465","0.29","0.205","0.235","0.425",,"0.135","0.295","0.535",,"0.25","0.205","0.45",,"0.25","0.08","-0.035",,"0.25","0.36","0.365",,"0.42","0.49","0.255",,"0.69","0.785","0.45",,"0.33","0.23","0.205",,"0.255","0.365","0.245",,"0.29","0.12","0.055",,"0.635","0.25","0.24",,"0.255","0.28","0.21",,"0.25","0.39","0.345",,"0.33","0.32","0.275",,"0.235","0.25","0.245",,"0.23","0.21","0.2",,"0.21","0.18","0.17",,"0.15","0.14","0.135",,"0.115","0.09","0.07",,"0.07","0.065","0.055",,"0.05","0.045","0.045",,"-0.03","0.025","0.02",,"0","0","0"
BasicAverageShares,,"56,100,000","56,104,000","56,077,000","55,946,000","55,916,000","55,869,000","55,816,000","55,723,000","55,875,000","55,869,000","55,832,000","55,753,000","55,728,000","56,555,000","56,877,000","56,797,000","56,900,000","57,026,000","56,987,000","56,906,000","56,780,000","56,680,000","56,631,000","56,511,000","56,467,000","56,450,000","56,375,000","56,247,000","56,193,000","56,169,000","56,107,000","55,973,000","55,918,000","55,854,000","55,788,000","55,680,000","55,644,000","55,564,000","75,010,000","76,058,000","76,028,000",,"75,756,000","75,474,000","75,446,000",,"75,420,000","75,348,000","75,176,000",,"74,948,000","74,286,000","74,286,000",,"74,272,000","74,238,000","74,178,000",,"74,150,000","74,120,000","74,054,000",,"73,952,000","73,782,000","73,382,000",,"73,250,000","73,198,000","73,010,000",,"70,566,000","69,956,000","69,316,000",,"68,534,000","68,526,000","68,514,000",,"68,538,000","67,880,000","74,658,000",,"66,848,000","66,798,000","66,736,000",,"68,878,000","68,928,000","69,688,000",,"71,081,081","71,549,296","71,147,541",,"70,943,396","70,357,143","70,181,818",,"78,695,652","77,619,048","79,000,000",,"77,142,857","77,222,222","76,000,000",,"77,333,333","76,428,571","74,814,815",,"73,913,043","81,111,111","80,000,000",,"80,000,000","81,538,462","76,363,636",,"78,000,000","75,555,556","73,333,333",,"70,000,000","80,000,000","75,000,000",,"657,768,000","657,768,000","657,768,000"
DilutedAverageShares,,"56,910,000","56,900,000","56,808,000","56,812,000","56,672,000","56,542,000","56,366,000","56,194,000","56,458,000","56,480,000","56,314,000","56,314,000","56,254,000","56,932,000","57,417,000","57,311,000","57,417,000","57,638,000","57,443,000","57,417,000","57,438,000","57,300,000","57,217,000","56,929,000","56,962,000","56,987,000","56,973,000","56,990,000","56,924,000","56,837,000","56,744,000","56,720,000","56,771,000","56,614,000","56,510,000","56,420,000","56,392,000","56,212,000","75,914,000","76,930,000","76,916,000",,"76,722,000","76,186,000","75,972,000",,"75,604,000","75,434,000","75,364,000",,"75,092,000","74,526,000","74,286,000",,"74,624,000","74,918,000","74,562,000",,"74,618,000","74,528,000","74,288,000",,"74,710,000","74,624,000","74,162,000",,"74,240,000","74,130,000","74,302,000",,"73,828,000","73,784,000","73,816,000",,"73,714,000","73,606,000","73,542,000",,"73,674,000","74,396,000","74,658,000",,"74,596,000","74,562,000","74,268,000",,"76,550,000","76,638,000","77,506,000",,"79,696,970","79,375,000","78,909,091",,"80,000,000","78,800,000","78,775,510",,"78,695,652","77,619,048","79,000,000",,"77,142,857","77,222,222","78,235,294",,"77,333,333","76,428,571","74,814,815",,"73,913,043","81,111,111","80,000,000",,"80,000,000","81,538,462","76,363,636",,"78,000,000","75,555,556","73,333,333",,"70,000,000","80,000,000","75,000,000",,"657,768,000","657,768,000","657,768,000"
TotalOperatingIncomeAsReported,"776,006,000","212,701,000","172,141,000","233,350,000","157,814,000","92,540,000","65,004,000","69,227,000","52,296,000","59,311,000","44,449,000","46,252,000","51,522,000","49,180,000","39,962,000","33,671,000","51,928,000","47,408,000","21,988,000","37,559,000","46,803,000","45,607,000","29,323,000","37,487,000","44,436,000","41,467,000","18,963,000","27,027,000","55,554,000","35,724,000","29,759,000","37,726,000","48,204,000","38,307,000","22,037,000","67,210,000","144,347,000","37,343,000","25,544,000","24,457,000","29,842,000","46,862,000","21,149,000","18,864,000","36,550,000","63,239,000","29,230,000","30,887,000","28,975,000","47,055,000","-6,910,000","27,817,000","13,776,000","-2,463,000","6,596,000","29,824,000","46,640,000","43,036,000","52,186,000","51,500,000","60,624,000","27,311,000","15,706,000","61,803,000","92,560,000","48,816,000","49,019,000","30,537,000","25,296,000","27,206,000","24,887,000","24,517,000","38,744,000","24,342,000","15,835,000","15,015,000","11,463,000","7,071,000","14,947,000","19,478,000","27,998,000","27,058,000","19,148,000","30,873,000","33,665,000","24,618,000","29,170,000","30,241,000","46,731,000","42,504,000","39,000,000","39,100,000","37,800,000","31,900,000","27,200,000","25,300,000","28,300,000","27,800,000","24,900,000","27,000,000","22,500,000","25,300,000","25,900,000","25,300,000","20,700,000","18,600,000","16,700,000","17,000,000","15,600,000","14,600,000","15,500,000","11,000,000","12,200,000","9,900,000","11,300,000","9,600,000","9,400,000","7,700,000","10,000,000","6,400,000","6,900,000","6,300,000","-4,100,000","-3,300,000","2,900,000","2,700,000",,,,
TotalExpenses,"3,250,684,000","802,808,000","789,441,000","803,657,000","854,778,000","725,608,000","614,685,000","549,878,000","447,872,000","562,506,000","502,159,000","562,350,000","614,872,000","562,601,000","522,559,000","616,464,000","611,254,000","589,183,000","509,256,000","512,804,000","567,463,000","532,313,000","440,336,000","466,097,000","499,635,000","491,342,000","453,066,000","508,157,000","511,973,000","501,518,000","507,368,000","565,094,000","601,487,000","536,067,000","466,501,000","497,105,000","544,267,000","522,347,000","479,143,000","489,708,000","564,257,000","532,306,000","470,235,000","566,945,000","616,373,000","634,942,000","520,407,000","476,353,000","511,413,000","438,213,000","410,132,000","392,073,000","354,024,000","329,021,000","410,777,000","635,672,000","706,831,000","661,072,000","566,820,000","651,047,000","712,023,000","582,471,000","528,506,000","574,195,000","687,103,000","502,223,000","434,605,000","403,593,000","385,210,000","374,457,000","305,554,000","297,755,000","341,809,000","317,507,000","252,717,000","235,732,000","236,501,000","224,744,000","167,275,000","218,520,000","249,013,000","240,791,000","212,568,000","221,216,000","251,500,000","251,199,000","250,086,000","265,738,000","281,852,000","259,846,000","260,600,000","248,800,000","255,500,000","255,900,000","236,900,000","187,400,000","197,600,000","198,900,000","218,200,000","202,100,000","192,900,000","176,100,000","146,300,000","150,700,000","168,900,000","161,900,000","137,400,000","154,500,000","165,800,000","157,200,000","139,100,000","127,000,000","124,400,000","110,900,000","110,100,000","112,500,000","117,900,000","123,300,000","110,900,000","141,300,000","124,000,000","111,600,000","110,200,000","113,300,000","107,700,000","111,500,000",,,,
NetIncomeFromContinuingAndDiscontinuedOperation,"563,729,000","158,316,000","125,601,000","170,980,000","108,832,000","63,107,000","36,420,000","42,702,000","27,956,000","32,415,000","28,170,000","29,093,000","27,986,000","15,723,000","26,857,000","20,292,000","33,182,000","24,128,000","5,720,000","22,258,000","27,633,000","29,987,000","17,322,000","25,978,000","27,797,000","28,630,000","14,435,000","17,800,000","33,651,000","21,978,000","17,986,000","23,823,000","35,045,000","24,706,000","15,384,000","39,864,000","91,150,000","26,202,000","16,368,000","15,511,000","17,917,000","32,599,000","12,928,000","10,475,000","22,331,000","40,587,000","17,746,000","18,909,000","15,558,000","33,958,000","-17,527,000","18,666,000","6,028,000","-2,492,000","7,774,000","18,671,000","27,014,000","27,355,000","28,840,000","31,324,000","36,398,000","18,913,000","5,175,000","51,579,000","58,750,000","33,365,000","35,811,000","24,340,000","17,183,000","15,208,000","15,654,000","18,754,000","27,048,000","17,960,000","11,045,000","21,436,000","8,979,000","3,921,000","-5,041,000","46,632,000","18,465,000","17,936,000","11,710,000","19,001,000","20,775,000","15,469,000","17,055,000","19,307,000","29,762,000","26,566,000","25,800,000","26,300,000","25,400,000","21,700,000","17,700,000","18,800,000","19,700,000","19,300,000","19,700,000","18,100,000","16,300,000","15,800,000","17,800,000","16,200,000","13,900,000","13,300,000","12,500,000","11,600,000","10,700,000","10,100,000","9,400,000","8,500,000","7,300,000","5,600,000","5,900,000","5,600,000","5,300,000","4,200,000","5,700,000","3,900,000","3,400,000","3,300,000","-45,100,000","-2,100,000","2,000,000","1,500,000",,,,
NormalizedIncome,"518,940,509.735","154,185,750","125,473,901.681","130,458,340","108,832,000","63,107,000","49,007,573.452","42,702,000","27,956,000","18,430,480","27,008,805.026","29,093,000","27,986,000","15,723,000","25,218,177.757","16,616,240","32,883,430","26,972,580","5,458,400","22,258,000","27,633,000","29,987,000","19,822,470.623","28,078,000","27,797,000","28,630,000","14,435,000","17,800,000","26,132,580","21,978,000","18,672,880.73","23,823,000","35,045,000","24,706,000","13,249,870.986","18,587,400","23,097,520","26,202,000","16,565,250.407","15,370,810.467","17,587,978.958","31,304,883.271","12,594,471.211","10,407,136.893","22,154,396.586","33,071,930.008","2,343,490.967","19,084,048.303","17,401,780.573","34,049,939.234","1,731,200","19,090,917.871","5,961,700","-2,519,300","27,396,787.035","17,072,873.214","26,407,423.984","24,712,643.558","32,728,300","20,089,411.671","35,165,742.701","15,413,706.425","7,755,000","50,291,520.062","58,795,099.623","31,903,870.385","34,402,938.38","17,324,717.729","14,398,480.728","14,678,759.467","14,065,913.043","17,936,923.083","26,427,717.357","21,604,787.974","10,218,112.705","19,608,600","7,835,370.495","4,370,298.172","10,807,689.489","24,782,600","17,846,747.946","17,112,989.367","9,613,776.897","19,586,190.339","20,987,723.894","15,317,780.609","17,026,635.93","17,694,927.357","28,038,724.293","25,162,641.79","24,208,226.221","24,850,393.701","23,498,395.722","20,239,423.077","17,355,642.023","17,503,448.276","18,341,379.31","17,882,867.133","16,727,719.298","17,679,069.767","14,774,042.553","16,483,982.684","17,174,218.75","16,546,153.846","13,139,303.483","11,990,673.575","11,555,232.558","11,054,117.647","9,945,512.821","9,069,387.755","10,195,384.615","6,375,000","6,665,217.391","5,159,550.562","6,713,793.103","5,040,000","4,812,643.678","3,840,000","7,486,567.164","2,909,523.81","3,040,000","2,933,333.333","-5,995,953.757","-2,863,636.364","838,709.677","1,187,500",,,,
InterestIncome,,,,,,,,,,,,,,,,,,,,,,,,,,,,,,,,,,,,,,,,,,,,,,"261,000","256,000","290,000","183,000","100,000","57,000","242,000","283,000","498,000",,,,,,,,,,,,,,,,,,,,,,,,,,,,,,,,,,,,,,,,,,,,,,,,,,,,,,,,,,,,,,,,,,,,,,,,,,,,
InterestExpense,"3,398,000","158,000","258,000","1,116,000","1,866,000","4,469,000","4,010,000","4,885,000","4,973,000","5,379,000","5,548,000","6,148,000","7,033,000","6,954,000","6,471,000","6,746,000","6,073,000","5,909,000","5,292,000","5,237,000","6,442,000","2,531,000","2,017,000","1,830,000","1,692,000","1,848,000","1,690,000","1,682,000","2,219,000","2,076,000","1,827,000","1,430,000","1,457,000","1,026,000","1,050,000","1,243,000","1,101,000","596,000","1,179,000","353,000","2,721,000","2,637,000","2,549,000","2,822,000","2,834,000","3,348,000","3,079,000","3,072,000","2,964,000","2,532,000","2,410,000","2,435,000","2,482,000","2,636,000",,,,,,,,,,,,,,,,,,,,,,,,,,,,,,,,,,,,,,,,,,,,,,,,,,,,,,,,,,,,,,,,,,,,,,,,,,,,
NetInterestIncome,"-3,045,000","-158,000","95,000","-1,116,000","-1,866,000","-4,469,000","-2,909,000","-4,885,000","-4,973,000","-5,379,000","-4,826,000","-6,148,000","-7,033,000","-6,954,000","-5,847,000","-6,746,000","-6,073,000","-5,909,000","-4,608,000","-5,237,000","-6,442,000","-2,531,000","-832,000","-1,830,000","-1,692,000","-1,848,000","-661,000","-1,682,000","-2,219,000","-2,076,000","-1,254,000","-1,430,000","-1,457,000","-1,026,000","-144,000","-1,243,000","-1,101,000","-596,000","-1,179,000","-353,000","-2,721,000","-2,637,000","-2,549,000","-2,822,000","-2,834,000","-3,087,000","-2,823,000","-2,782,000","-2,781,000","-2,432,000","-2,353,000","-2,193,000","-2,199,000","-2,138,000",,,,,,,,,,,,,,,,,,,,,,,,,,,,,,,,,,,,,,,,,,,,,,,,,,,,,,,,,,,,,,,,,,,,,,,,,,,,
EBIT,"769,212,000","213,481,000","172,106,000","230,802,000","152,823,000","93,117,000","43,968,000","69,749,000","55,130,000","59,589,000","43,989,000","46,785,000","51,984,000","49,008,000","41,052,000","34,082,000","52,514,000","47,968,000","16,181,000","37,101,000","47,034,000","46,158,000","29,147,000","37,607,000","44,951,000","41,712,000","20,617,000","27,191,000","55,819,000","35,829,000","29,076,000","37,951,000","48,331,000","38,395,000","22,164,000","68,052,000","144,666,000","40,506,000","25,120,000","24,676,000","30,332,000","47,116,000","21,636,000","18,966,000","36,814,000","64,298,000","28,928,000","30,917,000","26,457,000","47,195,000","-6,726,000","27,493,000","14,161,000","-1,836,000","18,696,000","29,824,000","46,640,000","43,036,000","54,914,000","42,635,000","60,624,000","27,311,000","15,706,000","61,803,000","92,560,000","48,816,000","49,019,000","30,537,000","25,296,000","27,206,000","24,209,000","24,757,000","39,013,000","28,452,000","15,065,000","15,321,000","11,720,000","7,278,000","14,059,000","19,961,000","28,228,000","27,233,000","16,182,000","32,222,000","34,521,000","25,379,000","29,170,000","30,241,000","46,731,000","42,504,000","39,000,000","39,100,000","37,800,000","31,900,000","27,200,000","25,300,000","28,300,000","27,800,000","24,900,000","27,000,000","22,500,000","25,300,000","25,900,000","25,300,000","20,700,000","18,600,000","16,700,000","17,000,000","15,600,000","14,600,000","15,500,000","11,000,000","12,200,000","9,900,000","11,300,000","9,600,000","9,400,000","7,700,000","10,000,000","6,400,000","6,900,000","6,300,000","-4,100,000","-3,300,000","2,900,000","2,700,000","-402,200,000","122,600,000","137,500,000","137,700,000"
EBITDA,"813,757,000"
ReconciledCostOfRevenue,"3,015,013,000","744,422,000","726,769,000","744,176,000","799,646,000","668,398,000","553,746,000","500,701,000","403,079,000","508,635,000","449,720,000","510,708,000","563,869,000","511,313,000","474,193,000","566,877,000","563,740,000","545,590,000","456,840,000","471,182,000","524,232,000","488,363,000","396,399,000","424,579,000","455,970,000","446,551,000","411,678,000","467,077,000","470,275,000","460,672,000","469,126,000","521,182,000","557,692,000","495,719,000","422,031,000","456,250,000","501,054,000","482,754,000","439,114,000","449,718,000","522,548,000","493,083,000","428,205,000","523,855,000","573,813,000","589,804,000","457,699,000","437,535,000","466,570,000","413,007,000","372,221,000","353,986,000","313,283,000","287,342,000","371,576,000","588,337,000","661,000,000","611,671,000","523,310,000","603,159,000","661,599,000","536,532,000","486,339,000","528,902,000","636,935,000","457,024,000","389,832,000","360,473,000","345,624,000","333,984,000","267,649,000","263,188,000","303,720,000","281,029,000","218,513,000","201,960,000","203,461,000","191,915,000","140,452,000","187,675,000","216,318,000","208,490,000","177,946,000","190,809,000","219,090,000","218,116,000","216,941,000","234,063,000","247,793,000","226,514,000","228,100,000","216,300,000","220,300,000","221,700,000","207,400,000","164,100,000","173,500,000","175,500,000","195,000,000","181,400,000","172,700,000","155,800,000","128,300,000","133,200,000","149,500,000","143,500,000","122,300,000","137,400,000","149,600,000","140,600,000","123,000,000","113,300,000","110,000,000","97,500,000","95,800,000","96,200,000","103,400,000","108,300,000","101,100,000","122,300,000","109,400,000","96,800,000","93,100,000","96,900,000","90,100,000","93,100,000",,,,
ReconciledDepreciation,"44,545,000","10,930,000","11,458,000","10,957,000","11,200,000","11,775,000","11,716,000","10,831,000","11,177,000","11,119,000","10,598,000","10,903,000","10,557,000","10,635,000","10,235,000","10,698,000","9,086,000","9,536,000","8,505,000","8,346,000","8,674,000","8,419,000","7,866,000","9,105,000","9,151,000","9,011,000","9,476,000","8,839,000","8,278,000","8,015,000","7,847,000","9,048,000","8,675,000","8,165,000","7,811,000","7,934,000","8,399,000","8,250,000","7,782,000","7,870,000","8,222,000","7,621,000","9,021,000","8,845,000","9,230,000","9,769,000","9,814,000","9,996,000","10,165,000","10,389,000","10,318,000","10,494,000","10,425,000","10,521,000","10,900,000","11,661,000","11,213,000","11,110,000","10,370,000","11,642,000","11,453,000","11,012,000","10,630,000","10,506,000","10,479,000","10,240,000","10,167,000","10,123,000","10,450,000","10,118,000","10,237,000","10,278,000","10,159,000","9,965,000","9,715,000","9,777,000","9,722,000","9,740,000","8,429,000","9,413,000","9,839,000","9,759,000","10,368,000","10,683,000","10,505,000","10,527,000","9,938,000","9,238,000","9,239,000","9,042,000","9,400,000","9,300,000","9,300,000","9,000,000","8,000,000","5,600,000","5,700,000","5,600,000","5,600,000","5,600,000","5,000,000","4,800,000","4,800,000","4,700,000","4,500,000","4,500,000","4,000,000","4,100,000","3,800,000","3,600,000","3,600,000","3,200,000","3,200,000","2,700,000","3,100,000","4,900,000","3,300,000","2,900,000","3,000,000","3,700,000","2,900,000","2,900,000","4,300,000","3,700,000","2,600,000","2,700,000",,,,
NetIncomeFromContinuingOperationNetMinorityInterest,"563,729,000","158,316,000","125,601,000","170,980,000","108,832,000","63,107,000","36,420,000","42,702,000","27,956,000","32,415,000","28,170,000","29,093,000","27,986,000","15,723,000","26,857,000","20,292,000","33,182,000","24,128,000","5,720,000","22,258,000","27,633,000","29,987,000","17,322,000","25,978,000","27,797,000","28,630,000","14,435,000","17,800,000","33,651,000","21,978,000","17,986,000","23,823,000","35,045,000","24,706,000","15,384,000","39,864,000","91,150,000","26,202,000","16,368,000","15,511,000","17,917,000","32,599,000","12,928,000","10,475,000","22,331,000","40,587,000","17,746,000","18,909,000","15,558,000","33,958,000","-17,527,000","18,666,000","6,028,000","-2,492,000","7,774,000","18,671,000","27,014,000","27,355,000","28,840,000","31,324,000","36,398,000","18,913,000","5,175,000","51,579,000","58,750,000","33,365,000","35,811,000","21,016,000","17,183,000","15,208,000","15,654,000","18,754,000","27,048,000","17,960,000","11,045,000","19,737,000","8,979,000","4,460,000","12,222,000","24,866,000","18,465,000","17,936,000","11,710,000","19,001,000","20,775,000","15,469,000","17,055,000","19,307,000","29,762,000","26,566,000","25,800,000","26,300,000","25,400,000","21,700,000","17,700,000","18,800,000","19,700,000","19,300,000","19,700,000","18,100,000","16,300,000","15,800,000","17,800,000","16,200,000","13,900,000","13,300,000","12,500,000","11,600,000","10,700,000","10,100,000","9,400,000","8,500,000","7,300,000","5,600,000","5,900,000","5,600,000","5,300,000","4,200,000","5,700,000","3,900,000","3,400,000","3,300,000","-45,100,000","-2,100,000","2,000,000","1,500,000",,,,
TotalUnusualItemsExcludingGoodwill,"60,438,000","5,507,000","172,000","54,759,000","0","0","-18,451,000","0","0","18,898,000","1,448,000","0","0","0","2,114,000","4,177,000","409,000","-3,469,000","436,000","0",,,"-3,778,000","-3,000,000","0",,"0","0","11,934,000",,"-1,037,000","0","0",,"3,000,000","35,461,000","106,332,000","0","-282,000","219,000","490,000","1,754,000","487,000","102,000","264,000","11,298,000","22,178,000","-260,000","-2,701,000","-118,000","-29,628,000","-566,000","102,000","42,000","-20,481,000","2,319,000","951,000","4,017,000","-5,982,000","17,996,000","1,925,000","4,953,000","-4,300,000","1,452,000","-67,000","2,013,000","1,809,000","5,421,000","3,973,000","794,000","2,359,000","1,117,000","911,000","-5,427,000","1,195,000","214,000","1,668,000","143,000","1,800,000","139,000","966,000","1,286,000","3,386,000","-943,000","-343,000","244,000","45,000","2,554,000","2,731,000","2,224,000","2,400,000","2,100,000","2,800,000","2,100,000","500,000","1,800,000","2,000,000","2,100,000","4,300,000","600,000","2,200,000","-1,000,000","900,000","-500,000","1,100,000","1,900,000","1,300,000","800,000","1,100,000","1,500,000","-1,100,000","3,000,000","1,000,000","700,000","-1,200,000","900,000","800,000","600,000","-2,100,000","1,600,000","600,000","600,000","-45,000,000","1,200,000","1,800,000","500,000",,,,
TotalUnusualItems,"60,438,000","5,507,000","172,000","54,759,000","0","0","-18,451,000","0","0","18,898,000","1,448,000","0","0","0","2,114,000","4,177,000","409,000","-3,469,000","436,000","0",,,"-3,778,000","-3,000,000","0",,"0","0","11,934,000",,"-1,037,000","0","0",,"3,000,000","35,461,000","106,332,000","0","-282,000","219,000","490,000","1,754,000","487,000","102,000","264,000","11,298,000","22,178,000","-260,000","-2,701,000","-118,000","-29,628,000","-566,000","102,000","42,000","-20,481,000","2,319,000","951,000","4,017,000","-5,982,000","17,996,000","1,925,000","4,953,000","-4,300,000","1,452,000","-67,000","2,013,000","1,809,000","5,421,000","3,973,000","794,000","2,359,000","1,117,000","911,000","-5,427,000","1,195,000","214,000","1,668,000","143,000","1,800,000","139,000","966,000","1,286,000","3,386,000","-943,000","-343,000","244,000","45,000","2,554,000","2,731,000","2,224,000","2,400,000","2,100,000","2,800,000","2,100,000","500,000","1,800,000","2,000,000","2,100,000","4,300,000","600,000","2,200,000","-1,000,000","900,000","-500,000","1,100,000","1,900,000","1,300,000","800,000","1,100,000","1,500,000","-1,100,000","3,000,000","1,000,000","700,000","-1,200,000","900,000","800,000","600,000","-2,100,000","1,600,000","600,000","600,000","-45,000,000","1,200,000","1,800,000","500,000",,,,
NormalizedEBITDA,"753,319,000","218,904,000","183,567,000","187,000,000","164,023,000","104,892,000","74,374,000","80,580,000","66,307,000","51,810,000","53,378,000","57,688,000","62,541,000","59,643,000","49,412,000","40,603,000","61,191,000","60,973,000","24,473,000","45,447,000","55,708,000","54,577,000","41,061,000","49,712,000","54,102,000","50,723,000","30,435,000","36,030,000","52,163,000","43,844,000","38,197,000","46,999,000","57,006,000","46,560,000","27,194,000","40,525,000","46,733,000","48,756,000","33,579,000","32,327,000","38,064,000","52,983,000","30,433,000","27,709,000","45,780,000","62,769,000","16,742,000","41,173,000","39,323,000","57,702,000","33,220,000","38,553,000","24,484,000","8,643,000","50,077,000","39,166,000","56,902,000","50,129,000","71,266,000","36,281,000","70,152,000","33,370,000","30,636,000","70,857,000","103,106,000","57,043,000","57,377,000","35,239,000","31,773,000","36,530,000","32,087,000","33,918,000","48,261,000","43,844,000","23,585,000","24,884,000","19,774,000","16,875,000","20,688,000","29,557,000","37,101,000","35,706,000","23,164,000","43,848,000","45,369,000","35,662,000","39,063,000","36,925,000","53,239,000","49,322,000","46,000,000","46,300,000","44,300,000","38,800,000","34,700,000","29,200,000","32,000,000","31,300,000","26,200,000","32,000,000","25,300,000","31,100,000","29,800,000","30,500,000","24,100,000","21,200,000","19,400,000","20,300,000","18,300,000","16,700,000","20,200,000","11,200,000","14,400,000","11,900,000","15,600,000","13,600,000","11,900,000","10,000,000","15,100,000","8,500,000","9,200,000","8,600,000","45,200,000","-800,000","3,700,000","4,900,000","-402,200,000","122,600,000","137,500,000","137,700,000"
TaxRateForCalcs,"0.259","0.25","0.261","0.26","0.26","0.25","0.318","0.24","0.26","0.26","0.198","0.19","0.23","0.23","0.225","0.12","0.27","0.18","0.4","0.27","0.31","0.27","0.338","0.3","0.32","0.35","0.37","0.2","0.37","0.34","0.338","0.33","0.25","0.33","0.289","0.4","0.36","0.34","0.301","0.36","0.329","0.262","0.315","0.335","0.331","0.335","0.306","0.327","0.317","0.221","0.35","0.249","0.35","0.35","0.042","0.311","0.362","0.342","0.35","0.376","0.36","0.294","0.4","0.113","0.327","0.274","0.222","0.319","0.299","0.333","0.327","0.269","0.319","0.328","0.308","0.4","0.314","0.373","0.214","0.4","0.36","0.36","0.381","0.379","0.38","0.38","0.37","0.369","0.369","0.369","0.337","0.31","0.321","0.304","0.311","0.28","0.321","0.325","0.309","0.298","0.306","0.316","0.305","0.308","0.308","0.311","0.273","0.318","0.314","0.313","0.277","0.292","0.365","0.371","0.322","0.378","0.391","0.4","0.149","0.381","0.4","0.389","0.131","0.364","0.355","0.375",,,,
TaxEffectOfUnusualItems,"15,649,509.735","1,376,750","44,901.681","14,237,340","0","0","-5,863,426.548","0","0","4,913,480","286,805.026","0","0","0","475,177.757","501,240","110,430","-624,420","174,400","0","0","0","-1,277,529.377","-900,000","0","0","0","0","4,415,580","0","-350,119.27","0","0","0","865,870.986","14,184,400","38,279,520","0","-84,749.593","78,810.467","160,978.958","459,883.271","153,471.211","34,136.893","87,396.586","3,782,930.008","6,775,490.967","-84,951.697","-857,219.427","-26,060.766","-10,369,800","-141,082.129","35,700","14,700","-858,212.965","720,873.214","344,423.984","1,374,643.558","-2,093,700","6,761,411.671","692,742.701","1,453,706.425","-1,720,000","164,520.062","-21,900.377","551,870.385","400,938.38","1,729,717.729","1,188,480.728","264,759.467","770,913.043","299,923.083","290,717.357","-1,782,212.026","368,112.705","85,600","524,370.495","53,298.172","385,689.489","55,600","347,747.946","462,989.367","1,289,776.897","-357,809.661","-130,276.106","92,780.609","16,635.93","941,927.357","1,007,724.293","820,641.79","808,226.221","650,393.701","898,395.722","639,423.077","155,642.023","503,448.276","641,379.31","682,867.133","1,327,719.298","179,069.767","674,042.553","-316,017.316","274,218.75","-153,846.154","339,303.483","590,673.575","355,232.558","254,117.647","345,512.821","469,387.755","-304,615.385","875,000","365,217.391","259,550.562","-386,206.897","340,000","312,643.678","240,000","-313,432.836","609,523.81","240,000","233,333.333","-5,895,953.757","436,363.636","638,709.677","187,500",,,,