name,ttm,05/31/2022,02/28/2022,11/30/2021,08/31/2021,05/31/2021,02/28/2021,11/30/2020,08/31/2020,05/31/2020,02/29/2020,11/30/2019,08/31/2019,05/31/2019,02/28/2019,11/30/2018,08/31/2018,05/31/2018,02/28/2018,11/30/2017,08/31/2017,05/31/2017,02/28/2017,11/30/2016,08/31/2016,05/31/2016,02/29/2016,11/30/2015,08/31/2015,05/31/2015,02/28/2015,11/30/2014,08/31/2014,05/31/2014,02/28/2014,11/30/2013,08/31/2013,05/31/2013,02/28/2013,11/30/2012,08/31/2012,05/31/2012,02/29/2012,11/30/2011,08/31/2011,05/31/2011,02/28/2011,11/30/2010,08/31/2010,05/31/2010,02/28/2010,11/30/2009,08/31/2009,05/31/2009,02/28/2009,11/30/2008,08/31/2008,05/31/2008,02/29/2008,11/30/2007,08/31/2007,05/31/2007,02/28/2007,11/30/2006,08/31/2006,05/31/2006,02/28/2006,11/30/2005,08/31/2005,05/31/2005,02/28/2005,11/30/2004,08/31/2004,05/31/2004,02/29/2004,11/30/2003,08/31/2003,05/31/2003,02/28/2003,11/30/2002,08/31/2002,05/31/2002,02/28/2002,11/30/2001,08/31/2001,05/31/2001,02/28/2001,11/30/2000,08/31/2000,05/31/2000,02/29/2000,11/30/1999,08/31/1999,05/31/1999,02/28/1999,11/30/1998,08/31/1998,05/31/1998,02/28/1998,11/30/1997,08/31/1997,05/31/1997,02/28/1997,11/30/1996,08/31/1996,05/31/1996,02/29/1996,11/30/1995,08/31/1995,05/31/1995,02/28/1995,11/30/1994,08/31/1994,05/31/1994,02/28/1994,11/30/1993,08/31/1993,05/31/1993,02/28/1993,11/30/1992,08/31/1992,05/31/1992,02/29/1992,11/30/1991,08/31/1991,05/31/1991,02/28/1991,11/30/1990,08/31/1990,05/31/1990,02/28/1990,11/30/1989,08/31/1989,05/31/1989,02/28/1989,11/30/1988,08/31/1988,05/31/1988,02/29/1988,11/30/1987,08/31/1987,05/31/1987,02/28/1987,11/30/1986,08/31/1986,05/31/1986,02/28/1986,11/30/1985,08/31/1985
TotalRevenue,"3,946,000,000","1,100,500,000","1,029,500,000","1,026,300,000","789,700,000","621,500,000","590,500,000","626,300,000","626,800,000","475,800,000","665,700,000","674,200,000","670,900,000","671,000,000","619,000,000","652,600,000","624,600,000","618,000,000","578,400,000","604,600,000","580,300,000","577,200,000","524,900,000","577,500,000","598,600,000","582,600,000","536,500,000","580,400,000","565,400,000","550,700,000","516,400,000","565,400,000","509,700,000","487,500,000","455,900,000","470,500,000","468,100,000","459,900,000","423,500,000","441,800,000","449,700,000","420,600,000","399,800,000","445,600,000","458,100,000","441,500,000","414,800,000","412,200,000","380,700,000","321,500,000","329,600,000","343,700,000","324,000,000","319,900,000","354,400,000","476,600,000","479,100,000","519,100,000","495,400,000","505,900,000","491,700,000","485,300,000","484,800,000","499,100,000","449,700,000","444,100,000","424,000,000","438,200,000","430,900,000","407,500,000","382,400,000","368,400,000","357,300,000","353,900,000","329,600,000","330,300,000","324,500,000","321,900,000","310,400,000","357,300,000","346,900,000","322,700,000","340,700,000","395,000,000","410,300,000","578,800,000","538,400,000","592,500,000","526,500,000","522,886,000","478,177,000","464,100,000","472,800,000","432,300,000","421,600,000","464,800,000","447,500,000","465,300,000","436,700,000","415,100,000","401,500,000","411,200,000","365,100,000","377,100,000","342,500,000","341,500,000","312,900,000","328,400,000","293,200,000","291,200,000","260,000,000","279,100,000","252,800,000","247,900,000","241,900,000","241,800,000","221,600,000","233,700,000","217,500,000","205,000,000","199,600,000","215,200,000","198,800,000","206,100,000","184,600,000","205,200,000","207,300,000","234,000,000","232,200,000","255,700,000","200,700,000","212,400,000","196,100,000","205,000,000","192,600,000","205,200,000","190,500,000","187,100,000","182,100,000","183,700,000","160,600,000","160,100,000","141,800,000","139,700,000","131,900,000","134,800,000","131,700,000","134,300,000","130,800,000"
	OperatingRevenue,"3,946,000,000","1,100,500,000","1,025,700,000","1,023,700,000","787,800,000","627,700,000","588,100,000","624,400,000","624,800,000","475,800,000","665,700,000","674,200,000","670,900,000","671,000,000","619,000,000","652,600,000","624,600,000","618,000,000","578,400,000","604,600,000","580,300,000","577,200,000","524,900,000","577,500,000","598,600,000","582,600,000","536,500,000","580,400,000","565,400,000","550,700,000","516,400,000","565,400,000","509,700,000","487,500,000","455,900,000","470,500,000","468,100,000","459,900,000","423,500,000","441,800,000","449,700,000","420,600,000","399,800,000","445,600,000","458,100,000","441,500,000","414,800,000","412,200,000","380,700,000","321,500,000","329,600,000","343,700,000","324,000,000","319,900,000","354,400,000","476,600,000","479,100,000","519,100,000","495,400,000","505,900,000","491,700,000","485,300,000","484,800,000","499,100,000","449,700,000","444,100,000","424,000,000","438,200,000","430,900,000","407,500,000","382,400,000","368,400,000","357,300,000","353,900,000","329,600,000","330,300,000","324,500,000","321,900,000","310,400,000","357,300,000","346,900,000","322,700,000","340,700,000","395,000,000","410,300,000","578,800,000","538,400,000","592,500,000","526,500,000","522,886,000","478,177,000","464,100,000","472,800,000","432,300,000","421,600,000","464,800,000","447,500,000","465,300,000","436,700,000","415,100,000","401,500,000","411,200,000","365,100,000","377,100,000","342,500,000","341,500,000","312,900,000","328,400,000","293,200,000","291,200,000","260,000,000","279,100,000","252,800,000","247,900,000","241,900,000","241,800,000","221,600,000","233,700,000","217,500,000","205,000,000","199,600,000","215,200,000","198,800,000","206,100,000","184,600,000","205,200,000","207,300,000","234,000,000","232,200,000","255,700,000","200,700,000","212,400,000","196,100,000","205,000,000","192,600,000","205,200,000","190,500,000","187,100,000","182,100,000","183,700,000","160,600,000","160,100,000","141,800,000","139,700,000","131,900,000","134,800,000","131,700,000","134,300,000","130,800,000"
CostOfRevenue,"2,593,300,000","718,000,000","692,700,000","675,700,000","512,200,000","397,500,000","359,600,000","382,100,000","376,800,000","310,000,000","422,400,000","418,700,000","424,800,000","422,800,000","398,000,000","417,000,000","399,500,000","389,700,000","372,600,000","382,500,000","363,400,000","356,400,000","329,400,000","359,500,000","368,600,000","357,400,000","328,700,000","356,000,000","348,600,000","341,100,000","325,900,000","359,700,000","324,100,000","308,300,000","293,000,000","351,600,000","298,100,000","297,300,000","279,100,000","293,300,000","300,000,000","270,600,000","265,600,000","293,500,000","303,800,000","295,800,000","281,800,000","276,400,000","257,100,000","216,100,000","224,800,000","232,900,000","216,500,000","215,900,000","248,500,000","321,200,000","316,700,000","338,100,000","325,400,000","325,800,000","324,200,000","322,200,000","324,800,000","328,700,000","297,400,000","292,900,000","286,100,000","294,300,000","289,200,000","272,700,000","259,500,000","248,400,000","245,200,000","241,300,000","230,300,000","228,300,000","222,900,000","214,700,000","216,900,000","243,600,000","237,700,000","225,600,000","242,200,000","276,100,000","284,500,000","442,300,000","340,400,000","368,200,000","329,600,000","310,412,000","280,354,000","265,900,000","271,900,000","249,300,000","250,500,000","272,300,000","262,400,000","279,200,000","258,900,000","250,100,000","240,700,000","249,600,000","221,300,000","230,900,000","212,100,000","214,700,000","198,200,000","204,800,000","178,400,000","182,100,000","161,100,000","169,400,000","152,500,000","147,800,000","149,200,000","149,000,000","136,900,000","141,000,000","133,400,000","128,000,000","123,000,000","136,500,000","122,200,000","125,600,000","112,800,000","125,000,000","125,400,000","139,300,000","142,100,000","152,200,000","121,000,000","129,400,000",,,,,,,,,,,,,,,,,
GrossProfit,"1,352,700,000","382,500,000","336,800,000","350,600,000","277,500,000","224,000,000","230,900,000","244,200,000","250,000,000","165,800,000","243,300,000","255,500,000","246,100,000","248,200,000","221,000,000","235,600,000","225,100,000","228,300,000","205,800,000","222,100,000","216,900,000","220,800,000","195,500,000","218,000,000","230,000,000","225,200,000","207,800,000","224,400,000","216,800,000","209,600,000","190,500,000","205,700,000","185,600,000","179,200,000","162,900,000","118,900,000","170,000,000","162,600,000","144,400,000","148,500,000","149,700,000","150,000,000","134,200,000","152,100,000","154,300,000","145,700,000","133,000,000","135,800,000","123,600,000","105,400,000","104,800,000","110,800,000","107,500,000","104,000,000","105,900,000","155,400,000","162,400,000","181,000,000","170,000,000","180,100,000","167,500,000","163,100,000","160,000,000","170,400,000","152,300,000","151,200,000","137,900,000","143,900,000","141,700,000","134,800,000","122,900,000","120,000,000","112,100,000","112,600,000","99,300,000","102,000,000","101,600,000","107,200,000","93,500,000","113,700,000","109,200,000","97,100,000","98,500,000","118,900,000","125,800,000","136,500,000","198,000,000","224,300,000","196,900,000","212,474,000","197,823,000","198,200,000","200,900,000","183,000,000","171,100,000","192,500,000","185,100,000","186,100,000","177,800,000","165,000,000","160,800,000","161,600,000","143,800,000","146,200,000","130,400,000","126,800,000","114,700,000","123,600,000","114,800,000","109,100,000","98,900,000","109,700,000","100,300,000","100,100,000","92,700,000","92,800,000","84,700,000","92,700,000","84,100,000","77,000,000","76,600,000","78,700,000","76,600,000","80,500,000","71,800,000","80,200,000","81,900,000","94,700,000","90,100,000","103,500,000","79,700,000","83,000,000",,,,,,,,,,,,,,,,,
OperatingExpense,"1,137,800,000","311,400,000","310,300,000","346,800,000","330,300,000","213,700,000","175,500,000","170,800,000","155,800,000","155,000,000","189,400,000","188,900,000","184,200,000","183,100,000","172,900,000","182,200,000","178,000,000","184,400,000","167,500,000","170,400,000","165,700,000","162,200,000","157,800,000","167,400,000","173,600,000","168,600,000","163,500,000","168,900,000","161,700,000","161,700,000","151,200,000","159,000,000","143,400,000","131,600,000","127,700,000","240,100,000","130,900,000","126,900,000","117,000,000","130,300,000","114,900,000","114,800,000","108,900,000","111,400,000","112,500,000","114,200,000","101,900,000","102,200,000","93,500,000","91,700,000","85,700,000","89,900,000","90,800,000","85,000,000","85,300,000","100,400,000","105,800,000","115,100,000","108,300,000","109,700,000","113,800,000","118,600,000","110,900,000","111,700,000","106,600,000","113,500,000","-230,200,000","99,700,000","102,300,000","89,800,000","93,700,000","94,800,000","88,600,000","93,000,000","84,800,000","80,800,000","85,600,000","89,400,000","85,800,000","92,800,000","90,900,000","129,000,000","111,700,000","152,500,000","127,000,000","81,700,000","143,500,000","155,000,000","139,500,000","143,768,000","143,190,000","143,900,000","144,000,000","121,900,000","123,100,000","132,200,000","130,200,000","123,600,000","124,300,000","116,900,000","116,400,000","116,000,000","108,000,000","109,300,000","103,300,000","101,700,000","94,700,000","96,900,000","95,200,000","109,100,000","88,800,000","92,000,000","87,100,000","85,200,000","76,100,000","75,800,000","71,500,000","71,300,000","73,100,000","70,200,000","71,800,000","73,900,000","68,900,000","70,700,000","67,100,000","68,200,000","93,600,000","75,300,000","70,700,000","76,000,000","60,200,000","62,800,000",,,,,,,,,,,,,,,,,
	SellingGeneralAndAdministration,,,"282,300,000","318,600,000","306,800,000","193,600,000","157,400,000","153,000,000","139,700,000","138,400,000","170,500,000","169,500,000","165,000,000","162,800,000","153,700,000","163,200,000","159,500,000","165,900,000","149,400,000","152,400,000","147,200,000","144,300,000","140,400,000","149,000,000","154,200,000","149,200,000","143,600,000","149,700,000","143,100,000","143,100,000","133,000,000","141,100,000","126,700,000","114,700,000","111,700,000","223,600,000","114,400,000",,,"130,300,000","114,900,000","62,100,000","108,900,000","111,400,000","112,500,000","68,400,000","101,900,000","102,200,000","93,500,000","51,200,000","85,700,000","89,900,000","90,800,000","39,300,000","85,300,000","100,400,000","105,800,000","63,900,000","108,300,000","109,700,000","113,800,000","66,600,000","110,900,000","111,700,000","106,600,000","70,500,000","101,000,000","99,700,000","102,300,000","49,600,000","93,700,000","94,800,000","88,600,000","53,000,000","84,800,000","80,800,000","85,600,000","50,900,000","85,500,000","92,800,000","90,600,000","66,700,000","101,900,000","113,700,000","117,400,000","37,400,000","143,500,000","155,000,000","139,500,000","86,767,000","121,391,000","123,500,000","124,800,000","68,300,000","108,000,000","115,800,000","115,300,000","79,100,000","111,400,000","103,600,000","102,600,000","74,700,000","96,200,000","97,400,000","91,200,000","63,300,000","83,400,000","86,000,000","83,300,000","65,300,000","78,800,000","81,700,000","77,800,000","47,200,000","67,500,000","67,300,000","63,200,000","63,900,000","65,000,000","62,100,000","63,600,000","67,200,000","60,500,000","62,800,000","59,600,000","60,900,000","83,600,000","67,500,000","63,000,000","67,800,000","53,600,000","56,200,000",,,,,,,,,,,,,,,,,
	ResearchAndDevelopment,,,"28,000,000","28,200,000","23,500,000","20,100,000","18,100,000","17,800,000","16,100,000","16,600,000","18,900,000","19,400,000","19,200,000","20,300,000","19,200,000","19,000,000","18,500,000","18,500,000","18,100,000","18,000,000","18,500,000","17,900,000","17,400,000","18,400,000","19,400,000","19,400,000","19,900,000","19,200,000","18,600,000","18,600,000","18,200,000","17,900,000","16,700,000","16,900,000","16,000,000","16,500,000","16,500,000",,,,,,,,,,,,,,,,,,,,,,,,,,,,,,,,,,,,,,,,,,,,,,,,,,,,,,,,,,,,,,,,,,,,,,,,,,,,,,,,,,,,,,,,,,,,,,,,,,,,,,,,,,,,,,,,
	DepreciationAmortizationDepletionIncomeStatement,,,,,,,,,,,,,,,,,,,,,,,,,,,,,,,,,,,,,,,,,,,,,,,,,,,,,,,,,,,,,,,,,,,,,,,,,,,,,,,,,,,,,,,,,,"15,701,000","21,799,000","20,400,000","19,200,000","15,700,000","15,100,000","16,400,000","14,900,000","10,700,000","12,900,000","13,300,000","13,800,000","12,200,000","11,800,000","11,900,000","12,100,000","10,900,000","11,300,000","10,900,000","11,900,000","10,100,000","10,000,000","10,300,000","9,300,000","7,800,000","8,600,000","8,500,000","8,300,000","7,400,000","8,100,000","8,100,000","8,200,000","6,700,000","8,400,000","7,900,000","7,500,000","7,300,000","10,000,000","7,800,000","7,700,000","8,200,000","6,600,000","6,600,000",,,,,,,,,,,,,,,,,
		DepreciationAndAmortizationInIncomeStatement,,,,,,,,,,,,,,,,,,,,,,,,,,,,,,,,,,,,,,,,,,,,,,,,,,,,,,,,,,,,,,,,,,,,,,,,,,,,,,,,,,,,,,,,,,"15,701,000","21,799,000","20,400,000","19,200,000","15,700,000","15,100,000","16,400,000","14,900,000","10,700,000","12,900,000","13,300,000","13,800,000","12,200,000","11,800,000","11,900,000","12,100,000","10,900,000","11,300,000","10,900,000","11,900,000","10,100,000","10,000,000","10,300,000","9,300,000","7,800,000","8,600,000","8,500,000","8,300,000","7,400,000","8,100,000","8,100,000","8,200,000","6,700,000","8,400,000","7,900,000","7,500,000","7,300,000","10,000,000","7,800,000","7,700,000","8,200,000","6,600,000","6,600,000",,,,,,,,,,,,,,,,,
	OtherOperatingExpenses,"1,137,800,000","311,400,000",,"294,400,000","235,200,000","202,600,000",,"170,800,000","155,800,000","154,900,000",,,,,,,,,,,,,,,,,,,,,,,,,,,,,,,,,,,,,,,,,,,,,,,,,,,,,,,,,"-331,200,000",,,,,,,,,,,,"300,000",,"300,000","23,400,000","9,800,000","38,800,000","9,600,000",,,,,,,,,,,,,,,,,,,,,,,,,,,,,,,,,,,,,,,,,,,,,,,,,,,,,,,,,,,,,,,,
OperatingIncome,"214,900,000","71,100,000","26,500,000","3,800,000","-52,800,000","10,300,000","55,400,000","73,400,000","94,200,000","10,800,000","53,900,000","66,600,000","61,900,000","65,100,000","48,100,000","53,400,000","47,100,000","43,900,000","38,300,000","51,700,000","51,200,000","58,600,000","37,700,000","50,600,000","56,400,000","56,600,000","44,300,000","55,500,000","55,100,000","47,900,000","39,300,000","46,700,000","42,200,000","47,600,000","35,200,000","-121,200,000","39,100,000","35,700,000","27,400,000","18,200,000","34,800,000","35,200,000","25,300,000","40,700,000","41,800,000","31,500,000","31,100,000","33,600,000","30,100,000","13,700,000","19,100,000","20,900,000","16,700,000","19,000,000","20,600,000","55,000,000","56,600,000","65,900,000","61,700,000","70,400,000","53,700,000","44,500,000","49,100,000","58,700,000","45,700,000","37,700,000","368,100,000","44,200,000","39,400,000","45,000,000","29,200,000","25,200,000","23,500,000","19,600,000","14,500,000","21,200,000","16,000,000","17,800,000","7,700,000","20,900,000","18,300,000","-31,900,000","-13,200,000","-33,600,000","-1,200,000","54,800,000","54,500,000","69,300,000","57,400,000","68,706,000","54,633,000","54,300,000","56,900,000","61,100,000","48,000,000","60,300,000","54,900,000","62,500,000","53,500,000","48,100,000","44,400,000","45,600,000","35,800,000","36,900,000","27,100,000","25,100,000","20,000,000","26,700,000","19,600,000","0","10,100,000","17,700,000","13,200,000","14,900,000","16,600,000","17,000,000","13,200,000","21,400,000","11,000,000","6,800,000","4,800,000","4,800,000","7,700,000","9,800,000","4,700,000","12,000,000","-11,700,000","19,400,000","19,400,000","27,500,000","19,500,000","20,200,000","196,100,000","-519,100,000","192,600,000","205,200,000","190,500,000","-453,800,000","182,100,000","183,700,000","160,600,000","-345,200,000","141,800,000","139,700,000","131,900,000","-325,200,000","131,700,000","134,300,000","130,800,000"
NetNonOperatingInterestIncomeExpense,,,"-9,600,000","-8,900,000","-5,900,000","-2,300,000","-3,100,000","-3,100,000","-3,300,000","-3,300,000","-2,300,000","-3,000,000","-3,000,000","-900,000","-3,000,000","-3,100,000","-2,900,000","1,500,000","-3,200,000","-3,700,000","-3,700,000","-1,600,000","-3,800,000","-3,900,000","-3,800,000","-3,000,000","-3,800,000","-3,900,000","-3,900,000","-3,200,000","-4,400,000","-4,600,000","-4,700,000","-3,900,000","-4,500,000","-4,300,000","-4,500,000","-3,900,000","-4,200,000","-4,400,000","-4,300,000","-3,200,000","-4,100,000","-4,700,000","-4,500,000","-3,200,000","-5,100,000","-5,100,000","-5,000,000","-5,600,000","-4,900,000","-5,200,000","-5,900,000","-7,000,000","-6,500,000",,,,,,,,,,,,,,,,,,,,,,,,,,,,,,,,,,,,,,,,,,,,,,,,,,,,,,,,,,,,,,,,,,,,,,,,,,,,,,,,,,,,,,,,,,,,,,
	InterestIncomeNonOperating,,,"600,000","300,000","-300,000","800,000","500,000","400,000","400,000","300,000","600,000",,,,,,,,,,,,,,,,,,,,,,,,,,,,,,,,,,,,,,,,,,,,,,,,,,,,,,,,,,,,,,,,,,,,,,,,,,,,,,,,,,,,,,,,,,,,,,,,,,,,,,,,,,,,,,,,,,,,,,,,,,,,,,,,,,,,,,,,,,
	InterestExpenseNonOperating,,,"10,200,000","9,200,000","5,900,000","3,100,000","3,600,000","3,500,000","3,700,000","3,600,000","2,900,000","3,000,000","3,000,000","3,000,000","3,000,000","3,100,000","2,900,000","2,900,000","3,200,000","3,700,000","3,700,000","3,800,000","3,800,000","3,900,000","3,800,000","3,800,000","3,800,000","3,900,000","3,900,000","3,800,000","4,400,000","4,600,000","4,700,000","4,300,000","4,500,000","4,300,000","4,500,000","4,300,000","4,200,000","4,400,000","4,300,000","4,200,000","4,100,000","4,700,000","4,500,000","4,700,000","5,100,000","5,100,000","5,000,000","5,600,000","4,900,000","5,200,000","5,900,000","7,000,000","6,500,000",,,,,,,,,,,,,,,,,,,,,,,,,,,,,,,,,,,,,,,,,,,,,,,,,,,,,,,,,,,,,,,,,,,,,,,,,,,,,,,,,,,,,,,,,,,,,,
OtherIncomeExpense,"-223,500,000","-26,800,000","200,000","700,000","-12,700,000","-900,000","4,300,000","-1,500,000","2,900,000","-216,900,000","-4,000,000","26,700,000","-900,000","-8,200,000","500,000","-1,000,000","-100,000","-7,000,000","1,100,000","-1,000,000","-1,000,000","-10,000,000","-1,900,000","-1,400,000","600,000","400,000","-600,000","400,000","-500,000","-11,000,000","-2,900,000","-100,000","-4,700,000","-21,600,000","-1,400,000","-3,800,000","-100,000","-800,000","100,000","-900,000","-500,000","-6,300,000","200,000","-400,000","-500,000","-1,500,000","200,000","-2,200,000","-1,900,000","-8,300,000","-1,900,000","-1,200,000","-2,500,000","-4,700,000","-22,900,000",,"1,000,000","-2,600,000","400,000","-4,400,000","300,000","-3,200,000","700,000","700,000","500,000","-4,300,000","700,000","900,000","1,100,000","-3,500,000","500,000","1,400,000","1,100,000","-3,400,000","-1,200,000","-3,200,000","-2,500,000","-21,400,000","400,000","300,000","800,000","-26,400,000","-10,000,000","-36,900,000","-7,500,000","-6,100,000","1,200,000","1,400,000","2,400,000","-8,208,000","-75,000","1,100,000","1,300,000","2,700,000","200,000","6,900,000","3,100,000","2,900,000","2,600,000","1,700,000","2,300,000","6,200,000","-12,300,000","-5,100,000","700,000","1,200,000","500,000","-16,500,000","1,500,000","-15,200,000","-1,500,000","-14,800,000","900,000","900,000","900,000","800,000","900,000","-1,000,000","1,200,000","100,000","400,000","-24,400,000","900,000","1,200,000","1,200,000","1,300,000","1,500,000","900,000","400,000","600,000","1,200,000","1,100,000",,,,,,,,,,,,,,,,,
	EarningsFromEquityInterest,,,,,,"0","0","0",,"5,700,000","0","30,500,000",,,,,,,,,,,,,,,,,,,,,,,,,,,,,,,,,,,,,,,,,,,,,,,,,,,,,,,,,,,,,,,,,,,,,,,,,,,,,,,,,,,,,,,,,,,,,,,,,,,,,,,,,,,,,,,,,,,,,,,,,,,,,,,,,,,,,,,,,
	SpecialIncomeCharges,"-175,100,000","-14,100,000","0","0","0","-1,200,000","-300,000","-2,400,000","1,200,000","-222,200,000","-3,500,000","-4,200,000","-1,800,000","-8,500,000","-300,000","-300,000","-1,100,000","-3,800,000",,"-1,700,000","-2,100,000","-8,800,000","-2,700,000","-1,000,000",,"0",,,,"-10,800,000","-1,900,000","0",,"-21,400,000","-1,100,000","-4,000,000","0","0","0","-900,000","-500,000","-6,300,000","200,000","-400,000","-500,000","-1,500,000","200,000","-2,200,000","-1,900,000","-8,300,000","-1,900,000","-1,200,000","-2,500,000","-4,700,000","-22,900,000","0","1,000,000","-2,600,000","400,000","-4,400,000","300,000","-3,200,000","700,000","700,000","500,000","-4,300,000","700,000","900,000","1,100,000","-3,500,000","500,000","1,400,000","1,100,000","-3,400,000","-1,200,000","-3,200,000","-2,500,000","-21,400,000","400,000","300,000","800,000","-26,400,000","-10,000,000","-36,900,000","-7,500,000","-6,100,000","1,200,000","1,400,000","2,400,000","-8,208,000","-75,000","1,100,000","1,300,000","2,700,000","200,000","6,900,000","3,100,000","2,900,000","2,600,000","1,700,000","2,300,000","6,200,000","-12,300,000","-5,100,000","700,000","1,200,000","500,000","-16,500,000","1,500,000","-15,200,000","-1,500,000","-14,800,000","900,000","900,000","900,000","800,000","900,000","-1,000,000","1,200,000","100,000","400,000","-24,400,000","900,000","1,200,000","1,200,000","1,300,000","1,500,000","900,000","400,000","600,000","1,200,000","1,100,000",,,,,,,,,,,,,,,,,
		RestructuringAndMergernAcquisition,"175,100,000","14,100,000","0","0","0","1,200,000","300,000","2,400,000","-1,200,000","16,800,000","3,500,000","4,200,000","1,800,000","8,500,000","300,000","300,000","1,100,000","3,800,000",,"1,700,000","2,100,000","8,800,000","2,700,000","1,000,000",,"0",,,,"10,800,000","1,900,000","0",,"21,400,000","1,100,000","4,000,000","0","0","0","700,000","500,000","5,400,000","0","0","0","0","0","2,100,000","900,000","9,600,000","2,300,000","2,200,000","2,600,000","4,600,000","23,400,000","400,000",,"-100,000",,"5,200,000",,,,,,"200,000","100,000","100,000","200,000","100,000","300,000","100,000","500,000","900,000","1,100,000","4,400,000","3,800,000",,,,,,,,,,,,,,,,,,,,,,,,,,,,,,,,,,,,,,,,,,,,,,,,,,,,,,,,,,,,,,,,,,,,,,,,
		WriteOff,,,,,,"0",,,,"205,400,000",,,,,,,,,,,,,,,,,,,,,,,,,,,,,,,,,,,,,,,,,,,,,,,,,,,,,,,,,,,,,,,,,,,,,,,,,,,,,,,,,,,,,,,,,,,,,,,,,,,,,,,,,,,,,,,,,,,,,,,,,,,,,,,,,,,,,,,,,,,
		OtherSpecialCharges,,,,,,,,,,,,,,,,,,,,,,,,,,,,,,,,,,,,,,,,"200,000","4,300,000","900,000","-200,000","400,000","500,000","1,500,000","-200,000","100,000","1,000,000","-1,300,000","-400,000","-1,000,000","-100,000","100,000","-500,000","-400,000",,"2,700,000",,"-800,000",,,,,,"4,100,000","-800,000","-1,000,000","-1,300,000","3,400,000","-800,000","-1,500,000","-1,600,000",,"100,000","-1,200,000","-1,300,000",,,,,,,,,,,,,,,,,,,,,,,,,,,,,,,,,,,,,,,,,,,,,,,,,,,,,,,,,,,,,,,,,,,,,,,,
	OtherNonOperatingIncomeExpenses,"-48,400,000","-12,700,000","200,000","700,000","-12,700,000","300,000","4,600,000","900,000","1,700,000","-400,000","-500,000","400,000","900,000","300,000","800,000","-700,000","1,000,000","-3,200,000","1,100,000","700,000","1,100,000","-1,200,000","800,000","-400,000","600,000","400,000","-600,000","400,000","-500,000","-200,000","-1,000,000","-100,000","-4,700,000","-200,000","-300,000","200,000","-100,000","-800,000","100,000",,,,,,,,,,,,,,,,,,,,,,,,,,,,,,,,,,,,,,,,,,,,,,,,,,,,,,,,,,,,,,,,,,,,,,,,,,,,,,,,,,,,,,,,,,,,,,,,,,,,,,,,,,,,,,
PretaxIncome,"-8,600,000","44,300,000","17,100,000","-4,400,000","-70,800,000","7,100,000","56,600,000","68,800,000","93,800,000","-209,400,000","47,600,000","90,300,000","58,000,000","56,000,000","45,600,000","49,300,000","44,100,000","38,400,000","36,200,000","47,000,000","46,500,000","47,000,000","32,000,000","45,300,000","53,200,000","54,000,000","39,900,000","52,000,000","50,700,000","33,700,000","32,000,000","42,000,000","37,500,000","22,100,000","29,300,000","-129,300,000","34,500,000","31,000,000","23,300,000","12,900,000","30,000,000","25,700,000","21,400,000","35,600,000","36,800,000","26,800,000","26,200,000","26,300,000","23,200,000","-200,000","12,300,000","14,500,000","8,300,000","7,300,000","-8,800,000","49,000,000","51,400,000","60,900,000","57,100,000","62,100,000","50,300,000","42,000,000","46,300,000","55,900,000","42,800,000","34,800,000","34,000,000","41,500,000","37,200,000","42,300,000","26,200,000","23,100,000","21,300,000","17,500,000","10,100,000","14,300,000","9,700,000","-1,500,000","4,500,000","17,900,000","14,800,000","-32,900,000","-18,100,000","-36,200,000","-3,800,000","51,200,000","51,600,000","66,100,000","56,200,000","62,997,000","50,537,000","52,400,000","55,900,000","61,800,000","47,500,000","64,900,000","55,800,000","63,000,000","54,100,000","47,900,000","44,600,000","49,200,000","21,300,000","29,800,000","25,600,000","24,000,000","18,600,000","8,600,000","18,900,000","-17,200,000","6,600,000","1,500,000","13,100,000","15,200,000","17,300,000","17,500,000","13,600,000","19,900,000","11,700,000","6,100,000","4,700,000","-21,200,000","7,000,000","9,200,000","4,000,000","11,100,000","-13,000,000","17,700,000","17,400,000","24,700,000","18,500,000","18,200,000",,,,,,,,,,,,,,,,,
TaxProvision,"11,100,000","21,100,000","2,700,000","-3,400,000","-10,800,000","-2,000,000","13,000,000","16,200,000","20,600,000","-29,800,000","10,600,000","12,900,000","12,200,000","12,300,000","7,300,000","11,200,000","8,900,000","7,000,000","6,900,000","14,300,000","14,200,000","14,000,000","9,500,000","14,500,000","17,000,000","13,400,000","11,900,000","17,200,000","17,000,000","9,900,000","10,800,000","14,200,000","12,400,000","5,700,000","9,800,000","-48,600,000","12,000,000","7,500,000","6,800,000","4,500,000","10,000,000","13,700,000","6,500,000","11,900,000","12,200,000","9,800,000","6,400,000","8,400,000","7,100,000","-2,300,000","4,000,000","4,900,000","-100,000","200,000","-3,600,000","16,400,000","18,000,000","21,400,000","18,800,000","21,100,000","16,800,000","10,300,000","14,000,000","19,300,000","14,300,000","9,700,000","11,600,000","13,600,000","12,800,000","20,700,000","9,300,000","7,700,000","7,000,000","-2,300,000","2,300,000","5,200,000","3,500,000","-200,000","1,500,000","6,100,000","5,000,000","-14,100,000","-6,500,000","-13,500,000","-900,000","18,400,000","18,600,000","23,800,000","20,200,000","23,350,000","18,700,000","19,400,000","20,700,000","22,800,000","17,600,000","26,000,000","21,800,000","24,600,000","21,100,000","18,300,000","17,300,000","21,800,000","7,800,000","11,900,000","10,000,000","7,000,000","6,700,000","3,600,000","6,900,000","-7,900,000","2,300,000","100,000","5,200,000","4,600,000","6,100,000","6,300,000","6,100,000","11,000,000","4,500,000","2,500,000","2,300,000","-5,400,000","2,800,000","3,600,000","1,500,000","4,000,000","1,800,000","6,700,000","6,600,000","9,300,000","7,000,000","6,900,000",,,,,,,,,,,,,,,,,
EarningsFromEquityInterestNetOfTax,"0","0","0","-100,000","100,000","200,000","-300,000","200,000","200,000","1,300,000","300,000","1,200,000","2,200,000","2,200,000","1,000,000","1,200,000","700,000","800,000","700,000","800,000","800,000","500,000","0","800,000","300,000","0","200,000","100,000","100,000","0","0","0","100,000","200,000","-100,000","100,000","0",,,,,,,,,,,,,,,,,,,,,,,,,,,,,,,,,,,,,,,,,,,,,,,,,,,,,,,,,,,,,,,,,,,,,,,,,,,,,,,,,,,,,,,,,,,,,,,,,,,,,,,,,,,,,,,,
NetIncomeCommonStockholders,"-27,100,000","21,500,000","12,600,000","-3,400,000","-61,500,000","7,400,000","41,500,000","51,300,000","73,000,000","-173,600,000","37,700,000","78,600,000","48,200,000","46,000,000","39,200,000","39,300,000","35,800,000","31,800,000","29,800,000","33,500,000","33,100,000","33,400,000","22,500,000","31,700,000","36,300,000","40,600,000","27,900,000","34,700,000","33,500,000","23,400,000","21,000,000","27,800,000","25,200,000","16,600,000","19,400,000","-80,600,000","22,500,000","23,400,000","16,500,000","8,400,000","20,000,000","12,000,000","14,900,000","23,700,000","24,600,000","17,000,000","19,800,000","17,900,000","16,100,000","2,100,000","8,300,000","9,600,000","8,400,000","7,200,000","-5,200,000","32,600,000","33,400,000","39,500,000","38,300,000","41,000,000","33,500,000","31,700,000","32,300,000","36,600,000","28,500,000","25,100,000","22,400,000","27,900,000","23,700,000","21,600,000","16,800,000","15,400,000","14,300,000","19,300,000","7,800,000","9,100,000","6,200,000","-1,300,000","3,000,000","11,800,000","9,800,000","-18,800,000","-11,600,000","-22,700,000","-2,900,000","36,300,000","33,000,000","42,300,000","36,000,000","39,647,000","31,837,000","33,000,000","35,200,000","39,000,000","29,900,000","38,900,000","34,000,000","38,400,000","33,000,000","29,600,000","27,300,000","27,400,000","13,500,000","17,900,000","15,600,000","17,000,000","11,900,000","5,000,000","12,000,000","-9,300,000","4,300,000","1,400,000","7,900,000","10,600,000","11,200,000","11,200,000","7,500,000","8,900,000","7,200,000","3,600,000","2,400,000","-26,500,000","4,200,000","5,600,000","2,500,000","7,100,000","-14,800,000","11,000,000","10,800,000","15,400,000","11,500,000","11,300,000",,,,,,,,,,,,,,,,,
	NetIncome,"-27,100,000","21,500,000","12,600,000","-3,400,000","-61,500,000","7,400,000","41,500,000","51,300,000","73,000,000","-173,600,000","37,700,000","78,600,000","48,200,000","46,000,000","39,200,000","39,300,000","35,800,000","31,800,000","29,800,000","33,500,000","33,100,000","33,400,000","22,500,000","31,700,000","36,300,000","40,600,000","27,900,000","34,700,000","33,500,000","23,400,000","21,000,000","27,800,000","25,200,000","16,600,000","19,400,000","-80,600,000","22,500,000","23,400,000","16,500,000","8,400,000","20,000,000","12,000,000","14,900,000","23,700,000","24,600,000","17,000,000","19,800,000","17,900,000","16,100,000","2,100,000","8,300,000","9,600,000","8,400,000","7,200,000","-5,200,000","32,600,000","33,400,000","39,500,000","38,300,000","41,000,000","33,500,000","31,700,000","32,300,000","36,600,000","28,500,000","25,100,000","22,400,000","27,900,000","23,700,000","21,600,000","16,800,000","15,400,000","14,300,000","19,300,000","7,800,000","9,100,000","6,200,000","-1,300,000","3,000,000","11,800,000","9,800,000","-18,800,000","-11,600,000","-22,700,000","-2,900,000","36,300,000","33,000,000","42,300,000","36,000,000","39,647,000","31,837,000","33,000,000","35,200,000","39,000,000","29,900,000","38,900,000","34,000,000","38,400,000","33,000,000","29,600,000","27,300,000","27,400,000","13,500,000","17,900,000","15,600,000","17,000,000","11,900,000","5,000,000","12,000,000","-9,300,000","4,300,000","1,400,000","7,900,000","10,600,000","11,200,000","11,200,000","7,500,000","8,900,000","7,200,000","3,600,000","2,400,000","-26,500,000","4,200,000","5,600,000","2,500,000","7,100,000","-14,800,000","11,000,000","10,800,000","15,400,000","11,500,000","11,300,000",,,,,,,,,,,,,,,,,
		NetIncomeIncludingNoncontrollingInterests,"-19,700,000","23,200,000","14,400,000","-1,100,000","-59,900,000","9,300,000","43,300,000","52,800,000","73,400,000","-178,300,000","37,300,000","78,600,000","48,000,000","45,900,000","39,300,000","39,300,000","35,900,000","32,200,000","30,000,000","33,500,000","33,100,000","33,500,000","22,500,000","31,600,000","36,500,000","40,600,000","28,200,000","34,900,000","33,800,000","23,800,000","21,200,000","27,800,000","25,200,000","16,600,000","19,400,000","-80,600,000","22,500,000","23,400,000","16,500,000","8,400,000","20,000,000","12,000,000","14,900,000","23,700,000","24,600,000","17,000,000","19,800,000","17,900,000","16,100,000","2,100,000","8,300,000","9,600,000","8,400,000","7,100,000","-5,200,000","32,600,000","33,400,000","39,500,000","38,300,000","41,000,000","33,500,000","31,700,000","32,300,000","36,600,000","28,500,000","25,100,000","22,400,000","27,900,000","24,400,000","21,600,000","16,900,000","15,400,000","14,300,000","19,300,000","7,800,000","9,100,000","6,200,000","-1,300,000","3,000,000","11,800,000","9,800,000","-18,800,000","-11,600,000","-22,700,000","-2,900,000","36,300,000","33,000,000","42,300,000","36,000,000","39,647,000","31,837,000","33,000,000","35,200,000","39,000,000","29,900,000","38,900,000","34,000,000","38,400,000","33,000,000","29,600,000","27,300,000","27,400,000","13,500,000","17,900,000","15,600,000","17,000,000","11,900,000","5,000,000","12,000,000","-9,300,000","4,300,000","1,400,000","7,900,000","10,600,000","11,200,000","11,200,000","7,500,000","8,900,000","7,200,000","3,600,000","2,400,000","-26,500,000","4,200,000","5,600,000","2,500,000","7,100,000","-14,800,000","11,000,000","10,800,000","15,400,000","11,500,000","11,300,000","8,400,000","9,100,000","10,900,000","11,900,000","9,500,000","11,000,000","11,800,000","11,800,000","10,100,000","9,100,000","7,300,000","8,500,000","8,400,000","8,400,000","8,800,000","10,400,000","10,200,000"
			NetIncomeContinuousOperations,"-19,700,000","23,200,000","14,400,000","-1,100,000","-59,900,000","9,300,000","43,300,000","52,800,000","73,400,000","-178,300,000","37,300,000","78,600,000","48,000,000","45,900,000","39,300,000","39,300,000","35,900,000","32,200,000","30,000,000","33,500,000","33,100,000","33,500,000","22,500,000","31,600,000","36,500,000","40,600,000","28,200,000","34,900,000","33,800,000","23,800,000","21,200,000","27,800,000","25,200,000","16,600,000","19,400,000","-80,600,000","22,500,000","23,400,000","16,500,000","8,400,000","20,000,000","12,000,000","14,900,000","23,700,000","24,600,000","17,000,000","19,800,000","17,900,000","16,100,000","2,100,000","8,300,000","9,600,000","8,400,000","7,100,000","-5,200,000","32,600,000","33,400,000","39,500,000","38,300,000","41,000,000","33,500,000","31,700,000","32,300,000","36,600,000","28,500,000","25,100,000","22,400,000","27,900,000","23,700,000","21,600,000","16,800,000","15,400,000","14,300,000","19,800,000","7,800,000","9,100,000","6,200,000","-1,300,000","3,000,000","11,800,000","9,800,000","-18,800,000","-11,600,000","-22,700,000","-2,900,000","32,800,000","33,000,000","42,300,000","36,000,000","39,647,000","31,837,000","33,000,000","35,200,000","39,000,000","29,900,000","38,900,000","34,000,000","38,400,000","33,000,000","29,600,000","27,300,000","27,400,000","13,500,000","17,900,000","15,600,000","17,000,000","11,900,000","5,000,000","12,000,000","-9,300,000","4,300,000","1,400,000","7,900,000","10,600,000","11,200,000","11,200,000","7,500,000","8,900,000","7,200,000","3,600,000","2,400,000","-15,800,000","4,200,000","5,600,000","2,500,000","7,100,000","-14,800,000","11,000,000","10,800,000","15,400,000","11,500,000","11,300,000","8,400,000","9,100,000","10,900,000","11,900,000","9,500,000","11,000,000","11,800,000","11,800,000","10,100,000","9,100,000","7,300,000","8,500,000","8,400,000","8,400,000","8,800,000","10,400,000","10,200,000"
		MinorityInterests,"-7,400,000","-1,700,000","-1,800,000","-2,300,000","-1,600,000","-1,900,000","-1,800,000","-1,500,000","-400,000","4,700,000","400,000",,"200,000","100,000","-100,000","0","-100,000","-400,000","-200,000",,"0","-100,000","0","100,000","-200,000","0","-300,000","-200,000","-300,000","-400,000","-200,000","0","0",,,,,,,,,,,,,,,,,,,"100,000",,"100,000","0",,,"0",,,,,,,,"0",,,"-700,000","0","-100,000",,,,,,,,,,,,,,,,,,,,,,,,,,,,,,,,,,,,,,,,,,,,,,,,,,,,,,,,,,,,,,,,,,,,,,,,,,,,,,
DilutedNIAvailtoComStockholders,"-27,100,000","21,500,000","12,600,000","-3,400,000","-61,500,000","7,400,000","41,500,000","51,300,000","73,000,000","-173,600,000","37,700,000","78,600,000","48,200,000","46,000,000","39,200,000","39,300,000","35,800,000","31,800,000","29,800,000","33,500,000","33,100,000","33,400,000","22,500,000","31,700,000","36,300,000","40,600,000","27,900,000","34,700,000","33,500,000","23,400,000","21,000,000","27,800,000","25,200,000","16,600,000","19,400,000","-80,600,000","22,500,000","23,400,000","16,500,000","8,400,000","20,000,000","12,000,000","14,900,000","23,700,000","24,600,000","17,000,000","19,800,000","17,900,000","16,100,000","2,100,000","8,300,000","9,600,000","8,400,000","7,200,000","-5,200,000","32,600,000","33,400,000","39,500,000","38,300,000","41,000,000","33,500,000","31,700,000","32,300,000","36,600,000","28,500,000","25,100,000","22,400,000","27,900,000","23,700,000","21,600,000","16,800,000","15,400,000","14,300,000","19,300,000","7,800,000","9,100,000","6,200,000","-1,300,000","3,000,000","11,800,000","9,800,000","-18,800,000","-11,600,000","-22,700,000","-2,900,000","36,300,000","33,000,000","42,300,000","36,000,000","39,647,000","31,837,000","33,000,000","35,200,000","39,000,000","29,900,000","38,900,000","34,000,000","38,400,000","33,000,000","29,600,000","27,300,000","27,400,000","13,500,000","17,900,000","15,600,000","17,000,000","11,900,000","5,000,000","12,000,000","-9,300,000","4,300,000","1,400,000","7,900,000","10,600,000","11,200,000","11,200,000","7,500,000","8,900,000","7,200,000","3,600,000","2,400,000","-26,500,000","4,200,000","5,600,000","2,500,000","7,100,000","-14,800,000","11,000,000","10,800,000","15,400,000","11,500,000","11,300,000",,,,,,,,,,,,,,,,,
BasicEPS,,"0.28","0.17","-0.05","-0.93","0.12","0.7","0.87","1.24","-2.95","0.64","1.33","0.82","0.78","0.67","0.66","0.6","0.53","0.5","0.56","0.55","0.56","0.38","0.53","0.61","0.68","0.46","0.58","0.56",,"0.35","0.47","0.43",,"0.33","-1.37","0.38",,"0.28","0.14","0.34","0.21","0.26","0.41","0.42",,"0.35","0.31","0.28",,"0.15","0.17","0.15",,"-0.1","0.61","0.6",,"0.66","0.67","0.54",,"0.5","0.57","0.44",,"0.33","0.41","0.34",,"0.24","0.22","0.2",,"0.11","0.12","0.08",,"0.04","0.16","0.13",,"-0.15","-0.3","-0.04",,"0.43","0.55","0.46",,"0.4","0.41","0.44",,"0.36","0.46","0.39",,"0.37","0.33","0.3",,"0.14","0.19","0.16",,"0.12","0.05","0.12",,"0.05","0.02","0.08",,"0.11","0.11","0.08",,"0.08","0.04","0.03",,"0.05","0.06","0.03",,"-0.15","0.11","0.11",,"0.12","0.12","0.09",,"0.12","0.13","0.1",,"0.12","0.12","0.11",,"0.08","0.09","0.09",,"0.09","0.11","0.11"
DilutedEPS,,"0.28","0.16","-0.05","-0.93","0.12","0.7","0.87","1.24","-2.95","0.64","1.32","0.81","0.78","0.66","0.66","0.6","0.53","0.49","0.55","0.55","0.55","0.37","0.53","0.6","0.67","0.46","0.57","0.56",,"0.35","0.46","0.42",,"0.33","-1.37","0.38",,"0.28","0.14","0.34","0.2","0.26","0.41","0.42",,"0.29","0.26","0.22",,"0.12","0.17","0.14",,"-0.1","0.6","0.6",,"0.65","0.67","0.54",,"0.5","0.56","0.43",,"0.33","0.4","0.34",,"0.24","0.22","0.2",,"0.11","0.12","0.08",,"0.04","0.16","0.13",,"-0.15","-0.3","-0.04",,"0.43","0.54","0.46",,"0.4","0.41","0.43",,"0.35","0.45","0.39",,"0.36","0.33","0.3",,"0.14","0.18","0.16",,"0.12","0.05","0.12",,"0.05","0.02","0.08",,"0.11","0.11","0.08",,"0.08","0.04","0.03",,"0.05","0.06","0.03",,"-0.15","0.11","0.11",,"0.12","0.12","0.09",,"0.12","0.13","0.1",,"0.12","0.12","0.11",,"0.08","0.09","0.09",,"0.09","0.11","0.11"
BasicAverageShares,,"75,572,421","75,461,462","75,304,752","66,302,214","59,005,945","58,979,730","58,908,094","58,831,305","58,771,821","58,940,060","59,061,731","58,909,001","58,784,081","58,838,958","59,133,700","59,370,160","59,526,820","59,691,709","59,747,932","59,758,610","59,751,684","59,846,034","59,954,194","59,930,772","59,866,764","59,885,597","59,891,876","59,733,924",,"59,550,289","59,445,577","59,295,859",,"59,014,789","58,923,648","58,727,106",,"58,450,601","58,373,256","58,318,702","58,253,794","58,215,396","58,160,339","58,056,358",,"57,087,710","57,034,222","56,976,466",,"56,059,694","55,854,672","55,164,729",,"53,579,262","53,703,598","53,634,274",,"58,030,303","61,194,030","61,781,431",,"64,600,000","64,210,526","65,104,357",,"67,878,788","68,048,780","69,432,007",,"70,000,000","70,000,000","71,182,794",,"70,909,091","75,833,333","72,869,965",,"75,000,000","73,750,000","75,384,615",,"77,333,333","75,666,667","75,916,696",,"76,744,186","76,909,091","77,688,320",,"79,592,500","80,487,805","80,000,000",,"83,055,556","84,565,217","87,179,487",,"89,189,189","89,696,970","91,000,000",,"96,428,571","94,210,526","97,500,000",,"99,166,667","100,000,000","100,000,000",,"86,000,000","70,000,000","98,750,000",,"101,818,182","101,818,182","93,750,000",,"90,000,000","90,000,000","80,000,000",,"84,000,000","93,333,333","83,333,333",,"98,666,667","100,000,000","98,181,818",,"95,833,333","94,166,667","96,588,000",,"96,420,000","97,804,000","97,636,000",,"97,800,000","97,800,000","97,800,000",,"98,388,000","98,136,000","102,584,000",,"97,708,000","98,104,000","98,644,000"
DilutedAverageShares,,"76,364,706","76,511,434","75,304,752","66,302,214","59,918,132","59,602,638","59,267,398","58,964,268","58,771,821","59,218,101","59,402,001","59,231,728","59,132,195","59,127,258","59,442,219","59,869,114","60,094,769","60,362,084","60,272,207","60,329,269","60,460,171","60,383,186","60,354,760","60,537,156","60,623,047","60,450,848","60,411,540","60,231,065",,"60,098,189","60,024,518","59,911,852",,"59,653,417","58,923,648","59,336,842",,"58,882,777","58,718,221","58,615,662","58,583,380","58,493,856","58,387,786","58,362,480",,"57,425,433","57,668,391","57,865,021",,"57,559,011","57,493,882","56,849,629",,"53,579,262","54,333,333","53,634,274",,"58,923,077","61,194,030","62,360,787",,"64,600,000","65,357,143","65,619,882",,"67,878,788","69,750,000","70,196,749",,"70,000,000","70,000,000","71,861,847",,"70,909,091","75,833,333","73,171,573",,"75,000,000","73,750,000","75,384,615",,"77,333,333","75,666,667","75,916,696",,"76,744,186","78,333,333","78,908,249",,"79,592,500","80,487,805","81,860,465",,"85,428,571","86,444,444","87,179,487",,"91,666,667","89,696,970","91,000,000",,"96,428,571","99,444,444","97,500,000",,"99,166,667","100,000,000","100,000,000",,"86,000,000","70,000,000","98,750,000",,"101,818,182","101,818,182","93,750,000",,"90,000,000","90,000,000","80,000,000",,"84,000,000","93,333,333","83,333,333",,"98,666,667","100,000,000","98,181,818",,"95,833,333","94,166,667","96,588,000",,"96,420,000","97,804,000","97,636,000",,"97,800,000","97,800,000","97,800,000",,"98,388,000","98,136,000","102,584,000",,"97,708,000","98,104,000","98,644,000"
TotalOperatingIncomeAsReported,"39,800,000","57,000,000","26,500,000","3,800,000","-52,800,000","9,100,000","55,100,000","71,000,000","95,400,000","-211,400,000","50,400,000","62,400,000","60,100,000","56,600,000","47,800,000","53,100,000","46,000,000","40,100,000","38,300,000","50,000,000","49,100,000","49,800,000","35,000,000","49,600,000","56,400,000","56,600,000","44,300,000","55,500,000","55,100,000","37,100,000","37,400,000","46,700,000","42,200,000","26,200,000","34,100,000","-125,200,000","39,100,000","35,700,000","27,400,000",,,,,,,,,,,,,,,,,,,,,,,,,,,,,,,,,,,,,,,,,,,,,,,,,,,,,,,,,,,,,,,,,,,,,,,,,,,,,,,,,,,,,,,,,,,,,,,,,,,,,,,,,,,,,,
TotalExpenses,"3,731,100,000","1,029,400,000","1,003,000,000","1,022,500,000","842,500,000","611,200,000","535,100,000","552,900,000","532,600,000","465,000,000","611,800,000","607,600,000","609,000,000","605,900,000","570,900,000","599,200,000","577,500,000","574,100,000","540,100,000","552,900,000","529,100,000","518,600,000","487,200,000","526,900,000","542,200,000","526,000,000","492,200,000","524,900,000","510,300,000","502,800,000","477,100,000","518,700,000","467,500,000","439,900,000","420,700,000","591,700,000","429,000,000","424,200,000","396,100,000","423,600,000","414,900,000","385,400,000","374,500,000","404,900,000","416,300,000","410,000,000","383,700,000","378,600,000","350,600,000","307,800,000","310,500,000","322,800,000","307,300,000","300,900,000","333,800,000","421,600,000","422,500,000","453,200,000","433,700,000","435,500,000","438,000,000","440,800,000","435,700,000","440,400,000","404,000,000","406,400,000","55,900,000","394,000,000","391,500,000","362,500,000","353,200,000","343,200,000","333,800,000","334,300,000","315,100,000","309,100,000","308,500,000","304,100,000","302,700,000","336,400,000","328,600,000","354,600,000","353,900,000","428,600,000","411,500,000","524,000,000","483,900,000","523,200,000","469,100,000","454,180,000","423,544,000","409,800,000","415,900,000","371,200,000","373,600,000","404,500,000","392,600,000","402,800,000","383,200,000","367,000,000","357,100,000","365,600,000","329,300,000","340,200,000","315,400,000","316,400,000","292,900,000","301,700,000","273,600,000","291,200,000","249,900,000","261,400,000","239,600,000","233,000,000","225,300,000","224,800,000","208,400,000","212,300,000","206,500,000","198,200,000","194,800,000","210,400,000","191,100,000","196,300,000","179,900,000","193,200,000","219,000,000","214,600,000","212,800,000","228,200,000","181,200,000","192,200,000",,,,,,,,,,,,,,,,,
NetIncomeFromContinuingAndDiscontinuedOperation,"-27,100,000","21,500,000","12,600,000","-3,400,000","-61,500,000","7,400,000","41,500,000","51,300,000","73,000,000","-173,600,000","37,700,000","78,600,000","48,200,000","46,000,000","39,200,000","39,300,000","35,800,000","31,800,000","29,800,000","33,500,000","33,100,000","33,400,000","22,500,000","31,700,000","36,300,000","40,600,000","27,900,000","34,700,000","33,500,000","23,400,000","21,000,000","27,800,000","25,200,000","16,600,000","19,400,000","-80,600,000","22,500,000","23,400,000","16,500,000","8,400,000","20,000,000","12,000,000","14,900,000","23,700,000","24,600,000","17,000,000","19,800,000","17,900,000","16,100,000","2,100,000","8,300,000","9,600,000","8,400,000","7,200,000","-5,200,000","32,600,000","33,400,000","39,500,000","38,300,000","41,000,000","33,500,000","31,700,000","32,300,000","36,600,000","28,500,000","25,100,000","22,400,000","27,900,000","23,700,000","21,600,000","16,800,000","15,400,000","14,300,000","19,800,000","7,800,000","9,100,000","6,200,000","-1,300,000","3,000,000","11,800,000","9,800,000","-18,800,000","-11,600,000","-22,700,000","-2,900,000","32,800,000","33,000,000","42,300,000","36,000,000","39,647,000","31,837,000","33,000,000","35,200,000","39,000,000","29,900,000","38,900,000","34,000,000","38,400,000","33,000,000","29,600,000","27,300,000","27,400,000","13,500,000","17,900,000","15,600,000","17,000,000","11,900,000","5,000,000","12,000,000","-9,300,000","4,300,000","1,400,000","7,900,000","10,600,000","11,200,000","11,200,000","7,500,000","8,900,000","7,200,000","3,600,000","2,400,000","-15,800,000","4,200,000","5,600,000","2,500,000","7,100,000","-14,800,000","11,000,000","10,800,000","15,400,000","11,500,000","11,300,000",,,,,,,,,,,,,,,,,
NormalizedIncome,"77,960,000","29,960,000","12,600,000","-3,400,000","-61,500,000","8,276,000","41,731,300","53,136,000","72,064,000","16,978,414.518","40,416,000","82,199,400","49,622,000","52,633,035.714","39,452,000","39,532,200","36,680,000","34,907,291.667","29,800,000","34,681,500","34,559,500","39,578,723.404","24,395,400","32,380,000","36,300,000","40,600,000","27,900,000","34,700,000","33,500,000","31,027,299.703","22,261,600","27,800,000","25,200,000","32,480,542.986","20,133,700","-78,104,000","22,500,000","23,400,000","16,500,000","8,986,046.512","20,333,333.333","16,095,000","14,760,747.664","23,966,292.135","24,934,239.13","17,951,492.537","19,648,854.962","19,397,338.403","17,418,534.483","7,495,000","9,582,113.821","10,394,482.759","10,025,000","11,771,232.877","9,685,000","32,600,000","32,750,194.553","41,186,371.1","38,031,698.774","43,904,991.948","33,300,198.807","34,115,238.095","31,811,663.067","36,141,681.574","28,167,056.075","28,201,436.782","21,938,823.529","27,294,939.759","22,978,494.624","23,700,000","16,477,480.916","14,466,666.667","13,561,502.347","21,840,000","8,726,732.673","11,136,363.636","7,797,938.144","17,246,666.667","2,733,333.333","11,602,234.637","9,270,270.27","-2,960,000","-5,191,160.221","438,950.276","2,823,684.211","36,707,812.5","32,232,558.14","41,404,084.72","34,462,633.452","44,812,683.699","31,884,248.056","32,307,251.908","34,381,395.349","37,296,116.505","29,774,105.263","34,760,000","32,111,111.111","36,632,380.952","31,414,048.059","28,549,478.079","25,892,152.466","23,680,000","21,295,774.648","20,963,422.819","15,173,437.5","16,150,000","11,580,107.527","14,900,000","11,047,619.048","-180,000","5,277,272.727","15,213,333.333","7,357,251.908","9,972,368.421","10,617,341.04","10,688,000","6,960,000","9,500,000","6,461,538.462","3,540,000","2,160,000","2,384,905.66","3,660,000","4,869,565.217","1,750,000","6,268,468.468","-15,700,000","10,440,677.966","10,551,724.138","15,025,910.931","10,754,054.054","10,617,032.967",,,,,,,,,,,,,,,,,
InterestIncome,,,"600,000","300,000","-300,000","800,000","500,000","400,000","400,000","300,000","600,000",,,,,,,,,,,,,,,,,,,,,,,,,,,,,,,,,,,,,,,,,,,,,,,,,,,,,,,,,,,,,,,,,,,,,,,,,,,,,,,,,,,,,,,,,,,,,,,,,,,,,,,,,,,,,,,,,,,,,,,,,,,,,,,,,,,,,,,,,,
InterestExpense,,,"10,200,000","9,200,000","5,900,000","3,100,000","3,600,000","3,500,000","3,700,000","3,600,000","2,900,000","3,000,000","3,000,000","3,000,000","3,000,000","3,100,000","2,900,000","2,900,000","3,200,000","3,700,000","3,700,000","3,800,000","3,800,000","3,900,000","3,800,000","3,800,000","3,800,000","3,900,000","3,900,000","3,800,000","4,400,000","4,600,000","4,700,000","4,300,000","4,500,000","4,300,000","4,500,000","4,300,000","4,200,000","4,400,000","4,300,000","4,200,000","4,100,000","4,700,000","4,500,000","4,700,000","5,100,000","5,100,000","5,000,000","5,600,000","4,900,000","5,200,000","5,900,000","7,000,000","6,500,000",,,,,,,,,,,,,,,,,,,,,,,,,,,,,,,,,,,,,,,,,,,,,,,,,,,,,,,,,,,,,,,,,,,,,,,,,,,,,,,,,,,,,,,,,,,,,,
NetInterestIncome,,,"-9,600,000","-8,900,000","-5,900,000","-2,300,000","-3,100,000","-3,100,000","-3,300,000","-3,300,000","-2,300,000","-3,000,000","-3,000,000","-900,000","-3,000,000","-3,100,000","-2,900,000","1,500,000","-3,200,000","-3,700,000","-3,700,000","-1,600,000","-3,800,000","-3,900,000","-3,800,000","-3,000,000","-3,800,000","-3,900,000","-3,900,000","-3,200,000","-4,400,000","-4,600,000","-4,700,000","-3,900,000","-4,500,000","-4,300,000","-4,500,000","-3,900,000","-4,200,000","-4,400,000","-4,300,000","-3,200,000","-4,100,000","-4,700,000","-4,500,000","-3,200,000","-5,100,000","-5,100,000","-5,000,000","-5,600,000","-4,900,000","-5,200,000","-5,900,000","-7,000,000","-6,500,000",,,,,,,,,,,,,,,,,,,,,,,,,,,,,,,,,,,,,,,,,,,,,,,,,,,,,,,,,,,,,,,,,,,,,,,,,,,,,,,,,,,,,,,,,,,,,,
EBIT,"214,900,000","71,100,000","27,300,000","4,800,000","-64,900,000","10,200,000","60,200,000","72,300,000","97,500,000","-205,800,000","50,500,000","93,300,000","61,000,000","59,000,000","48,600,000","52,400,000","47,000,000","41,300,000","39,400,000","50,700,000","50,200,000","50,800,000","35,800,000","49,200,000","57,000,000","57,800,000","43,700,000","55,900,000","54,600,000","37,500,000","36,400,000","46,600,000","42,200,000","26,400,000","33,800,000","-125,000,000","39,000,000","35,300,000","27,500,000","17,300,000","34,300,000","29,900,000","25,500,000","40,300,000","41,300,000","31,500,000","31,300,000","31,400,000","28,200,000","5,400,000","17,200,000","19,700,000","14,200,000","14,300,000","-2,300,000","55,000,000","56,600,000","65,900,000","61,700,000","70,400,000","53,700,000","44,500,000","49,100,000","58,700,000","45,700,000","37,700,000","368,100,000","44,200,000","39,400,000","45,000,000","29,200,000","25,200,000","23,500,000","19,600,000","14,500,000","21,200,000","16,000,000","17,800,000","7,700,000","20,900,000","18,300,000","-31,900,000","-13,200,000","-33,600,000","-1,200,000","54,800,000","54,500,000","69,300,000","57,400,000","68,706,000","54,633,000","54,300,000","56,900,000","61,100,000","48,000,000","60,300,000","54,900,000","62,500,000","53,500,000","48,100,000","44,400,000","45,600,000","35,800,000","36,900,000","27,100,000","25,100,000","20,000,000","26,700,000","19,600,000","0","10,100,000","17,700,000","13,200,000","14,900,000","16,600,000","17,000,000","13,200,000","21,400,000","11,000,000","6,800,000","4,800,000","4,800,000","7,700,000","9,800,000","4,700,000","12,000,000","-11,700,000","19,400,000","19,400,000","27,500,000","19,500,000","20,200,000","196,100,000","-519,100,000","192,600,000","205,200,000","190,500,000","-453,800,000","182,100,000","183,700,000","160,600,000","-345,200,000","141,800,000","139,700,000","131,900,000","-325,200,000","131,700,000","134,300,000","130,800,000"
EBITDA,"214,900,000"
ReconciledCostOfRevenue,"2,593,300,000","718,000,000","692,700,000","675,700,000","512,200,000","397,500,000","359,600,000","382,100,000","376,800,000","310,000,000","422,400,000","418,700,000","424,800,000","422,800,000","398,000,000","417,000,000","399,500,000","389,700,000","372,600,000","382,500,000","363,400,000","356,400,000","329,400,000","359,500,000","368,600,000","357,400,000","328,700,000","356,000,000","348,600,000","341,100,000","325,900,000","359,700,000","324,100,000","308,300,000","293,000,000","351,600,000","298,100,000","297,300,000","279,100,000","293,300,000","300,000,000","270,600,000","265,600,000","293,500,000","303,800,000","295,800,000","281,800,000","276,400,000","257,100,000","216,100,000","224,800,000","232,900,000","216,500,000","215,900,000","248,500,000","321,200,000","316,700,000","338,100,000","325,400,000","325,800,000","324,200,000","322,200,000","324,800,000","328,700,000","297,400,000","292,900,000","286,100,000","294,300,000","289,200,000","272,700,000","259,500,000","248,400,000","245,200,000","241,300,000","230,300,000","228,300,000","222,900,000","214,700,000","216,900,000","243,600,000","237,700,000","225,600,000","242,200,000","276,100,000","284,500,000","442,300,000","340,400,000","368,200,000","329,600,000","310,412,000","280,354,000","265,900,000","271,900,000","249,300,000","250,500,000","272,300,000","262,400,000","279,200,000","258,900,000","250,100,000","240,700,000","249,600,000","221,300,000","230,900,000","212,100,000","214,700,000","198,200,000","204,800,000","178,400,000","182,100,000","161,100,000","169,400,000","152,500,000","147,800,000","149,300,000","148,900,000","136,900,000","141,000,000","133,400,000","128,200,000","123,000,000","136,500,000","122,200,000","125,600,000","112,800,000","125,000,000","125,400,000","139,300,000","142,100,000","152,200,000","120,900,000","129,400,000",,,,,,,,,,,,,,,,,
ReconciledDepreciation,,,"40,400,000","50,200,000","59,700,000","22,400,000","21,500,000","22,100,000","21,200,000","19,800,000","21,800,000","18,600,000","19,300,000","16,800,000","17,700,000","18,600,000","19,000,000","17,500,000","17,600,000","16,300,000","15,500,000","15,900,000","14,700,000","14,400,000","13,900,000","13,100,000","12,300,000","13,900,000","13,700,000","11,200,000","13,400,000","13,200,000","12,000,000","10,100,000","10,700,000","10,500,000","11,100,000","9,400,000","9,100,000","9,500,000","9,500,000","9,300,000","8,900,000","9,600,000","9,400,000","10,000,000","9,400,000","9,800,000","9,900,000","10,200,000","10,500,000","11,100,000","10,800,000","9,300,000","10,400,000","10,800,000","11,200,000","10,400,000","10,700,000","11,100,000","11,000,000","10,500,000","10,200,000","10,300,000","10,200,000","9,500,000","11,100,000","10,600,000","10,400,000","11,800,000","11,600,000","11,700,000","11,800,000","14,200,000","14,400,000","15,300,000","15,400,000",,"16,400,000","17,800,000","19,100,000","30,100,000","32,100,000","25,900,000","24,800,000","21,700,000","23,300,000","24,000,000","23,600,000","15,701,000","21,799,000","20,400,000","19,200,000","15,700,000","15,100,000","16,400,000","14,900,000","10,700,000","12,900,000","13,300,000","13,800,000","12,200,000","11,800,000","11,900,000","12,100,000","10,900,000","11,300,000","10,900,000","11,900,000","10,100,000","10,000,000","10,300,000","9,300,000","7,800,000","8,500,000","8,600,000","8,300,000","7,400,000","8,100,000","7,900,000","8,200,000","6,700,000","8,400,000","7,900,000","7,500,000","7,300,000","10,000,000","7,800,000","7,700,000","8,200,000","6,700,000","6,600,000",,,,,,,,,,,,,,,,,
NetIncomeFromContinuingOperationNetMinorityInterest,"-27,100,000","21,500,000","12,600,000","-3,400,000","-61,500,000","7,400,000","41,500,000","51,300,000","73,000,000","-173,600,000","37,700,000","78,600,000","48,200,000","46,000,000","39,200,000","39,300,000","35,800,000","31,800,000","29,800,000","33,500,000","33,100,000","33,400,000","22,500,000","31,700,000","36,300,000","40,600,000","27,900,000","34,700,000","33,500,000","23,400,000","21,000,000","27,800,000","25,200,000","16,600,000","19,400,000","-80,600,000","22,500,000","23,400,000","16,500,000","8,400,000","20,000,000","12,000,000","14,900,000","23,700,000","24,600,000","17,000,000","19,800,000","17,900,000","16,100,000","2,100,000","8,300,000","9,600,000","8,400,000","7,200,000","-5,200,000","32,600,000","33,400,000","39,500,000","38,300,000","41,000,000","33,500,000","31,700,000","32,300,000","36,600,000","28,500,000","25,100,000","22,400,000","27,900,000","23,700,000","21,600,000","16,800,000","15,400,000","14,300,000","19,800,000","7,800,000","9,100,000","6,200,000","-1,300,000","3,000,000","11,800,000","9,800,000","-18,800,000","-11,600,000","-22,700,000","-2,900,000","32,800,000","33,000,000","42,300,000","36,000,000","39,647,000","31,837,000","33,000,000","35,200,000","39,000,000","29,900,000","38,900,000","34,000,000","38,400,000","33,000,000","29,600,000","27,300,000","27,400,000","13,500,000","17,900,000","15,600,000","17,000,000","11,900,000","5,000,000","12,000,000","-9,300,000","4,300,000","1,400,000","7,900,000","10,600,000","11,200,000","11,200,000","7,500,000","8,900,000","7,200,000","3,600,000","2,400,000","-15,800,000","4,200,000","5,600,000","2,500,000","7,100,000","-14,800,000","11,000,000","10,800,000","15,400,000","11,500,000","11,300,000",,,,,,,,,,,,,,,,,
TotalUnusualItemsExcludingGoodwill,"-175,100,000","-14,100,000","0","0","0","-1,200,000","-300,000","-2,400,000","1,200,000","-222,200,000","-3,500,000","-4,200,000","-1,800,000","-8,500,000","-300,000","-300,000","-1,100,000","-3,800,000",,"-1,700,000","-2,100,000","-8,800,000","-2,700,000","-1,000,000",,"0",,,,"-10,800,000","-1,900,000","0",,"-21,400,000","-1,100,000","-4,000,000","0","0","0","-900,000","-500,000","-6,300,000","200,000","-400,000","-500,000","-1,500,000","200,000","-2,200,000","-1,900,000","-8,300,000","-1,900,000","-1,200,000","-2,500,000","-4,700,000","-22,900,000","0","1,000,000","-2,600,000","400,000","-4,400,000","300,000","-3,200,000","700,000","700,000","500,000","-4,300,000","700,000","900,000","1,100,000","-3,500,000","500,000","1,400,000","1,100,000","-3,400,000","-1,200,000","-3,200,000","-2,500,000","-21,400,000","400,000","300,000","800,000","-26,400,000","-10,000,000","-36,900,000","-7,500,000","-6,100,000","1,200,000","1,400,000","2,400,000","-8,208,000","-75,000","1,100,000","1,300,000","2,700,000","200,000","6,900,000","3,100,000","2,900,000","2,600,000","1,700,000","2,300,000","6,200,000","-12,300,000","-5,100,000","700,000","1,200,000","500,000","-16,500,000","1,500,000","-15,200,000","-1,500,000","-14,800,000","900,000","900,000","900,000","800,000","900,000","-1,000,000","1,200,000","100,000","400,000","-24,400,000","900,000","1,200,000","1,200,000","1,300,000","1,500,000","900,000","400,000","600,000","1,200,000","1,100,000",,,,,,,,,,,,,,,,,
TotalUnusualItems,"-175,100,000","-14,100,000","0","0","0","-1,200,000","-300,000","-2,400,000","1,200,000","-222,200,000","-3,500,000","-4,200,000","-1,800,000","-8,500,000","-300,000","-300,000","-1,100,000","-3,800,000",,"-1,700,000","-2,100,000","-8,800,000","-2,700,000","-1,000,000",,"0",,,,"-10,800,000","-1,900,000","0",,"-21,400,000","-1,100,000","-4,000,000","0","0","0","-900,000","-500,000","-6,300,000","200,000","-400,000","-500,000","-1,500,000","200,000","-2,200,000","-1,900,000","-8,300,000","-1,900,000","-1,200,000","-2,500,000","-4,700,000","-22,900,000","0","1,000,000","-2,600,000","400,000","-4,400,000","300,000","-3,200,000","700,000","700,000","500,000","-4,300,000","700,000","900,000","1,100,000","-3,500,000","500,000","1,400,000","1,100,000","-3,400,000","-1,200,000","-3,200,000","-2,500,000","-21,400,000","400,000","300,000","800,000","-26,400,000","-10,000,000","-36,900,000","-7,500,000","-6,100,000","1,200,000","1,400,000","2,400,000","-8,208,000","-75,000","1,100,000","1,300,000","2,700,000","200,000","6,900,000","3,100,000","2,900,000","2,600,000","1,700,000","2,300,000","6,200,000","-12,300,000","-5,100,000","700,000","1,200,000","500,000","-16,500,000","1,500,000","-15,200,000","-1,500,000","-14,800,000","900,000","900,000","900,000","800,000","900,000","-1,000,000","1,200,000","100,000","400,000","-24,400,000","900,000","1,200,000","1,200,000","1,300,000","1,500,000","900,000","400,000","600,000","1,200,000","1,100,000",,,,,,,,,,,,,,,,,
NormalizedEBITDA,"390,000,000","85,200,000","67,700,000","55,000,000","-5,200,000","33,800,000","82,000,000","96,800,000","117,500,000","36,200,000","75,800,000","116,100,000","82,100,000","84,300,000","66,600,000","71,300,000","67,100,000","62,600,000","57,000,000","68,700,000","67,800,000","75,500,000","53,200,000","64,600,000","70,900,000","70,900,000","56,000,000","69,800,000","68,300,000","59,500,000","51,700,000","59,800,000","54,200,000","57,900,000","45,600,000","-110,500,000","50,100,000","44,700,000","36,600,000","27,700,000","44,300,000","45,500,000","34,200,000","50,300,000","51,200,000","43,000,000","40,500,000","43,400,000","40,000,000","23,900,000","29,600,000","32,000,000","27,500,000","28,300,000","31,000,000","65,800,000","66,800,000","78,900,000","72,000,000","85,900,000","64,400,000","58,200,000","58,600,000","68,300,000","55,400,000","51,500,000","378,500,000","53,900,000","48,700,000","60,300,000","40,300,000","35,500,000","34,200,000","37,200,000","30,100,000","39,700,000","33,900,000","39,200,000","23,700,000","38,400,000","36,600,000","24,600,000","28,900,000","29,200,000","31,100,000","82,600,000","76,600,000","91,900,000","78,600,000","92,615,000","76,507,000","73,600,000","74,800,000","74,100,000","62,900,000","69,800,000","66,700,000","70,300,000","63,800,000","59,700,000","55,900,000","51,600,000","59,900,000","53,900,000","38,500,000","34,800,000","30,800,000","54,100,000","30,000,000","25,300,000","21,600,000","42,800,000","21,600,000","21,800,000","24,300,000","24,800,000","20,600,000","29,800,000","17,900,000","14,800,000","12,600,000","35,900,000","15,200,000","16,500,000","11,000,000","18,000,000","-3,200,000","26,300,000","26,700,000","35,100,000","25,000,000","25,700,000","196,100,000","-519,100,000","192,600,000","205,200,000","190,500,000","-453,800,000","182,100,000","183,700,000","160,600,000","-345,200,000","141,800,000","139,700,000","131,900,000","-325,200,000","131,700,000","134,300,000","130,800,000"
TaxRateForCalcs,"0.4","0.4","0.156","0.27","0.153","0.27","0.229","0.235","0.22","0.142","0.224","0.143","0.21","0.22","0.16","0.226","0.2","0.182","0.19","0.305","0.305","0.298","0.298","0.32","0.32","0.248","0.298","0.33","0.336","0.294","0.336","0.338","0.33","0.258","0.333","0.376","0.347","0.242","0.294","0.349","0.333","0.35","0.304","0.334","0.332","0.366","0.244","0.319","0.306","0.35","0.325","0.338","0.35","0.027","0.35","0.335","0.35","0.351","0.329","0.34","0.334","0.245","0.302","0.345","0.334","0.279","0.341","0.328","0.344","0.4","0.355","0.333","0.329","0.4","0.228","0.364","0.361","0.133","0.333","0.341","0.338","0.4","0.359","0.373","0.237","0.359","0.36","0.36","0.359","0.371","0.37","0.37","0.37","0.369","0.371","0.4","0.391","0.39","0.39","0.382","0.388","0.4","0.366","0.399","0.391","0.292","0.36","0.4","0.365","0.4","0.348","0.067","0.397","0.303","0.353","0.36","0.4","0.4","0.385","0.4","0.4","0.255","0.4","0.391","0.375","0.36","0.4","0.379","0.379","0.377","0.378","0.379",,,,,,,,,,,,,,,,,
TaxEffectOfUnusualItems,"-70,040,000","-5,640,000","0","0","0","-324,000","-68,700","-564,000","264,000","-31,621,585.482","-784,000","-600,600","-378,000","-1,866,964.286","-48,000","-67,800","-220,000","-692,708.333","0","-518,500","-640,500","-2,621,276.596","-804,600","-320,000","0","0","0","0","0","-3,172,700.297","-638,400","0","0","-5,519,457.014","-366,300","-1,504,000","0","0","0","-313,953.488","-166,666.667","-2,205,000","60,747.664","-133,707.865","-165,760.87","-548,507.463","48,854.962","-702,661.597","-581,465.517","-2,905,000","-617,886.179","-405,517.241","-875,000","-128,767.123","-8,015,000","0","350,194.553","-913,628.9","131,698.774","-1,495,008.052","100,198.807","-784,761.905","211,663.067","241,681.574","167,056.075","-1,198,563.218","238,823.529","294,939.759","378,494.624","-1,400,000","177,480.916","466,666.667","361,502.347","-1,360,000","-273,267.327","-1,163,636.364","-902,061.856","-2,853,333.333","133,333.333","102,234.637","270,270.27","-10,560,000","-3,591,160.221","-13,761,049.724","-1,776,315.789","-2,192,187.5","432,558.14","504,084.72","862,633.452","-3,042,316.301","-27,751.944","407,251.908","481,395.349","996,116.505","74,105.263","2,760,000","1,211,111.111","1,132,380.952","1,014,048.059","649,478.079","892,152.466","2,480,000","-4,504,225.352","-2,036,577.181","273,437.5","350,000","180,107.527","-6,600,000","547,619.048","-6,080,000","-522,727.273","-986,666.667","357,251.908","272,368.421","317,341.04","288,000","360,000","-400,000","461,538.462","40,000","160,000","-6,215,094.34","360,000","469,565.217","450,000","468,468.468","600,000","340,677.966","151,724.138","225,910.931","454,054.054","417,032.967",,,,,,,,,,,,,,,,,