name,ttm,03/31/2022,12/31/2021,09/30/2021,06/30/2021,03/31/2021,12/31/2020,09/30/2020,06/30/2020,03/31/2020,12/31/2019,09/30/2019,06/30/2019,03/31/2019,12/31/2018,09/30/2018,06/30/2018,03/31/2018,12/31/2017,09/30/2017,06/30/2017,03/31/2017,12/31/2016,09/30/2016,06/30/2016,03/31/2016,12/31/2015,09/30/2015,06/30/2015,03/31/2015,12/31/2014,09/30/2014,06/30/2014,03/31/2014,12/31/2013,09/30/2013,06/30/2013,03/31/2013,12/31/2012,09/30/2012,06/30/2012,03/31/2012,12/31/2011,09/30/2011,06/30/2011,03/31/2011,12/31/2010,09/30/2010,06/30/2010,03/31/2010,12/31/2009,09/30/2009,06/30/2009,03/31/2009,12/31/2008,09/30/2008,06/30/2008,03/31/2008,12/31/2007,09/30/2007,06/30/2007,03/31/2007,12/31/2006,09/30/2006,06/30/2006,03/31/2006,12/31/2005,09/30/2005,06/30/2005,03/31/2005,12/31/2004,09/30/2004,06/30/2004,03/31/2004,12/31/2003,09/30/2003,06/30/2003,03/31/2003,12/31/2002,09/30/2002,06/30/2002,03/31/2002,12/31/2001,09/30/2001,06/30/2001,03/31/2001
TotalRevenue,"2,776,700,000","674,700,000","809,329,000","639,054,000","653,643,000","661,073,000","586,324,000","598,264,000","460,408,000","782,806,000","740,682,000","656,596,000","701,699,000","628,935,000","865,683,000","638,020,000","644,091,000","678,779,000","673,299,000","572,848,000","619,440,000","642,074,000","614,915,000","551,782,000","518,897,000","519,816,000","601,588,000","577,232,000","487,543,000","522,090,000","667,070,000","521,601,000","496,446,000","618,606,000","577,438,000","443,835,000","443,912,000","432,421,000","503,195,000","325,869,000","449,527,000","493,483,000","486,933,000","435,510,000","383,327,000","442,897,000","398,491,000","406,201,000","423,060,000","329,695,000","353,255,000","239,770,000","208,088,000","212,794,000","301,399,000","291,980,000","272,914,000","346,493,000","376,022,000","321,957,000","328,155,000","291,987,000","316,130,000","316,637,000","311,533,000","279,260,000","326,660,000","433,864,000","275,364,000","133,144,000","261,510,000","158,500,000","227,640,000","133,144,000","371,784,000","320,148,000","206,772,000","102,648,000","114,329,000","113,376,000","104,124,000","24,222,000","22,344,000","21,778,000","21,646,000","20,286,000"
	OperatingRevenue,"2,776,700,000","674,700,000","809,329,000","639,054,000","653,643,000","661,073,000","586,324,000","598,264,000","460,408,000","782,806,000","740,682,000","656,596,000","701,699,000","628,935,000","865,683,000","638,020,000","644,091,000","678,779,000","673,299,000","572,848,000","619,440,000","642,074,000","614,915,000","551,782,000","518,897,000","519,816,000","601,588,000","577,232,000","487,543,000","522,090,000","667,070,000","521,601,000","496,446,000","618,606,000","577,438,000","443,835,000","443,912,000","432,421,000","503,195,000","325,869,000","449,527,000","493,483,000","486,933,000","435,510,000","383,327,000","442,897,000","398,491,000","406,201,000","423,060,000","329,695,000","353,255,000","239,770,000","208,088,000","212,794,000","301,399,000","291,980,000","272,914,000","346,493,000","376,022,000","321,957,000","328,155,000","291,987,000","316,130,000","316,637,000","311,533,000","279,260,000","326,660,000","433,864,000","275,364,000","133,144,000","261,510,000","158,500,000","227,640,000","133,144,000","371,784,000","320,148,000","206,772,000","102,648,000","114,329,000","113,376,000","104,124,000","24,222,000","22,344,000","21,778,000","21,646,000","20,286,000"
CostOfRevenue,"1,083,500,000","301,100,000","350,982,000","207,256,000","224,056,000","242,995,000","182,631,000","167,941,000","109,049,000","312,770,000","253,658,000","165,384,000","215,406,000","230,965,000","333,883,000","176,738,000","207,298,000","251,471,000","245,474,000","171,728,000","194,871,000","220,174,000","209,813,000","165,323,000","139,005,000","157,339,000","173,697,000","127,565,000","134,947,000","177,876,000","235,130,000","129,645,000","156,000,000","235,551,000","218,446,000","155,569,000","149,514,000","196,730,000","52,141,000","189,091,000","226,824,000","317,064,000","289,927,000","249,008,000","200,159,000","273,591,000","227,301,000","274,577,000","253,926,000","194,993,000","201,226,000","121,765,000","101,501,000","113,357,000","165,469,000","171,409,000","132,257,000","233,160,000","255,572,000","218,368,000","216,615,000","194,955,000","223,454,000","232,270,000","209,435,000","184,708,000","168,110,000","247,201,000","150,792,000","75,499,000","185,464,000","96,409,000","115,560,000","76,289,000","204,163,000","159,791,000","99,435,000","50,605,000","-97,348,000","60,548,000","49,307,000","8,557,000","11,408,000","9,317,000","8,469,000","8,120,000"
GrossProfit,"1,693,200,000","373,600,000","458,347,000","431,798,000","429,587,000","418,078,000","403,693,000","430,323,000","351,359,000","470,036,000","487,024,000","491,212,000","486,293,000","397,970,000","531,800,000","461,282,000","436,793,000","427,308,000","427,825,000","401,120,000","424,569,000","421,900,000","405,102,000","386,459,000","379,892,000","362,477,000","427,891,000","449,667,000","352,596,000","344,214,000","431,940,000","391,956,000","340,446,000","383,055,000","358,992,000","288,266,000","294,398,000","235,691,000","451,054,000","136,778,000","222,703,000","176,419,000","197,006,000","186,502,000","183,168,000","169,306,000","171,190,000","131,624,000","169,134,000","134,702,000","152,029,000","118,005,000","106,587,000","99,437,000","135,930,000","120,571,000","140,657,000","113,333,000","120,450,000","103,589,000","111,540,000","97,032,000","92,676,000","84,367,000","102,098,000","94,552,000","158,550,000","186,663,000","124,572,000","57,645,000","76,046,000","62,091,000","112,080,000","56,855,000","167,621,000","160,357,000","107,337,000","52,043,000","211,677,000","52,828,000","54,817,000","15,665,000","10,936,000","12,461,000","13,177,000","12,166,000"
OperatingExpense,"788,500,000","189,000,000","205,655,000","190,597,000","203,301,000","177,646,000","200,586,000","202,861,000","184,362,000","186,927,000","195,419,000","220,922,000","226,336,000","185,079,000","221,228,000","219,504,000","213,135,000","189,852,000","180,565,000","202,570,000","188,687,000","171,873,000","173,677,000","171,086,000","168,704,000","164,107,000","198,345,000","175,518,000","169,375,000","133,993,000","152,181,000","167,764,000","164,183,000","108,432,000","136,635,000","136,017,000","110,677,000","95,237,000","266,460,000","59,243,000","56,900,000","55,254,000","59,246,000","50,704,000","55,945,000","53,953,000","57,480,000","51,027,000","45,893,000","49,584,000","48,951,000","44,615,000","39,614,000","39,840,000","35,867,000","34,877,000","35,888,000","34,956,000","36,685,000","33,133,000","33,436,000","33,125,000","23,158,000","40,746,000","31,560,000","32,500,000","71,621,000","70,319,000","46,742,000","23,199,000","28,583,000","23,577,000","45,878,000","22,289,000","76,477,000","60,615,000","41,894,000","23,291,000","174,348,000","20,720,000","18,126,000","6,136,000","5,653,000","5,156,000","4,505,000","5,389,000"
	SellingGeneralAndAdministration,"223,100,000","62,800,000","57,629,000","46,632,000","56,089,000","46,580,000","56,386,000","38,016,000","42,168,000","36,908,000","47,116,000","51,156,000","52,383,000","45,995,000","47,048,000","47,389,000","53,290,000","46,556,000","44,841,000","37,202,000","43,393,000","40,281,000","36,599,000","35,800,000","34,542,000","40,874,000","40,277,000","37,612,000","37,942,000","35,498,000","38,667,000","35,377,000","39,309,000","34,935,000","36,423,000","32,755,000","33,262,000","30,056,000","32,694,000","27,551,000","25,414,000","23,744,000","28,328,000","20,470,000","25,281,000","24,590,000","28,272,000","23,624,000","20,178,000","23,242,000","22,663,000","20,002,000","19,721,000","20,525,000","17,050,000","17,151,000","18,454,000","17,780,000","19,942,000","17,219,000","17,741,000","17,685,000","8,045,000","25,564,000","16,204,000","17,299,000","45,104,000","41,411,000","27,398,000","13,677,000","15,646,000","14,013,000","27,616,000","12,887,000","49,149,000","34,270,000","24,302,000","14,327,000","165,597,000","9,776,000","9,498,000","3,228,000","2,411,000","2,413,000","1,848,000","2,283,000"
		GeneralAndAdministrativeExpense,"223,100,000","62,800,000","57,629,000","46,632,000","56,089,000","46,580,000","56,386,000","38,016,000","42,168,000","36,908,000","47,116,000","51,156,000","52,383,000","45,995,000","47,048,000","47,389,000","53,290,000","46,556,000","44,841,000","37,202,000","43,393,000","40,281,000","36,599,000","35,800,000","34,542,000","40,874,000","40,277,000","37,612,000","37,942,000","35,498,000","38,667,000","35,377,000","39,309,000","34,935,000","36,423,000","32,755,000","33,262,000","30,056,000","32,694,000",,,,,,,,,,,,,,,,,,,,,,,,,,,,,,,,,,,,,,,,,,,,,,,
			OtherGandA,"223,100,000","62,800,000","57,629,000","46,632,000","56,089,000","46,580,000","56,386,000","38,016,000","42,168,000","36,908,000","47,116,000","51,156,000","52,383,000","45,995,000","47,048,000","47,389,000","53,290,000","46,556,000","44,841,000","37,202,000","43,393,000","40,281,000","36,599,000","35,800,000","34,542,000","40,874,000","40,277,000","37,612,000","37,942,000","35,498,000","38,667,000","35,377,000","39,309,000","34,935,000","36,423,000","32,755,000","33,262,000","30,056,000","32,694,000",,,,,,,,,,,,,,,,,,,,,,,,,,,,,,,,,,,,,,,,,,,,,,,
	DepreciationAmortizationDepletionIncomeStatement,,,,,,,,,,,,,,,,,,,,,,,,,,,,,,,,,,,,,,,,"31,692,000","31,486,000","31,510,000","30,918,000","30,234,000","30,664,000","29,363,000","29,208,000","27,403,000","25,715,000","26,342,000","26,288,000","24,613,000","19,893,000","19,315,000","18,817,000","17,726,000","17,434,000","17,176,000","16,743,000","15,914,000","15,695,000","15,440,000","15,113,000","15,182,000","15,356,000","15,201,000","26,517,000","28,908,000","19,344,000","9,522,000","12,937,000","9,564,000","18,262,000","9,522,000","27,328,000","26,345,000","17,592,000","8,964,000","11,480,000","10,944,000","13,563,000","2,908,000","3,242,000","2,743,000","2,657,000","3,106,000"
		DepreciationAndAmortizationInIncomeStatement,,,,,,,,,,,,,,,,,,,,,,,,,,,,,,,,,,,,,,,,"31,692,000","31,486,000","31,510,000","30,918,000","30,234,000","30,664,000","29,363,000","29,208,000","27,403,000","25,715,000","26,342,000","26,288,000","24,613,000","19,893,000","19,315,000","18,817,000","17,726,000","17,434,000","17,176,000","16,743,000","15,914,000","15,695,000","15,440,000","15,113,000","15,182,000","15,356,000","15,201,000","26,517,000","28,908,000","19,344,000","9,522,000","12,937,000","9,564,000","18,262,000","9,522,000","27,328,000","26,345,000","17,592,000","8,964,000","11,480,000","10,944,000","13,563,000","2,908,000","3,242,000","2,743,000","2,657,000","3,106,000"
			DepreciationIncomeStatement,,,,,,,,,,,,,,,,,,,,,,,,,,,,,,,,,,,,,,,,,,,,,,,,,,,,,,,,,,,,,,,,,,,,,,,,,,,,,,,"8,751,000","8,753,000","8,628,000",,,,,
			Amortization,,,,,,,,,,,,,,,,,,,,,,,,,,,,,,,,,,,,,,,,,,,,,,,,,,,,,,,,,,,,,,,,,,,,,,,,,,,,,,,"2,729,000","2,191,000","4,935,000",,,,,
				AmortizationOfIntangiblesIncomeStatement,,,,,,,,,,,,,,,,,,,,,,,,,,,,,,,,,,,,,,,,,,,,,,,,,,,,,,,,,,,,,,,,,,,,,,,,,,,,,,,"2,729,000","2,191,000","4,935,000",,,,,
	OtherOperatingExpenses,"565,400,000","126,200,000","148,026,000","143,965,000","147,212,000","131,066,000","144,200,000","164,845,000","142,194,000","150,019,000","148,303,000","169,766,000","173,953,000","139,084,000","174,180,000","172,115,000","159,845,000","143,296,000","135,724,000","165,368,000","145,294,000","131,592,000","137,078,000","135,286,000","134,162,000","123,233,000","158,068,000","137,906,000","131,433,000","98,495,000","113,514,000","132,387,000","124,874,000","73,497,000","100,212,000","103,262,000","77,415,000","65,181,000","74,404,000",,,,,,,,,,,,,,,,,,,,,,,,,,,,,,,,,,,"-120,000",,,,,"-2,729,000",,"-4,935,000",,,,,
OperatingIncome,"904,700,000","184,600,000","252,692,000","241,201,000","226,286,000","240,432,000","203,107,000","227,462,000","166,997,000","283,109,000","291,605,000","270,290,000","259,957,000","212,891,000","310,572,000","241,778,000","223,658,000","237,456,000","247,260,000","198,550,000","235,882,000","250,027,000","231,425,000","215,373,000","211,188,000","198,370,000","229,546,000","274,149,000","183,221,000","210,221,000","279,759,000","224,192,000","176,263,000","274,623,000","222,357,000","152,249,000","183,721,000","140,454,000","184,594,000","77,535,000","165,803,000","121,165,000","137,760,000","135,798,000","127,223,000","115,353,000","113,710,000","80,597,000","123,241,000","85,118,000","103,078,000","73,390,000","66,973,000","59,597,000","100,063,000","85,694,000","104,769,000","78,377,000","83,765,000","70,456,000","78,104,000","63,907,000","69,518,000","43,621,000","70,538,000","62,052,000","86,929,000","116,344,000","77,830,000","34,446,000","47,463,000","38,514,000","66,202,000","34,566,000","91,144,000","99,742,000","65,443,000","28,752,000","37,329,000","32,108,000","36,691,000","9,529,000","5,283,000","7,305,000","8,672,000","6,777,000"
NetNonOperatingInterestIncomeExpense,"-226,300,000","-56,800,000","-56,603,000","-56,563,000","-56,416,000","-56,318,000","-53,809,000","-52,680,000","-64,808,000","-50,529,000","-50,297,000","-47,271,000","-45,934,000","-55,052,000","-46,793,000","-51,533,000","-50,762,000","-51,426,000","-50,657,000","-48,231,000","-48,107,000","-46,723,000","-45,047,000","-41,984,000","-41,152,000","-37,227,000","-35,198,000","-36,125,000","-37,116,000","-34,738,000","-33,607,000","-25,980,000","-30,618,000","-31,314,000","-32,015,000","-28,397,000","-29,004,000","-28,790,000","-28,267,000","-28,177,000","-28,061,000","-28,224,000","-28,376,000","-26,656,000","-24,797,000","-25,805,000","-125,627,000","-24,358,000","-22,040,000","-21,250,000","-21,505,000","-19,738,000","-14,657,000","-14,390,000","-14,434,000","-13,345,000","-11,350,000","-11,341,000","-12,050,000","-12,275,000","-13,121,000","-14,244,000","-10,935,000","-13,842,000","-13,436,000","-13,442,000","-26,798,000","-23,511,000","-15,773,000","-8,069,000","-11,924,000","-7,738,000","-16,976,000",,"-28,261,000","-13,660,000","-7,385,000","-763,000",,,,,,,,
	InterestIncomeNonOperating,"500,000","100,000","61,000","138,000","148,000","153,000","134,000","260,000","223,000","420,000","639,000","648,000","338,000","1,660,000","1,550,000","501,000","380,000","579,000","627,000","240,000","256,000","292,000","335,000","302,000","404,000","361,000","283,000","310,000","334,000","349,000","369,000","374,000","406,000","391,000","92,000","215,000","13,000","22,000","27,000","16,000","29,000","35,000","39,000","11,000","1,000","10,000","55,000","74,000","7,000","4,000","8,000","225,000","210,000","223,000","531,000","363,000","291,000","293,000","318,000","332,000","746,000","371,000","368,000","482,000","601,000","646,000","1,770,000","1,737,000","1,446,000","446,000","721,000","291,000","554,000",,"1,869,000","937,000","745,000","550,000",,,,,,,,
	InterestExpenseNonOperating,"226,800,000","56,900,000","56,664,000","56,701,000","56,564,000","56,471,000","53,943,000","52,940,000","65,031,000","50,949,000","50,936,000","47,919,000","46,272,000","56,712,000","48,343,000","52,034,000","51,142,000","52,005,000","51,284,000","48,471,000","48,363,000","47,015,000","45,382,000","42,286,000","41,556,000","37,588,000","37,348,000","35,795,000","36,810,000","34,500,000","33,410,000","25,788,000","30,422,000","31,106,000","31,303,000","28,072,000","28,477,000","28,272,000","26,207,000","28,193,000","28,090,000","28,259,000","28,415,000","26,667,000","24,798,000","25,815,000","125,682,000","24,432,000","22,047,000","21,254,000","21,513,000","19,963,000","14,867,000","14,613,000","14,965,000","13,708,000","11,641,000","11,634,000","12,368,000","12,607,000","13,867,000","14,615,000","11,303,000","14,324,000","14,037,000","14,088,000","28,568,000","25,248,000","17,219,000","8,515,000","12,645,000","8,029,000","17,530,000",,"30,130,000","14,597,000","8,130,000","1,313,000",,,,,,,,
	TotalOtherFinanceCost,,,,,,,,,,,,,,,,,,,,,,,,,,,,"640,000","640,000","587,000","566,000","566,000","602,000","599,000","804,000","540,000","540,000","540,000","531,000",,,,,,,,,,,,,,,,,,,,,,,,,,,,,,,,,,,,,,,,,,,,,,,
OtherIncomeExpense,"205,500,000","35,000,000","37,571,000","37,473,000","95,463,000","37,993,000","35,387,000","37,680,000","32,243,000","55,740,000","44,124,000","50,119,000","40,861,000","50,993,000","46,705,000","405,898,000","42,629,000","25,814,000","42,444,000","49,107,000","23,533,000","20,276,000","27,837,000","21,900,000","18,508,000","46,798,000","13,291,000","13,815,000","31,081,000","9,311,000","6,755,000","1,645,000","1,955,000","466,000","1,113,000","2,375,000","736,000","2,051,000","-1,914,000","1,749,000","-518,000","-519,000","-651,000","-410,000","1,443,000","-385,000","-407,000","546,000","1,480,000","1,189,000","163,000","-342,000","1,280,000","-138,000","470,000","1,511,000","1,457,000","26,729,000","896,000","888,000","-2,731,000","763,000","-2,131,000","814,000","268,000","-297,000","-2,565,000","-17,958,000","-17,785,000","-562,000","-211,000","-173,000","-1,309,000","-562,000","-547,000","-6,173,000","-3,982,000","953,000","1,064,000",,,"-116,000",,,"8,000","-8,000"
	EarningsFromEquityInterest,"150,700,000","35,400,000","38,293,000","36,466,000","40,589,000","39,052,000","36,843,000","39,135,000","33,689,000","43,660,000","46,732,000","50,189,000","40,785,000","31,255,000","50,274,000","53,795,000","42,510,000","34,538,000","42,821,000","31,151,000","25,576,000","21,446,000","27,153,000","18,576,000","15,339,000","17,628,000","16,830,000","15,521,000","24,542,000","9,590,000","15,328,000","1,645,000","1,955,000","466,000","1,113,000","2,375,000","736,000","2,051,000","-1,914,000","1,749,000",,,,,"1,443,000",,,"1,654,000","1,480,000","1,189,000",,,"939,000",,"563,000","1,722,000","1,377,000","405,000","1,067,000","1,091,000","1,106,000","763,000","845,000","814,000","946,000","719,000","-713,000","981,000","268,000","120,000","621,000","713,000","0",,,,,,,,,,,,,
	SpecialIncomeCharges,"75,200,000","200,000","2,067,000","3,231,000","69,702,000","0","0","0","0","12,887,000","0","2,532,000","4,646,000","21,788,000","0","353,797,000",,,"0","18,505,000",,,,,,,,,,,,,,,,,,,,,"-518,000","-519,000","-651,000","-410,000",,"-385,000","3,916,000","-1,108,000","0","0","163,000","-342,000","341,000","-138,000","-93,000","-211,000","80,000","26,324,000","-171,000","-203,000","-3,837,000","0","-2,976,000","0","-678,000","-1,016,000","-1,852,000","-18,939,000","-18,053,000","-682,000","121,000","-886,000","-1,309,000","-562,000","-547,000","-6,173,000","-3,982,000","953,000","1,064,000",,,"-116,000",,,"8,000","-8,000"
		WriteOff,,,,,,,,,,,,,,,,,,,,,,,,,,,,,,,,,,,,,,,,,,,,,,,,,,,,,,,,,,,,,,,,,,,"0","5,002,000","5,002,000",,"0","0","0",,,,,,,,,,,,,
		OtherSpecialCharges,,,,,,,,,,,,,,,,,,,,,,,,,,,,,,,,,,,,,,,,,,,,,,,,,,,"-163,000","342,000",,,"93,000","211,000","-80,000","-26,324,000","171,000","203,000","3,837,000",,,,"678,000","1,016,000","1,852,000","13,937,000","13,051,000","682,000","-121,000","886,000","1,309,000",,"547,000","6,173,000","3,982,000",,,,,,,,,
		GainOnSaleOfPPE,"75,200,000","200,000","2,067,000","3,231,000","69,702,000","0","0","0","0","12,887,000","0","2,532,000","4,646,000","21,788,000","0","353,797,000",,,"0","18,505,000",,,,,,,,,,,,,,,,,,,,,,,,,,,,,,,,,,,,,,,,,,,,,,,,,,,,,,,,,,,,,,,,,,
	OtherNonOperatingIncomeExpenses,"-20,400,000","-600,000","-2,789,000","-2,224,000","-14,828,000","-1,059,000","-1,456,000","-1,455,000","-1,446,000","-807,000","-2,608,000","-2,602,000","-4,570,000","-2,050,000","-3,569,000","-1,694,000","119,000","-8,724,000","-377,000","-549,000","-2,043,000","-1,170,000","684,000","3,324,000","3,169,000","29,170,000","-3,539,000","-1,706,000","6,539,000","-279,000","-8,573,000",,,,,,,,,,,,,,,,,,,,,,,,,,,,,,,,,,,,,,,,,,,,,,,,,,,,,,,
PretaxIncome,"883,900,000","162,800,000","233,660,000","222,111,000","265,333,000","222,107,000","184,685,000","212,462,000","134,432,000","288,320,000","285,432,000","273,138,000","254,884,000","208,832,000","310,484,000","596,143,000","215,525,000","211,844,000","239,047,000","199,426,000","211,308,000","223,580,000","214,215,000","195,289,000","188,544,000","207,941,000","207,639,000","251,839,000","177,186,000","184,794,000","252,907,000","199,857,000","147,600,000","243,775,000","191,455,000","126,227,000","155,453,000","113,715,000","154,413,000","51,107,000","138,702,000","94,070,000","110,731,000","110,687,000","103,484,000","90,530,000","88,428,000","56,785,000","102,681,000","65,057,000","82,341,000","54,678,000","53,596,000","45,588,000","86,099,000","73,860,000","94,876,000","93,765,000","72,611,000","59,069,000","62,252,000","50,426,000","56,452,000","30,593,000","57,370,000","48,313,000","57,566,000","74,875,000","44,272,000","25,815,000","35,328,000","30,603,000","47,917,000",,"62,336,000","79,909,000","54,076,000","28,942,000","27,566,000","25,833,000","25,135,000","8,507,000","4,786,000","5,663,000","7,394,000","4,091,000"
TaxProvision,"2,300,000","800,000","256,000","821,000","434,000","789,000","765,000","824,000","589,000","756,000","-1,013,000","100,000","1,181,000","1,169,000","-3,588,000","1,609,000","1,116,000","934,000","1,152,000","926,000","908,000","844,000","924,000","738,000","685,000","871,000","516,000","867,000","-205,000","1,158,000","822,000","1,237,000","1,340,000","1,221,000","1,448,000","604,000","1,813,000","748,000","610,000","585,000","881,000","546,000","469,000","447,000","485,000","465,000","471,000","148,000","229,000","523,000","389,000","463,000","452,000","357,000","518,000","524,000","502,000","443,000","419,000","-375,000","800,000","724,000",,,,,,,,,,,,,"0","8,322,000","8,322,000","7,816,000","0",,"506,000",,"0",,,"187,000"
EarningsFromEquityInterestNetOfTax,,,,,,,,,,,,,,,,,,,,,,,,,,,,,,,,,,,,,,,,,"1,478,000","1,648,000",,,,,,,,,"605,000","1,368,000",,"519,000",,,,,,,,,,,,,,,,,,,,,,,,,,,,,,,,
NetIncomeCommonStockholders,"926,200,000","165,500,000","243,666,000","236,599,000","280,417,000","221,318,000","183,920,000","211,638,000","133,843,000","287,564,000","286,445,000","273,038,000","253,703,000","207,663,000","314,072,000","594,534,000","214,409,000","210,910,000","237,895,000","198,500,000","210,400,000","222,736,000","213,291,000","194,551,000","187,859,000","207,070,000","207,123,000","250,972,000","177,391,000","183,636,000","252,085,000","198,620,000","146,260,000","242,554,000","190,007,000","125,623,000","153,640,000","112,967,000","153,803,000","50,522,000","137,821,000","93,524,000","110,262,000","110,240,000","102,999,000","90,128,000","88,132,000","56,791,000","102,520,000","64,534,000","81,952,000","18,161,000","22,734,000","22,921,000","55,592,000","50,188,000","53,736,000","59,620,000","49,640,000","43,049,000","43,790,000","36,851,000","42,718,000","28,335,000","41,143,000","36,685,000","61,905,000","69,625,000","41,339,000","23,874,000","31,515,000","28,286,000","47,506,000","25,815,000","65,763,000","55,414,000","30,986,000","8,265,000","27,566,000","25,833,000","24,628,000","8,507,000","4,786,000","5,663,000","7,394,000","3,904,000"
	NetIncome,"926,200,000","165,500,000","243,666,000","236,599,000","280,417,000","221,318,000","183,920,000","211,638,000","133,843,000","287,564,000","286,445,000","273,038,000","253,703,000","207,663,000","314,072,000","594,534,000","214,409,000","210,910,000","237,895,000","198,500,000","210,400,000","222,736,000","213,291,000","194,551,000","187,859,000","207,070,000","207,123,000","250,972,000","177,391,000","183,636,000","252,085,000","198,620,000","146,260,000","242,554,000","190,007,000","125,623,000","153,640,000","112,967,000","153,803,000","50,522,000","137,821,000","93,524,000","110,262,000","110,240,000","102,999,000","90,128,000","88,132,000","56,791,000","102,520,000","64,534,000","81,952,000","18,161,000","22,734,000","22,921,000","-11,907,000","96,484,000","135,012,000","127,024,000","25,284,000","75,839,000","61,452,000","49,702,000","56,452,000","30,593,000","57,370,000","48,313,000","57,566,000","74,875,000","44,272,000","25,815,000","35,328,000","30,603,000","47,917,000","25,815,000","62,336,000","58,142,000","32,309,000","8,507,000","27,566,000","25,833,000","24,628,000","8,507,000","4,786,000","5,663,000","7,394,000","3,904,000"
		NetIncomeIncludingNoncontrollingInterests,"926,200,000","165,500,000","243,666,000","236,599,000","280,417,000","221,318,000","183,920,000","211,638,000","133,843,000","287,564,000","286,445,000","273,038,000","253,703,000","207,663,000","314,072,000","594,534,000","214,409,000","210,910,000","237,895,000","198,500,000","210,400,000","222,736,000","213,291,000","194,551,000","187,859,000","207,070,000","207,123,000","250,972,000","177,391,000","183,636,000","252,085,000","198,620,000","146,260,000","242,554,000","190,007,000","125,623,000","153,640,000","112,967,000","153,803,000","50,522,000","137,821,000","93,524,000","110,262,000","110,240,000","102,999,000","90,065,000","87,957,000","56,637,000","102,452,000","64,534,000","81,952,000","54,215,000","53,144,000","45,231,000","85,581,000","73,336,000","94,374,000","93,322,000","72,192,000","59,444,000","61,452,000","49,702,000","56,452,000","30,593,000","57,370,000","48,313,000","57,566,000","74,875,000","44,272,000","25,815,000","35,328,000","30,603,000","47,917,000","25,815,000","62,336,000","71,587,000","45,754,000","21,126,000","27,566,000","25,833,000","24,628,000","8,507,000","5,015,000","5,663,000","7,394,000","3,904,000"
			NetIncomeContinuousOperations,"881,600,000","162,000,000","233,404,000","221,290,000","264,899,000","221,318,000","183,920,000","211,638,000","133,843,000","287,564,000","286,445,000","273,038,000","253,703,000","207,663,000","314,072,000","594,534,000","214,409,000","210,910,000","237,895,000","198,500,000","210,400,000","222,736,000","213,291,000","194,551,000","187,859,000","207,070,000","207,123,000","250,972,000","177,391,000","183,636,000","252,085,000","198,620,000","146,260,000","242,554,000","190,007,000","125,623,000","153,640,000","112,967,000","153,803,000","50,522,000","137,821,000","93,524,000","110,262,000","110,240,000","102,999,000","90,065,000","87,957,000","56,637,000","102,452,000","64,534,000","82,557,000","55,583,000","53,144,000","45,231,000","85,581,000","73,336,000","94,374,000","93,322,000","72,192,000","59,444,000","61,452,000","49,702,000","56,452,000","30,593,000","57,370,000","48,313,000","57,566,000","74,875,000","44,272,000","25,815,000","35,328,000","30,603,000","47,917,000","25,815,000","62,336,000","71,587,000","45,754,000","21,126,000","27,566,000","25,833,000","24,628,000","8,507,000","4,786,000","5,663,000","7,394,000","3,904,000"
			NetIncomeDiscontinuousOperations,"44,600,000","3,500,000","10,262,000","15,309,000","15,518,000",,,,,,,,,,,,,,,,,,,,,,,,,,,,,,,,,,,,,,,,,,,,,,,,,,,,,,,,,,,,,,,,,,,,,,,,,,,,,,,,,
		MinorityInterests,,,,,,,,,,,,,,,,,,,,,,,,,,,,,,,,,,,,,,,"0","0","0","0","0","0",,"63,000","175,000","154,000","68,000","0","0","-36,054,000","-30,410,000","-22,310,000",,,,,,,,,,,,,,,,,,,,,"0","-13,445,000","-13,445,000","-12,619,000",,,,,,,,
	PreferredStockDividends,,,,,,,,,,,,,,,,,,,,,,,,,,,,,,,,,,,,,,,,,,,,,,,,,,,,,,,,,,,,,"17,662,000","12,851,000","13,734,000","2,258,000","16,227,000","11,628,000","-4,339,000","5,250,000","2,933,000","1,941,000","3,813,000","2,317,000","411,000",,"-3,427,000","2,728,000","1,323,000","242,000",,,,,,,,
	OtherunderPreferredStockDividend,,,,,,,,,,,,,,,,,,,,,,,,,,,,,,,,,,,,,,,,,,,,,,,,,,,,,,,,"46,296,000","81,276,000","67,404,000",,"32,790,000",,,,,,,,,,,,,,,,,,,,,,,,,,
DilutedNIAvailtoComStockholders,"926,200,000","165,500,000","243,666,000","236,599,000","280,417,000","221,318,000","183,920,000","211,638,000","133,843,000","287,564,000","286,445,000","273,038,000","253,703,000","207,663,000","314,072,000","594,534,000","214,409,000","210,910,000","237,895,000","198,500,000","210,400,000","222,736,000","213,291,000","194,551,000","187,859,000","207,070,000","207,123,000","250,972,000","177,391,000","183,636,000","252,085,000","198,620,000","146,260,000","242,554,000","190,007,000","125,623,000","153,640,000","112,967,000","153,803,000",,"137,821,000",,,,,,,,,,,,,,,,,,,,,,,,,,,,,,,,,"25,815,000",,,,,"27,566,000","25,833,000","24,628,000","8,507,000","4,786,000","5,663,000","7,394,000","3,904,000"
BasicEPS,,"0.78","1.14","1.08","1.26","0.99","0.82","0.94","0.59","1.26","1.25","1.19","1.11","0.91","1.38","2.6","0.94","0.92","1.04","0.87","0.92","0.98","0.94","0.85","0.82","0.91","0.91","1.1","0.78","0.81","1.11","0.87","0.64","1.07","0.84","0.55","0.68","0.5","0.68","0.22","0.61","0.415",,"0.49","0.455","0.4",,"0.255","0.48","0.3",,"0.136","0.225","0.17",,"0.375","0.4","0.445",,"0.325","0.33","0.275",,"0.215","0.31","0.275",,"0.62","0.375","0.11",,"0.243","0.438","0.218",,"0.688","0.468","0.183",,"0.225","0.263","0.183",,"0.123","0.16","0.078"
DilutedEPS,,"0.78","1.14","1.08","1.26","0.99","0.82","0.94","0.59","1.26","1.25","1.19","1.11","0.91","1.37","2.6","0.94","0.92","1.04","0.87","0.92","0.98","0.93","0.85","0.82","0.91","0.91","1.1","0.78","0.81","1.1","0.87","0.64","1.07","0.83","0.55","0.68","0.5","0.68","0.22","0.61","0.415",,"0.49","0.455","0.4",,"0.255","0.48","0.3",,"0.136","0.225","0.17",,"0.375","0.4","0.445",,"0.325","0.33","0.275",,"0.215","0.31","0.275",,"0.615","0.375","0.11",,"0.24","0.435","0.218",,"0.688","0.468","0.18",,"0.225","0.263","0.18",,"0.123","0.16","0.078"
BasicAverageShares,,"212,900,000","213,500,000","218,637,000","222,735,000","223,593,000","223,889,000","225,222,000","225,351,000","227,571,000","228,705,000","228,720,000","228,647,000","228,558,000","228,403,000","228,397,000","228,387,000","228,320,000","228,203,000","228,199,000","228,192,000","228,109,000","227,963,000","227,960,000","227,952,000","227,826,000","227,583,000","227,580,000","227,631,000","227,525,000","227,316,000","227,294,000","227,288,000","227,141,000","226,879,000","226,866,000","226,864,000","226,705,000","226,434,000","226,431,000","226,428,000","226,182,000",,"225,728,000","225,694,000","225,524,000",,"223,044,000","213,792,000","213,686,000",,"132,271,936","134,254,000","134,148,000",,"133,708,000","133,702,000","133,544,000",,"133,100,000","133,098,000","133,076,000",,"132,722,000","132,722,000","132,722,000",,"112,628,000","110,380,000","219,120,000",,"117,084,000","108,760,000","109,560,000",,"80,524,000","66,172,000","45,436,000",,"108,760,000","86,680,000","45,436,000",,"45,436,000","45,436,000","45,436,000"
DilutedAverageShares,,"212,900,000","214,100,000","218,788,000","222,863,000","223,593,000","224,000,000","225,222,000","225,351,000","227,571,000","229,358,000","228,754,000","228,688,000","228,558,000","229,052,000","228,449,000","228,425,000","228,360,000","228,682,000","228,260,000","228,245,000","228,159,000","228,385,000","227,999,000","227,983,000","227,849,000","228,439,000","227,945,000","227,631,000","227,525,000","228,232,000","227,830,000","227,288,000","227,141,000","227,928,000","226,866,000","226,864,000","226,705,000","227,383,000","226,431,000","226,428,000","226,182,000",,"225,728,000","225,694,000","225,524,000",,"223,044,000","213,792,000","213,686,000",,"132,271,936","134,254,000","134,148,000",,"133,708,000","133,702,000","133,544,000",,"133,100,000","133,098,000","133,092,000",,"133,288,000","132,964,000","132,964,000",,"112,864,000","110,596,000","219,488,000",,"117,364,000","109,016,000","109,744,000",,"80,740,000","66,380,000","45,628,000",,"108,988,000","86,904,000","45,628,000",,"45,436,000","45,436,000","45,436,000"
TotalOperatingIncomeAsReported,"1,055,400,000","220,000,000","290,985,000","277,667,000","266,875,000","279,484,000","239,950,000","266,597,000","200,686,000","326,769,000","338,337,000","320,479,000","300,742,000","244,146,000","360,846,000","295,573,000","266,168,000","271,994,000","290,081,000","229,701,000","261,458,000","271,473,000","258,578,000","233,949,000","226,527,000","215,998,000","246,376,000","289,670,000","207,763,000","219,811,000","295,087,000","225,837,000","178,218,000","275,089,000","223,470,000","154,624,000","184,457,000","142,505,000","182,680,000","79,284,000","167,281,000","122,813,000","139,758,000","137,753,000","128,666,000","116,720,000","115,119,000","82,251,000","124,721,000","86,307,000","103,078,000","73,390,000","66,973,000","59,597,000","100,626,000","87,416,000","106,146,000","105,274,000","84,832,000","71,547,000","79,210,000","64,670,000","70,363,000","44,435,000","71,484,000","62,771,000","86,216,000","117,325,000","78,098,000","34,566,000","48,084,000","39,227,000","66,202,000","34,566,000","91,144,000","99,742,000","65,443,000","28,752,000","37,329,000","34,299,000","36,691,000","9,529,000","5,283,000","7,305,000","8,672,000","6,777,000"
TotalExpenses,"1,872,000,000","490,100,000","556,637,000","397,853,000","427,357,000","420,641,000","383,217,000","370,802,000","293,411,000","499,697,000","449,077,000","386,306,000","441,742,000","416,044,000","555,111,000","396,242,000","420,433,000","441,323,000","426,039,000","374,298,000","383,558,000","392,047,000","383,490,000","336,409,000","307,709,000","321,446,000","372,042,000","303,083,000","304,322,000","311,869,000","387,311,000","297,409,000","320,183,000","343,983,000","355,081,000","291,586,000","260,191,000","291,967,000","318,601,000","248,334,000","283,724,000","372,318,000","349,173,000","299,712,000","256,104,000","327,544,000","284,781,000","325,604,000","299,819,000","244,577,000","250,177,000","166,380,000","141,115,000","153,197,000","201,336,000","206,286,000","168,145,000","268,116,000","292,257,000","251,501,000","250,051,000","228,080,000","246,612,000","273,016,000","240,995,000","217,208,000","239,731,000","317,520,000","197,534,000","98,698,000","214,047,000","119,986,000","161,438,000","98,578,000","280,640,000","220,406,000","141,329,000","73,896,000","77,000,000","81,268,000","67,433,000","14,693,000","17,061,000","14,473,000","12,974,000","13,509,000"
NetIncomeFromContinuingAndDiscontinuedOperation,"926,200,000","165,500,000","243,666,000","236,599,000","280,417,000","221,318,000","183,920,000","211,638,000","133,843,000","287,564,000","286,445,000","273,038,000","253,703,000","207,663,000","314,072,000","594,534,000","214,409,000","210,910,000","237,895,000","198,500,000","210,400,000","222,736,000","213,291,000","194,551,000","187,859,000","207,070,000","207,123,000","250,972,000","177,391,000","183,636,000","252,085,000","198,620,000","146,260,000","242,554,000","190,007,000","125,623,000","153,640,000","112,967,000","153,803,000","50,522,000","137,821,000","93,524,000","110,262,000","110,240,000","102,999,000","90,128,000","88,132,000","56,791,000","102,520,000","64,534,000","81,952,000","18,161,000","22,734,000","22,921,000","-11,907,000","96,484,000","135,012,000","127,024,000","25,284,000","75,839,000","61,452,000","49,702,000","56,452,000","30,593,000","57,370,000","48,313,000","57,566,000","74,875,000","44,272,000","25,815,000","35,328,000","30,603,000","47,917,000","25,815,000","62,336,000","58,142,000","32,309,000","8,507,000","27,566,000","25,833,000","24,628,000","8,507,000","4,786,000","5,663,000","7,394,000","3,904,000"
NormalizedIncome,"806,595,678.244","161,800,982.801","231,339,264.624","218,070,942.907","195,311,010.199","221,318,000","183,920,000","211,638,000","133,843,000","274,710,790.83","286,445,000","270,506,927.004","249,078,527.15","185,996,964.89","314,072,000","241,691,904.063","214,409,000","210,910,000","237,895,000","180,080,924.754","210,400,000","222,736,000","213,291,000","194,551,000","187,859,000","207,070,000","207,123,000","250,972,000","177,391,000","183,636,000","252,085,000","198,620,000","146,260,000","242,554,000","190,007,000","125,623,000","153,640,000","112,967,000","153,803,000","50,522,000","138,335,709.795","94,039,987.626","110,910,242.696","110,648,344.25","102,999,000","90,511,022.479","84,236,858.054","57,896,112.195","102,520,000","64,534,000","81,789,770.054","18,500,104.027","22,395,875.812","23,057,919.321","-11,814,559.519","96,693,503.06","134,932,423.289","100,824,369.776","25,454,013.249","75,970,950","65,239,690.741","49,702,000","58,237,600","30,593,000","57,776,800","48,922,600","58,677,200","86,238,400","55,103,800","26,224,200","35,827,200","31,134,600","48,702,400","26,152,200","62,883,000","63,672,122.402","35,678,192.026","7,811,364.66","26,502,000","25,833,000","24,628,000","8,576,600","4,786,000","5,663,000","7,389,200","3,911,634.319"
InterestIncome,"500,000","100,000","61,000","138,000","148,000","153,000","134,000","260,000","223,000","420,000","639,000","648,000","338,000","1,660,000","1,550,000","501,000","380,000","579,000","627,000","240,000","256,000","292,000","335,000","302,000","404,000","361,000","283,000","310,000","334,000","349,000","369,000","374,000","406,000","391,000","92,000","215,000","13,000","22,000","27,000","16,000","29,000","35,000","39,000","11,000","1,000","10,000","55,000","74,000","7,000","4,000","8,000","225,000","210,000","223,000","531,000","363,000","291,000","293,000","318,000","332,000","746,000","371,000","368,000","482,000","601,000","646,000","1,770,000","1,737,000","1,446,000","446,000","721,000","291,000","554,000",,"1,869,000","937,000","745,000","550,000",,,,,,,,
InterestExpense,"226,800,000","56,900,000","56,664,000","56,701,000","56,564,000","56,471,000","53,943,000","52,940,000","65,031,000","50,949,000","50,936,000","47,919,000","46,272,000","56,712,000","48,343,000","52,034,000","51,142,000","52,005,000","51,284,000","48,471,000","48,363,000","47,015,000","45,382,000","42,286,000","41,556,000","37,588,000","37,348,000","35,795,000","36,810,000","34,500,000","33,410,000","25,788,000","30,422,000","31,106,000","31,303,000","28,072,000","28,477,000","28,272,000","26,207,000","28,193,000","28,090,000","28,259,000","28,415,000","26,667,000","24,798,000","25,815,000","125,682,000","24,432,000","22,047,000","21,254,000","21,513,000","19,963,000","14,867,000","14,613,000","14,965,000","13,708,000","11,641,000","11,634,000","12,368,000","12,607,000","13,867,000","14,615,000","11,303,000","14,324,000","14,037,000","14,088,000","28,568,000","25,248,000","17,219,000","8,515,000","12,645,000","8,029,000","17,530,000",,"30,130,000","14,597,000","8,130,000","1,313,000",,,,,,,,
NetInterestIncome,"-226,300,000","-56,800,000","-56,603,000","-56,563,000","-56,416,000","-56,318,000","-53,809,000","-52,680,000","-64,808,000","-50,529,000","-50,297,000","-47,271,000","-45,934,000","-55,052,000","-46,793,000","-51,533,000","-50,762,000","-51,426,000","-50,657,000","-48,231,000","-48,107,000","-46,723,000","-45,047,000","-41,984,000","-41,152,000","-37,227,000","-35,198,000","-36,125,000","-37,116,000","-34,738,000","-33,607,000","-25,980,000","-30,618,000","-31,314,000","-32,015,000","-28,397,000","-29,004,000","-28,790,000","-28,267,000","-28,177,000","-28,061,000","-28,224,000","-28,376,000","-26,656,000","-24,797,000","-25,805,000","-125,627,000","-24,358,000","-22,040,000","-21,250,000","-21,505,000","-19,738,000","-14,657,000","-14,390,000","-14,434,000","-13,345,000","-11,350,000","-11,341,000","-12,050,000","-12,275,000","-13,121,000","-14,244,000","-10,935,000","-13,842,000","-13,436,000","-13,442,000","-26,798,000","-23,511,000","-15,773,000","-8,069,000","-11,924,000","-7,738,000","-16,976,000",,"-28,261,000","-13,660,000","-7,385,000","-763,000",,,,,,,,
EBIT,"1,110,700,000","219,700,000","290,324,000","278,812,000","321,897,000","278,578,000","238,628,000","265,402,000","199,463,000","339,269,000","336,368,000","321,057,000","301,156,000","265,544,000","358,827,000","648,177,000","266,667,000","263,849,000","290,331,000","247,897,000","259,671,000","270,595,000","259,597,000","237,575,000","230,100,000","245,529,000","244,987,000","287,634,000","213,996,000","219,294,000","286,317,000","225,645,000","178,022,000","274,881,000","222,758,000","154,299,000","183,930,000","141,987,000","180,620,000","79,300,000","166,792,000","122,329,000","139,146,000","137,354,000","128,282,000","116,345,000","214,110,000","81,217,000","124,728,000","86,311,000","103,854,000","74,641,000","68,463,000","60,201,000","101,064,000","87,568,000","106,517,000","105,399,000","84,979,000","71,676,000","76,119,000","65,041,000","67,755,000","44,917,000","71,407,000","62,401,000","86,134,000","100,123,000","61,491,000","34,330,000","47,973,000","38,632,000","65,447,000","34,566,000","92,466,000","94,506,000","62,206,000","30,255,000","37,329,000","32,108,000","36,691,000","9,529,000","5,283,000","7,305,000","8,672,000","6,777,000"
EBITDA,"1,341,700,000"
ReconciledCostOfRevenue,"1,083,500,000","301,100,000","350,982,000","207,256,000","224,056,000","242,995,000","182,631,000","167,941,000","109,049,000","312,770,000","253,658,000","165,384,000","215,406,000","230,965,000","333,883,000","176,738,000","207,298,000","251,471,000","245,474,000","171,728,000","194,871,000","220,174,000","209,813,000","165,323,000","139,005,000","157,339,000","173,697,000","127,565,000","134,947,000","177,876,000","235,130,000","129,645,000","156,000,000","235,551,000","218,446,000","155,569,000","149,514,000","196,730,000","52,141,000","189,091,000","226,824,000","317,064,000","289,276,000","248,598,000","199,774,000","273,206,000","225,900,000","274,577,000","253,926,000","194,993,000","201,226,000","114,658,000","101,501,000","113,357,000","165,469,000","171,409,000","132,257,000","233,160,000","255,572,000","218,368,000","216,615,000","194,955,000","223,454,000","232,270,000","209,435,000","184,708,000","179,719,000","261,611,000","156,205,000","72,051,000","185,464,000","95,327,000","125,082,000","76,289,000","221,755,000","178,053,000","107,729,000","50,605,000","-97,348,000","60,548,000","43,156,000","8,557,000","11,408,000","9,317,000","8,469,000","8,120,000"
ReconciledDepreciation,"231,000,000","57,700,000","59,596,000","61,401,000","48,775,000","58,128,000","64,780,000","71,822,000","58,540,000","63,534,000","65,106,000","56,627,000","62,530,000","61,871,000","103,351,000","56,228,000","53,619,000","51,879,000","50,527,000","49,909,000","48,896,000","47,298,000","44,005,000","47,081,000","43,302,000","43,754,000","42,632,000","42,043,000","40,440,000","41,697,000","39,279,000","38,054,000","46,897,000","37,511,000","36,442,000","35,270,000","34,186,000","36,332,000","33,324,000","31,692,000","31,486,000","31,510,000","31,569,000","30,644,000","31,049,000","29,748,000","30,609,000","27,403,000","25,715,000","26,342,000","26,288,000","31,720,000","19,893,000","19,315,000","18,817,000","17,726,000","17,434,000","17,176,000","16,743,000","15,914,000","15,695,000","15,440,000","15,113,000","15,182,000","15,356,000","15,201,000","14,908,000","14,498,000","13,931,000","12,970,000","12,937,000","10,646,000","8,740,000","9,522,000","9,736,000","8,083,000","9,298,000","8,964,000","11,480,000","10,944,000","19,714,000","2,908,000","3,242,000","2,743,000","2,657,000","3,106,000"
NetIncomeFromContinuingOperationNetMinorityInterest,"881,600,000","162,000,000","233,404,000","221,290,000","264,899,000","221,318,000","183,920,000","211,638,000","133,843,000","287,564,000","286,445,000","273,038,000","253,703,000","207,663,000","314,072,000","594,534,000","214,409,000","210,910,000","237,895,000","198,500,000","210,400,000","222,736,000","213,291,000","194,551,000","187,859,000","207,070,000","207,123,000","250,972,000","177,391,000","183,636,000","252,085,000","198,620,000","146,260,000","242,554,000","190,007,000","125,623,000","153,640,000","112,967,000","153,803,000","50,522,000","137,821,000","93,524,000","110,262,000","110,240,000","102,999,000","90,128,000","88,132,000","56,791,000","102,520,000","64,534,000","81,952,000","18,161,000","22,734,000","22,921,000","-11,907,000","96,484,000","135,012,000","127,024,000","25,284,000","75,839,000","61,452,000","49,702,000","56,452,000","30,593,000","57,370,000","48,313,000","57,566,000","74,875,000","44,272,000","25,815,000","35,328,000","30,603,000","47,917,000","25,815,000","62,336,000","58,142,000","32,309,000","8,507,000","27,566,000","25,833,000","24,628,000","8,507,000","4,786,000","5,663,000","7,394,000","3,904,000"
TotalUnusualItemsExcludingGoodwill,"75,200,000","200,000","2,067,000","3,231,000","69,702,000","0","0","0","0","12,887,000","0","2,532,000","4,646,000","21,788,000","0","353,797,000",,,"0","18,505,000",,,,,,,,,,,,,,,,,,,,,"-518,000","-519,000","-651,000","-410,000",,"-385,000","3,916,000","-1,108,000","0","0","163,000","-342,000","341,000","-138,000","-93,000","-211,000","80,000","26,324,000","-171,000","-203,000","-3,837,000","0","-2,976,000","0","-678,000","-1,016,000","-1,852,000","-18,939,000","-18,053,000","-682,000","-832,000","-886,000","-1,309,000","-562,000","-547,000","-6,173,000","-3,982,000","953,000","1,064,000",,,"-116,000",,,"8,000","-8,000"
TotalUnusualItems,"75,200,000","200,000","2,067,000","3,231,000","69,702,000","0","0","0","0","12,887,000","0","2,532,000","4,646,000","21,788,000","0","353,797,000",,,"0","18,505,000",,,,,,,,,,,,,,,,,,,,,"-518,000","-519,000","-651,000","-410,000",,"-385,000","3,916,000","-1,108,000","0","0","163,000","-342,000","341,000","-138,000","-93,000","-211,000","80,000","26,324,000","-171,000","-203,000","-3,837,000","0","-2,976,000","0","-678,000","-1,016,000","-1,852,000","-18,939,000","-18,053,000","-682,000","-832,000","-886,000","-1,309,000","-562,000","-547,000","-6,173,000","-3,982,000","953,000","1,064,000",,,"-116,000",,,"8,000","-8,000"
NormalizedEBITDA,"1,266,500,000","277,200,000","347,853,000","336,982,000","300,970,000","336,706,000","303,408,000","337,224,000","258,003,000","389,916,000","401,474,000","375,152,000","359,040,000","305,627,000","462,178,000","350,608,000","320,286,000","315,728,000","340,858,000","279,301,000","308,567,000","317,893,000","303,602,000","284,656,000","273,402,000","289,283,000","287,619,000","329,677,000","254,436,000","260,991,000","325,596,000","263,699,000","224,919,000","312,392,000","259,200,000","189,569,000","218,116,000","178,319,000","213,944,000","110,992,000","198,796,000","154,358,000","171,366,000","168,408,000","159,331,000","146,478,000","240,803,000","109,728,000","150,443,000","112,653,000","129,979,000","106,703,000","88,015,000","79,654,000","119,974,000","105,505,000","123,871,000","96,251,000","101,893,000","87,793,000","95,651,000","80,481,000","85,844,000","60,099,000","87,441,000","78,618,000","114,503,000","147,970,000","98,888,000","47,982,000","61,742,000","50,164,000","85,018,000","44,650,000","120,341,000","127,024,000","83,780,000","38,266,000","47,745,000","43,052,000","56,405,000","12,553,000","8,525,000","10,048,000","11,321,000","9,891,000"
TaxRateForCalcs,"0.003","0.005","0.001","0.004","0.002","0.004","0.004","0.004","0.004","0.003","0.27","0","0.005","0.006","0.27","0.003","0.005","0.004","0.005","0.005","0.004","0.004","0.004","0.004","0.004","0.004","0.002","0.003","0.4","0.006","0.003","0.006","0.009","0.005","0.008","0.005","0.012","0.007","0.004","0.011","0.006","0.006","0.004","0.004","0.005","0.005","0.005","0.003","0.002","0.008","0.005","0.008","0.008","0.008","0.006","0.007","0.005","0.005","0.006","0.35","0.013","0.014","0.4","0.4","0.4","0.4","0.4","0.4","0.4","0.4","0.4","0.4","0.4","0.4","0","0.104","0.154","0.27","0","0.4","0.02","0.4","0","0.4","0.4","0.046"
TaxEffectOfUnusualItems,"195,678.244","982.801","2,264.624","11,942.907","114,010.199","0","0","0","0","33,790.83","0","927.004","21,527.15","121,964.89","0","954,904.063","0","0","0","85,924.754","0","0","0","0","0","0","0","0","0","0","0","0","0","0","0","0","0","0","0","0","-3,290.205","-3,012.374","-2,757.304","-1,655.75","0","-1,977.521","20,858.054","-2,887.805","0","0","770.054","-2,895.973","2,875.812","-1,080.679","-559.519","-1,496.94","423.289","124,369.776","-986.751","-71,050","-49,309.259","0","-1,190,400","0","-271,200","-406,400","-740,800","-7,575,600","-7,221,200","-272,800","-332,800","-354,400","-523,600","-224,800","0","-642,877.598","-612,807.974","257,364.66","0","0","0","-46,400","0","0","3,200","-365.681"