name,ttm,03/31/2022,12/31/2021,09/30/2021,06/30/2021,03/31/2021,12/31/2020,09/30/2020,06/30/2020,03/31/2020,12/31/2019,09/30/2019,06/30/2019,03/31/2019,12/31/2018,09/30/2018,06/30/2018,03/31/2018,12/31/2017,09/30/2017,06/30/2017,03/31/2017,12/31/2016,09/30/2016,06/30/2016,03/31/2016,12/31/2015,09/30/2015,06/30/2015,03/31/2015,12/31/2014,09/30/2014,06/30/2014,03/31/2014,12/31/2013,09/30/2013,06/30/2013,03/31/2013,12/31/2012,09/30/2012,06/30/2012,03/31/2012,12/31/2011,09/30/2011,06/30/2011,03/31/2011,12/31/2010,09/30/2010,06/30/2010,03/31/2010,12/31/2009,09/30/2009,06/30/2009,03/31/2009,12/31/2008,09/30/2008,06/30/2008,03/31/2008,12/31/2007,09/30/2007,06/30/2007,03/31/2007,12/31/2006,09/30/2006,06/30/2006,03/31/2006,12/31/2005,09/30/2005,06/30/2005,03/31/2005,12/31/2004,09/30/2004,06/30/2004,03/31/2004,12/31/2003,09/30/2003,06/30/2003,03/31/2003,12/31/2002,09/30/2002,06/30/2002,03/31/2002,12/31/2001,09/30/2001,06/30/2001,03/31/2001,12/31/2000,09/30/2000,06/30/2000,03/31/2000,12/31/1999,09/30/1999,06/30/1999,03/31/1999,12/31/1998,09/30/1998,06/30/1998,03/31/1998,12/31/1997,09/30/1997,06/30/1997,03/31/1997,12/31/1996,09/30/1996,06/30/1996,03/31/1996,12/31/1995,09/30/1995,06/30/1995,03/31/1995,12/31/1994,09/30/1994,06/30/1994,03/31/1994,12/31/1993,09/30/1993,06/30/1993,03/31/1993,12/31/1992,09/30/1992,06/30/1992,03/31/1992,12/31/1991,09/30/1991,06/30/1991,03/31/1991,12/31/1990,09/30/1990,06/30/1990,03/31/1990,12/31/1989,09/30/1989,06/30/1989,03/31/1989
TotalRevenue,"1,101,253,000","275,415,000","278,492,000","267,021,000","280,325,000","248,913,000","258,004,000","243,975,000","218,371,000","243,525,000","257,922,000","243,049,000","255,532,000","238,349,000","233,249,000","221,659,000","224,810,000","203,035,000","190,897,000","179,337,000","186,549,000","171,069,000","157,715,000","156,975,000","151,071,000","138,077,000","138,404,000","136,086,000","138,082,000","129,577,000","132,780,000","128,808,000","128,865,000","119,236,000","120,016,000","115,210,000","109,875,000","103,948,000","102,231,000","95,907,000","100,532,000","95,618,000","91,092,000","90,477,000","91,249,000","86,631,000","81,203,000","73,172,000","74,948,000","67,432,000","67,495,000","66,759,000","64,837,000","58,371,000","57,996,000","58,153,000","57,441,000","53,553,000","54,343,000","50,584,000","51,811,000","51,030,000","50,816,000","46,697,000","48,121,000","45,040,000","42,682,000","41,224,000","42,405,000","40,274,000","39,339,000","35,476,000","38,920,944","37,662,689","35,127,741","34,506,889","34,577,305","31,741,573","29,424,534","29,341,129","28,789,370","28,672,168","25,289,290","25,694,128","26,264,015","26,788,373","22,484,015","23,330,203","23,552,859","22,080,435","21,400,000","19,900,000","19,000,000","17,700,000","17,300,000","16,700,000","18,000,000","16,500,000","16,000,000","15,500,000","15,300,000","13,800,000","13,000,000","12,700,000","12,700,000","12,100,000","10,900,000","11,300,000","10,700,000","9,700,000","8,900,000","8,100,000","8,300,000","8,000,000","7,100,000","6,400,000","6,000,000","5,900,000","5,300,000","4,600,000","4,500,000","4,000,000","3,500,000","2,700,000","2,300,000","2,000,000","1,700,000","1,200,000","900,000","600,000","300,000","400,000","400,000","400,000"
	OperatingRevenue,"1,101,253,000","275,415,000","278,492,000","267,021,000","280,325,000","248,913,000","258,004,000","243,975,000","218,371,000","243,525,000","257,922,000","243,049,000","255,532,000","238,349,000","233,249,000","221,659,000","224,810,000","203,035,000","190,897,000","179,337,000","186,549,000","171,069,000","157,715,000","156,975,000","151,071,000","138,077,000","138,404,000","136,086,000","138,082,000","129,577,000","132,780,000","128,808,000","128,865,000","119,236,000","120,016,000","115,210,000","109,875,000","103,948,000","102,231,000","95,907,000","100,532,000","95,618,000","91,092,000","90,477,000","91,249,000","86,631,000","81,203,000","73,172,000","74,948,000","67,432,000","67,495,000","66,759,000","64,837,000","58,371,000","57,996,000","58,153,000","57,441,000","53,553,000","54,343,000","50,584,000","51,811,000","51,030,000","50,816,000","46,697,000","48,121,000","45,040,000","42,682,000","41,224,000","42,405,000","40,274,000","39,339,000","35,476,000","38,920,944","37,662,689","35,127,741","34,506,889","34,577,305","31,741,573","29,424,534","29,341,129","28,789,370","28,672,168","25,289,290","25,694,128","26,264,015","26,788,373","22,484,015","23,330,203","23,552,859","22,080,435","21,400,000","19,900,000","19,000,000","17,700,000","17,300,000","16,700,000","18,000,000","16,500,000","16,000,000","15,500,000","15,300,000","13,800,000","13,000,000","12,700,000","12,700,000","12,100,000","10,900,000","11,300,000","10,700,000","9,700,000","8,900,000","8,100,000","8,300,000","8,000,000","7,100,000","6,400,000","6,000,000","5,900,000","5,300,000","4,600,000","4,500,000","4,000,000","3,500,000","2,700,000","2,300,000","2,000,000","1,700,000","1,200,000","900,000","600,000","300,000","400,000","400,000","400,000"
CostOfRevenue,"606,907,000","154,508,000","149,686,000","146,527,000","156,186,000","137,019,000","146,841,000","141,961,000","134,155,000","139,741,000","146,292,000","138,913,000","143,568,000","133,713,000","128,583,000","119,620,000","124,801,000","114,979,000","105,241,000","98,823,000","102,408,000","95,127,000","87,459,000","89,160,000","84,217,000","77,977,000","78,097,000","76,881,000","77,196,000","74,194,000","72,646,000","71,387,000","73,241,000","67,193,000","66,657,000","64,180,000","62,890,000","60,955,000","56,768,000","50,572,000","53,508,000","51,448,000","48,947,000","49,423,000","48,765,000","46,846,000","44,845,000","41,925,000","42,490,000","38,997,000","40,179,000","38,224,000","36,694,000","33,563,000","34,503,000","34,469,000","32,939,000","31,961,000","32,730,000","30,801,000","32,275,000","32,172,000","31,853,000","28,629,000","29,125,000","27,990,000","26,114,000","24,422,000","24,145,000","22,813,000","22,083,000","19,683,000","20,911,592","21,229,751","18,833,500","18,529,448","19,396,384","18,470,384","16,650,585","16,784,463","16,756,292","17,520,388","15,562,670","15,968,517","16,837,858","16,456,869","13,936,431","14,290,509","14,878,840","13,397,997","12,000,000","11,300,000","10,800,000","10,200,000","10,000,000","9,600,000","10,500,000","9,600,000","9,200,000","9,200,000","8,700,000","8,000,000","6,900,000","6,800,000","6,800,000","6,400,000","6,200,000","5,900,000","5,800,000","5,400,000","5,000,000","4,300,000","4,100,000","4,100,000","3,500,000","3,300,000","2,900,000","2,600,000","2,400,000","2,000,000","1,700,000","1,600,000","1,200,000","1,100,000",,,,,,,,,,
GrossProfit,"494,346,000","120,907,000","128,806,000","120,494,000","124,139,000","111,894,000","111,163,000","102,014,000","84,216,000","103,784,000","111,630,000","104,136,000","111,964,000","104,636,000","104,666,000","102,039,000","100,009,000","88,056,000","85,656,000","80,514,000","84,141,000","75,942,000","70,256,000","67,815,000","66,854,000","60,100,000","60,307,000","59,205,000","60,886,000","55,383,000","60,134,000","57,421,000","55,624,000","52,043,000","53,359,000","51,030,000","46,985,000","42,993,000","45,463,000","45,335,000","47,024,000","44,170,000","42,145,000","41,054,000","42,484,000","39,785,000","36,358,000","31,247,000","32,458,000","28,435,000","27,316,000","28,535,000","28,143,000","24,808,000","23,493,000","23,684,000","24,502,000","21,592,000","21,613,000","19,783,000","19,536,000","18,858,000","18,963,000","18,068,000","18,996,000","17,050,000","16,568,000","16,802,000","18,260,000","17,461,000","17,256,000","15,793,000","18,009,352","16,432,938","16,294,241","15,977,441","15,180,921","13,271,189","12,773,949","12,556,666","12,033,078","11,151,780","9,726,620","9,725,611","9,426,157","10,331,504","8,547,584","9,039,694","8,674,019","8,682,438","9,400,000","8,600,000","8,200,000","7,500,000","7,300,000","7,100,000","7,500,000","6,900,000","6,800,000","6,300,000","6,600,000","5,800,000","6,100,000","5,900,000","5,900,000","5,700,000","4,700,000","5,400,000","4,900,000","4,300,000","3,900,000","3,800,000","4,200,000","3,900,000","3,600,000","3,100,000","3,100,000","3,300,000","2,900,000","2,600,000","2,800,000","2,400,000","2,300,000","1,600,000",,,,,,,,,,
OperatingExpense,"411,041,000","101,402,000","97,035,000","103,448,000","109,156,000","97,298,000","95,067,000","85,721,000","80,793,000","93,680,000","98,345,000","103,923,000","96,309,000","94,313,000","90,998,000","80,907,000","84,411,000","79,235,000","71,965,000","67,554,000","70,722,000","70,296,000","57,631,000","64,622,000","55,182,000","52,292,000","52,362,000","49,716,000","48,523,000","46,557,000","45,735,000","45,016,000","48,240,000","45,554,000","42,462,000","38,658,000","40,205,000","41,236,000","41,133,000","35,978,000","36,802,000","35,988,000","34,119,000","31,109,000","31,637,000","29,575,000","30,835,000","26,345,000","23,681,000","22,089,000","19,795,000","20,072,000","19,180,000","16,908,000","15,291,000","16,515,000","15,493,000","14,988,000","14,680,000","13,697,000","14,065,000","14,379,000","14,270,000","12,932,000","13,520,000","13,316,000","11,446,000","11,798,000","11,073,000","11,254,000","10,687,000","9,667,000","10,068,969","9,727,382","9,065,843","8,893,120","8,829,468","8,305,949","8,209,774","7,932,615","7,929,059","7,668,537","6,777,797","6,995,273","7,248,921","8,248,275","7,527,231","7,815,090","8,026,321","8,392,863","7,500,000","7,000,000","6,700,000","6,400,000","6,000,000","5,600,000","6,200,000","5,800,000","6,000,000","5,700,000","5,800,000","5,200,000","5,200,000","4,500,000","4,800,000","4,600,000","3,800,000","4,400,000","4,400,000","4,000,000","4,100,000","3,400,000","3,400,000","2,900,000","2,800,000","2,600,000","2,600,000","2,500,000","2,400,000","2,200,000","2,200,000","2,300,000","1,800,000","1,200,000",,,,,,,,,,
	SellingGeneralAndAdministration,"338,681,000","84,015,000","76,629,000","86,474,000","91,563,000","81,024,000","79,934,000","72,215,000","66,767,000","78,808,000","82,091,000","86,936,000","79,977,000","78,270,000","75,629,000","66,382,000","69,095,000","64,913,000","59,238,000","54,716,000","57,409,000","57,771,000","45,842,000","53,198,000","43,653,000","41,704,000","40,941,000","39,201,000","39,321,000","36,885,000","36,212,000","36,328,000","38,599,000","36,774,000","33,640,000","31,350,000","31,557,000","32,128,000","33,468,000","28,880,000","30,211,000","29,547,000","28,028,000","25,708,000","26,175,000","24,591,000","26,164,000","22,480,000","19,939,000","19,032,000","16,891,000","16,780,000","16,287,000","14,829,000","12,887,000","14,329,000","12,839,000","13,072,000","12,553,000","11,707,000","11,858,000","12,015,000","11,909,000","10,813,000","11,301,000","11,238,000","9,536,000","10,010,000","9,326,000","9,707,000","9,282,000","8,457,000","8,795,625","8,535,802","7,861,237","7,766,160","7,650,977","7,189,547","7,077,568","6,965,367","6,984,180","6,705,248","5,825,026","6,051,068","6,158,130","6,006,073","5,534,329","5,738,691","5,966,093","6,338,539","5,500,000","5,100,000","5,000,000","4,800,000","4,600,000","4,200,000","4,600,000","4,200,000","4,000,000","3,900,000","3,900,000","3,800,000","3,800,000","3,400,000","3,600,000","3,400,000","3,100,000","3,200,000","3,400,000","3,000,000","3,000,000","2,500,000","2,500,000","2,200,000","2,400,000","2,300,000","2,200,000","2,200,000","2,100,000","1,900,000","1,900,000","2,100,000","1,500,000","1,200,000",,,,,,,,,,
	ResearchAndDevelopment,"72,360,000","17,387,000","20,406,000","16,974,000","17,593,000","16,274,000","15,133,000","13,506,000","14,026,000","14,872,000","16,254,000","16,987,000","16,332,000","16,043,000","15,369,000","14,525,000","15,316,000","14,322,000","12,727,000","12,838,000","13,313,000","12,525,000","11,789,000","11,424,000","11,529,000","10,588,000","11,421,000","10,515,000","9,202,000","9,672,000","9,523,000","8,688,000","9,641,000","8,780,000","8,822,000","7,308,000","8,648,000","9,108,000","7,665,000","7,098,000","6,591,000","6,441,000","6,091,000","5,401,000","5,462,000","4,984,000","4,671,000","3,865,000","3,742,000","3,057,000","2,904,000","3,292,000","2,893,000","2,079,000","2,404,000","2,186,000","2,654,000","1,916,000","2,127,000","1,990,000","2,207,000","2,364,000","2,361,000","2,119,000","2,023,000","2,078,000","1,910,000","1,788,000","1,747,000","1,547,000","1,405,000","1,210,000","1,273,344","1,191,580","1,204,606","1,126,960","1,178,491","1,116,402","1,132,206","967,248","944,879","963,289","952,771","944,205","1,090,791","1,130,072","860,234","995,553","1,002,448","1,005,936","900,000","1,000,000","900,000","800,000","700,000","700,000","900,000","900,000","1,100,000","1,200,000","1,200,000","900,000","800,000","500,000","600,000","600,000","600,000","600,000","500,000","500,000","600,000","600,000","500,000","400,000",,,,,,,,,,,,,,,,,,,,
	DepreciationAmortizationDepletionIncomeStatement,,,,,,,,,,,,,,,,,,,,,,,,,,,,,,,,,,,,,,,,,,,,,,,,,,,,,,,,,,,,,,,,,,,,,,,,,,,,,,,,,,,,,,"1,112,130","1,132,668","1,080,846","1,057,780","1,048,388","1,100,000","900,000","800,000","800,000","700,000","700,000","700,000","700,000","900,000","600,000","700,000","500,000","600,000","600,000","600,000","600,000","100,000","600,000","500,000","500,000","500,000","300,000","400,000","300,000","400,000","300,000","400,000","300,000","300,000","300,000","300,000","200,000","300,000",,,,,,,,,,,
		DepreciationAndAmortizationInIncomeStatement,,,,,,,,,,,,,,,,,,,,,,,,,,,,,,,,,,,,,,,,,,,,,,,,,,,,,,,,,,,,,,,,,,,,,,,,,,,,,,,,,,,,,,"1,112,130","1,132,668","1,080,846","1,057,780","1,048,388","1,100,000","900,000","800,000","800,000","700,000","700,000","700,000","700,000","900,000","600,000","700,000","500,000","600,000","600,000","600,000","600,000","100,000","600,000","500,000","500,000","500,000","300,000","400,000","300,000","400,000","300,000","400,000","300,000","300,000","300,000","300,000","200,000","300,000",,,,,,,,,,,
	OtherOperatingExpenses,,,,,,,,,,,,,,,,,,,,,,,,,,,,,,,,,,,,,,,,,,,,,,,,,,,,,,,,,,,,,,,,,"196,000",,,,,,,,,,,,,,,,,,,,,,,,,,,,,,,,,,,,,,,,,,,,,,,,,,,,,,,,,,,,,,,,,,,,,
OperatingIncome,"83,305,000","19,505,000","31,771,000","17,046,000","14,983,000","14,596,000","16,096,000","16,293,000","3,423,000","10,104,000","13,285,000","213,000","15,655,000","10,323,000","13,668,000","21,132,000","15,598,000","8,821,000","13,691,000","12,960,000","13,419,000","5,646,000","12,625,000","3,193,000","11,672,000","7,808,000","7,945,000","9,489,000","12,363,000","8,826,000","14,399,000","12,405,000","7,384,000","6,489,000","10,897,000","12,372,000","6,780,000","1,757,000","4,330,000","9,357,000","10,222,000","8,182,000","8,026,000","9,945,000","10,847,000","10,210,000","5,523,000","4,902,000","8,777,000","6,346,000","7,521,000","8,463,000","8,963,000","7,900,000","8,202,000","7,169,000","9,009,000","6,604,000","6,933,000","6,086,000","5,471,000","4,479,000","4,693,000","5,136,000","5,476,000","3,734,000","5,122,000","5,004,000","7,187,000","6,207,000","6,569,000","6,126,000","7,940,383","6,705,556","7,228,398","7,084,321","6,351,453","4,965,240","4,564,175","4,624,051","4,104,019","3,483,243","2,948,823","2,730,338","2,177,236","2,083,229","1,020,353","1,224,604","647,698","289,575","1,900,000","1,600,000","1,500,000","1,100,000","1,300,000","1,500,000","1,300,000","1,100,000","800,000","600,000","800,000","600,000","900,000","1,400,000","1,100,000","1,100,000","900,000","1,000,000","500,000","300,000","-200,000","400,000","800,000","1,000,000","800,000","500,000","500,000","800,000","500,000","400,000","600,000","100,000","500,000","400,000","2,300,000","2,000,000","-2,600,000","1,200,000","900,000","600,000","-1,500,000","400,000","400,000","400,000"
NetNonOperatingInterestIncomeExpense,"-4,325,000","-898,000","-1,004,000","-1,129,000","-1,294,000","-1,065,000","-1,568,000","-2,130,000","-2,627,000","-3,065,000","-4,436,000","-3,087,000","-2,773,000","-2,407,000","-1,944,000","-1,970,000","-2,996,000","-2,252,000","-1,686,000","-1,496,000","-1,550,000","-2,623,000","-2,652,000","-2,993,000","-1,752,000","-1,320,000","-1,391,000","-1,411,000","-1,634,000","-1,521,000","-1,832,000","-1,967,000","-2,274,000","-2,539,000","-2,692,000","-1,847,000","-1,768,000","-1,482,000","-202,000","-71,000","-41,000","-64,000","43,000","17,000","-297,000","-423,000","-444,000","-88,000","12,000","8,000","-14,000","14,000","28,000","122,000",,,,,,,,,,,,,,,,,,,,,,,,,,,,,,,,,,,,,,,,,,,,,,,,,,,,,,,,,,,,,,,,,,,,,,,,,,,,,,,,
	InterestIncomeNonOperating,"401,000","104,000","101,000","104,000","92,000","472,000","370,000","67,000","88,000","79,000","-1,318,000","328,000","342,000","357,000","352,000","359,000","342,000","146,000","115,000","94,000","89,000","83,000","26,000","29,000","16,000","9,000","62,000","78,000","79,000","53,000","30,000","41,000","79,000","67,000","55,000","69,000","74,000","57,000","50,000","57,000","71,000","48,000","77,000","36,000","14,000","2,000","7,000","7,000","12,000","8,000","14,000","14,000","28,000","122,000",,,,,,,,,,,,,,,,,,,,,,,,,,,,,,,,,,,,,,,,,,,,,,,,,,,,,,,,,,,,,,,,,,,,,,,,,,,,,,,,
	InterestExpenseNonOperating,"4,726,000","1,002,000","1,105,000","1,233,000","1,386,000","1,537,000","1,938,000","2,197,000","2,715,000","3,144,000","3,409,000","3,415,000","3,115,000","2,764,000","2,296,000","2,329,000","3,338,000","2,398,000","1,801,000","1,590,000","1,639,000","2,706,000","2,678,000","3,022,000","1,768,000","1,329,000","1,453,000","1,489,000","1,713,000","1,574,000","1,862,000","2,008,000","2,353,000","2,606,000","2,747,000","1,916,000","1,842,000","1,539,000","252,000","128,000","112,000","112,000","34,000","19,000","311,000","425,000","451,000","95,000",,,,,,,,,,,,,,,,,,,,,,,,,,,,,,,,,,,,,,,,,,,,,,,,,,,,,,,,,,,,,,,,,,,,,,,,,,,,,,,,,,,,,,
OtherIncomeExpense,"-23,586,000","-4,436,000","-10,586,000","-1,740,000","-6,824,000","-837,000","-1,283,000","-16,347,000","-23,096,000","-9,031,000","-16,811,000","-2,816,000","-3,883,000","-1,070,000","486,000","223,000","-1,037,000","-210,000","-725,000","-13,669,000","-556,000","12,470,000","-351,000","-205,000","-58,000","-582,000","0","-1,418,000","-206,000","158,000","-216,000","-185,000","-28,000","-64,000","-23,000","-4,085,000","-7,000","-63,000","-2,278,000","-249,000","-1,367,000","-201,000","-2,293,000","-3,279,000","68,000","11,000","52,000","-8,326,000","50,000","-24,000","94,000","-43,000","-6,000","52,000","72,000","46,000","-16,000","-5,000","37,000","4,000","-1,000","-1,000","-19,000","20,000","-263,000","-28,000","-40,000","-13,000","-20,000","-21,000","65,000","-40,000","6,641","206,600","-233,264","124,873","258,124","868,601","59,651","10,764","-26,098","-60,362","885,637","-130,814","467,492","-436,067","1,634,126","-661,181","-583,517","-517,404",,"-300,000","-200,000","-200,000","500,000","-200,000","-200,000","-200,000",,"-200,000","-200,000","-200,000",,"-100,000","-200,000","-200,000",,"-200,000","-100,000",,,,,,,,,,,,,,"0",,,,,,,,,,,
	SpecialIncomeCharges,"-21,350,000","-4,272,000","-9,875,000","-1,115,000","-6,088,000","-402,000","-89,000","-16,229,000","-22,418,000","-8,742,000","-16,695,000","-3,094,000","-3,454,000","-800,000","-6,000","-71,000","-484,000","-40,000","-229,000","-12,859,000","-726,000","12,206,000","-23,000","-206,000","-91,000","-102,000","105,000","-942,000","-121,000","-122,000","-182,000","-329,000",,,"19,000","-3,981,000","0","0","-633,000","-249,000","-1,367,000","-201,000","-2,293,000","-3,279,000","68,000","11,000","52,000","-8,326,000","50,000","-24,000","94,000","-43,000","-6,000","52,000","72,000","46,000","-16,000","-5,000","37,000","4,000","-1,000","-1,000","-19,000","20,000","-263,000","-28,000","-40,000","-13,000","-20,000","-21,000","65,000","-40,000","6,641","206,600","-233,264","124,873","258,124","868,601","59,651","10,764","-26,098","-60,362","885,637","-130,814","467,492","-436,067","1,634,126","-661,181","-583,517","-517,404",,"-300,000","-200,000","-200,000","500,000","-200,000","-200,000","-200,000",,"-200,000","-200,000","-200,000",,"-100,000","-200,000","-200,000",,"-200,000","-100,000",,,,,,,,,,,,,,"0",,,,,,,,,,,
		RestructuringAndMergernAcquisition,"5,359,000","2,600,000","-161,000","1,115,000","1,805,000","402,000","-8,844,000","-4,356,000","343,000","4,897,000","-3,805,000","392,000","2,406,000","775,000","-256,000","-661,000","178,000","40,000","-580,000","798,000","651,000","-12,206,000","-38,000","-94,000","91,000","102,000","-105,000","-58,000","121,000","122,000","182,000","-773,000",,,"-19,000","-4,108,000",,,,,,,,,,,,,,,,,,,,,,,,,,,,,,,,,,,,,,,,,,,,,,,,,,,,,,,,,,,,,,,,,,,,,,,,,,,,,,,,,,,,,,,,,,,,,,,,,,
		ImpairmentOfCapitalAssets,"5,955,000","1,672,000","0","0","4,283,000","0","8,199,000","20,585,000","3,875,000","3,845,000","20,500,000","2,702,000","548,000",,"0","657,000",,"0","566,000","778,000","669,000","-12,243,000",,,,,"0","0",,,"0","1,102,000",,,"0","8,089,000",,,,,,,"0","0",,,"0","8,344,000",,,,,,,,,,,,,,,,,,,,,,,,,,,,,,,,,,,,,,,,,,,,,,,,,,,,,,,,,,,,,,,,,,,,,,,,,,,,,,,,,,,,,,
		OtherSpecialCharges,,,"10,036,000",,,,"734,000",,"18,200,000",,"0",,"500,000","25,000","262,000","75,000","306,000",,"0","12,061,000","75,000",,"61,000","300,000",,,"0","1,000,000",,,,,,,,,,,,,,,"2,293,000","3,279,000",,,"-52,000","-18,000",,,,,,,,,,,,,,,,,,,,,,,,,,,,,,,,,,,,,,,,,,,,,,,,,,,,,,,,,,,,,,,,,,,,,,,,,,,,,,,,,,,,,,
	OtherNonOperatingIncomeExpenses,"-2,236,000","-164,000","-711,000","-625,000","-736,000","-435,000","-1,194,000","-118,000","-678,000","-289,000","-116,000","278,000","-429,000","-270,000","492,000","294,000","-553,000","-170,000","-496,000","-810,000","170,000","264,000","-328,000","1,000","33,000","-480,000","-105,000","-476,000","-85,000","280,000","-34,000","144,000","-28,000","-64,000","-42,000","-104,000","-7,000","-63,000","-2,278,000",,,,,,,,,,,,,,,,,,,,,,,,,,,,,,,,,,,,,,,,,,,,,,,,,,,,,,,,,,,,,,,,,,,,,,,,,,,,,,,,,,,,,,,,,,,,,,,
PretaxIncome,"55,394,000","14,171,000","20,181,000","14,177,000","6,865,000","12,694,000","13,245,000","-2,184,000","-22,300,000","-1,992,000","-7,962,000","-5,690,000","8,999,000","6,846,000","12,210,000","19,385,000","11,565,000","6,359,000","11,280,000","-2,205,000","11,313,000","15,493,000","9,622,000","-5,000","9,862,000","5,906,000","6,554,000","6,660,000","10,523,000","7,463,000","12,351,000","10,253,000","5,082,000","3,886,000","8,182,000","6,440,000","5,005,000","212,000","1,850,000","9,037,000","8,814,000","7,917,000","5,776,000","6,683,000","10,618,000","9,798,000","5,131,000","-3,512,000","8,839,000","6,330,000","7,601,000","8,434,000","8,985,000","8,074,000","8,543,000","7,398,000","9,155,000","6,749,000","7,112,000","6,186,000","5,533,000","4,567,000","4,733,000","5,225,000","5,473,000","3,752,000","5,131,000","5,090,000","7,310,000","6,368,000","6,785,000","6,229,000","8,080,354","6,912,156","7,370,769","7,209,194","6,609,577","5,833,841","4,626,662","4,634,815","4,077,921","3,422,881","2,896,981","2,599,524","2,644,728","1,647,162","374,070","563,423","64,181","-227,829","1,300,000","1,400,000","1,200,000","900,000","900,000","1,200,000","1,100,000","900,000","400,000","300,000","600,000","400,000","600,000","1,200,000","800,000","800,000","600,000","800,000","300,000","300,000","-200,000","500,000","900,000","900,000","800,000","500,000","600,000","800,000","600,000","400,000","600,000",,"600,000","400,000",,,,,,,,,,
TaxProvision,"7,353,000","3,626,000","-432,000","2,210,000","1,949,000","1,736,000","-2,133,000","825,000","-3,242,000","1,162,000","-3,757,000","-2,292,000","2,140,000","651,000","3,021,000","2,766,000","624,000","1,090,000","4,474,000","1,364,000","1,830,000","690,000","2,116,000","-978,000","2,572,000","1,555,000","145,000","1,842,000","3,122,000","2,289,000","3,680,000","2,489,000","1,366,000","1,063,000","1,642,000","833,000","1,253,000","-459,000","1,209,000","1,811,000","2,719,000","2,169,000","806,000","2,120,000","3,746,000","3,159,000","921,000","-1,539,000","3,124,000","1,822,000","2,534,000","2,349,000","3,144,000","2,537,000","3,151,000","2,198,000","3,337,000","2,432,000","2,384,000","1,891,000","1,937,000","1,598,000","1,680,000","1,900,000","1,951,000","1,351,000","1,436,000","1,763,000","2,629,000","2,294,000","2,488,000","2,040,000","3,008,696","2,536,380","2,685,001","2,557,307","2,404,031","2,081,644","1,470,756","1,509,412","1,376,107","1,095,974","951,217","854,528","785,935","460,737","-172,645","169,026","19,254","-68,347","300,000","500,000","400,000","300,000","100,000","500,000","500,000","500,000","200,000","200,000","300,000","200,000","100,000","500,000","300,000","300,000","200,000","300,000","100,000","200,000","0","200,000","300,000","300,000","300,000","100,000","200,000","300,000","100,000","100,000","200,000",,"300,000","100,000",,,,,,,,,,
NetIncomeCommonStockholders,"48,041,000","10,545,000","20,613,000","11,967,000","4,916,000","10,958,000","15,378,000","-3,009,000","-19,058,000","-3,154,000","-4,205,000","-3,398,000","6,859,000","6,195,000","9,189,000","16,619,000","10,941,000","5,269,000","6,806,000","-3,569,000","9,483,000","14,803,000","7,506,000","973,000","7,290,000","4,351,000","6,409,000","4,818,000","7,401,000","5,174,000","8,671,000","7,764,000","3,716,000","2,823,000","6,540,000","5,607,000","3,752,000","671,000","641,000","7,226,000","6,095,000","5,748,000","4,970,000","4,563,000","6,872,000","6,639,000","4,210,000","-1,973,000","5,715,000","4,508,000","5,067,000","6,085,000","5,841,000","5,537,000","5,392,000","5,200,000","5,818,000","4,317,000","4,728,000","4,295,000","3,596,000","2,969,000","3,053,000","3,325,000","3,522,000","2,401,000","3,695,000","3,327,000","4,681,000","4,074,000","4,297,000","4,189,000","5,071,658","4,375,776","4,685,768","4,651,887","4,205,546","3,752,197","3,155,906","3,125,403","2,701,814","2,326,907","1,945,764","1,744,996","1,858,793","1,186,425","546,715","394,397","44,927","-159,482","1,000,000","900,000","800,000","600,000","800,000","700,000","600,000","400,000","200,000","100,000","300,000","200,000","500,000","700,000","500,000","500,000","400,000","500,000","200,000","100,000","-200,000","300,000","600,000","600,000","500,000","400,000","400,000","500,000","500,000","300,000","400,000","100,000","300,000","300,000",,,,,,,,,,
	NetIncome,"48,041,000","10,545,000","20,613,000","11,967,000","4,916,000","10,958,000","15,378,000","-3,009,000","-19,058,000","-3,154,000","-4,205,000","-3,398,000","6,859,000","6,195,000","9,189,000","16,619,000","10,941,000","5,269,000","6,806,000","-3,569,000","9,483,000","14,803,000","7,506,000","973,000","7,290,000","4,351,000","6,409,000","4,818,000","7,401,000","5,174,000","8,671,000","7,764,000","3,716,000","2,823,000","6,540,000","5,607,000","3,752,000","671,000","641,000","7,226,000","6,095,000","5,748,000","4,970,000","4,563,000","6,872,000","6,639,000","4,210,000","-1,973,000","5,715,000","4,508,000","5,067,000","6,085,000","5,841,000","5,537,000","5,392,000","5,200,000","5,818,000","4,317,000","4,728,000","4,295,000","3,596,000","2,969,000","3,053,000","3,325,000","3,522,000","2,401,000","3,695,000","3,327,000","4,681,000","4,074,000","4,297,000","4,189,000","5,071,658","4,375,776","4,685,768","4,651,887","4,205,546","3,752,197","3,155,906","3,125,403","2,701,814","2,326,907","1,945,764","1,744,996","1,858,793","1,186,425","546,715","394,397","44,927","-159,482","1,000,000","900,000","800,000","600,000","800,000","700,000","600,000","400,000","200,000","100,000","300,000","200,000","500,000","700,000","500,000","500,000","400,000","500,000","200,000","100,000","-200,000","300,000","600,000","600,000","500,000","400,000","400,000","500,000","500,000","300,000","400,000","100,000","300,000","300,000",,,,,,,,,,
		NetIncomeIncludingNoncontrollingInterests,"48,041,000","10,545,000","20,613,000","11,967,000","4,916,000","10,958,000","15,378,000","-3,009,000","-19,058,000","-3,154,000","-4,205,000","-3,398,000","6,859,000","6,195,000","9,189,000","16,619,000","10,941,000","5,269,000","6,806,000","-3,569,000","9,483,000","14,803,000","7,506,000","973,000","7,290,000","4,351,000","6,409,000","4,818,000","7,401,000","5,174,000","8,671,000","7,764,000","3,716,000","2,823,000","6,540,000","5,607,000","3,752,000","671,000","641,000","7,226,000","6,095,000","5,748,000","4,970,000","4,563,000","6,872,000","6,639,000","4,210,000","-1,973,000","5,715,000","4,508,000","5,067,000","6,085,000","5,841,000","5,537,000","5,392,000","5,200,000","5,818,000","4,317,000","4,728,000","4,295,000","3,596,000","2,969,000","3,053,000","3,325,000","3,522,000","2,401,000","3,695,000","3,327,000","4,681,000","4,074,000","4,297,000","4,189,000","5,071,658","4,375,776","4,685,768","4,651,887","4,205,546","3,752,197","3,155,906","3,125,403","2,701,814","2,326,907","1,945,764","1,744,996","1,858,793","1,186,425","546,715","394,397","44,927","-159,482","1,000,000","900,000","800,000","600,000","1,000,000","700,000","600,000","400,000","200,000","100,000","300,000","200,000","600,000","700,000","500,000","400,000","500,000","500,000","200,000","100,000","-200,000","300,000","600,000","600,000","500,000","400,000","400,000","500,000","500,000","300,000","400,000","100,000","300,000","300,000","400,000","300,000",,"100,000",,"-100,000","-100,000","-100,000","-100,000","-100,000"
			NetIncomeContinuousOperations,"48,041,000","10,545,000","20,613,000","11,967,000","4,916,000","10,958,000","15,378,000","-3,009,000","-19,058,000","-3,154,000","-4,205,000","-3,398,000","6,859,000","6,195,000","9,189,000","16,619,000","10,941,000","5,269,000","6,806,000","-3,569,000","9,483,000","14,803,000","7,506,000","973,000","7,290,000","4,351,000","6,409,000","4,818,000","7,401,000","5,174,000","8,671,000","7,764,000","3,716,000","2,823,000","6,540,000","5,607,000","3,752,000","671,000","641,000","7,226,000","6,095,000","5,748,000","4,970,000","4,563,000","6,872,000","6,639,000","4,210,000","-1,973,000","5,715,000","4,508,000","5,067,000","6,085,000","5,841,000","5,537,000","5,392,000","5,200,000","5,818,000","4,317,000","4,728,000","4,295,000","3,596,000","2,969,000","3,053,000","3,325,000","3,522,000","2,401,000","3,695,000","3,327,000","4,681,000","4,074,000","4,297,000","4,189,000","5,071,658","4,375,776","4,685,768","4,651,887","4,205,546","3,752,197","3,155,906","3,125,403","2,701,814","2,326,907","1,945,764","1,744,996","1,858,793","1,186,425","546,715","394,397","44,927","-159,482","1,000,000","900,000","800,000","600,000","800,000","700,000","600,000","400,000","200,000","100,000","300,000","200,000","500,000","700,000","500,000","500,000","400,000","500,000","200,000","100,000","-200,000","300,000","600,000","600,000","500,000","400,000","400,000","500,000","500,000","300,000","400,000","100,000","300,000","300,000","400,000","300,000",,"100,000",,"-100,000","-100,000","-100,000","-100,000","-100,000"
		MinorityInterests,,,,,,,,,,,,,,,,,,,,,,,,,,,,,,,,,,,,,,,,,,,,,,,,,,,,,,,,,,,,,,,,,,,,,,,,,,,,,,,,,,,,,,,,,,,"0",,,,,,,,,,,,"-100,000",,,"100,000",,,,,,,,,,,,,,,,,,,,,,,,,,,,
DilutedNIAvailtoComStockholders,"48,041,000","10,545,000","20,613,000","11,967,000","4,916,000","10,958,000","15,378,000","-3,009,000","-19,058,000","-3,154,000","-4,205,000","-3,398,000","6,859,000","6,195,000","9,189,000","16,619,000","10,941,000","5,269,000","6,806,000","-3,569,000","9,483,000","14,803,000","7,506,000","973,000","7,290,000","4,351,000","6,409,000","4,818,000","7,401,000","5,174,000","8,671,000","7,764,000","3,716,000","2,823,000","6,540,000","5,607,000","3,752,000","671,000","641,000","7,226,000","6,095,000","5,748,000","4,970,000","4,563,000","6,872,000","6,639,000","4,210,000","-1,973,000","5,715,000","4,508,000","5,067,000","6,085,000","5,841,000","5,537,000","5,392,000","5,200,000","5,818,000","4,317,000","4,728,000","4,295,000","3,596,000","2,969,000","3,053,000","3,325,000","3,522,000","2,401,000","3,695,000","3,327,000","4,681,000","4,074,000","4,297,000","4,189,000","5,071,658","4,375,776","4,685,768","4,651,887","4,205,546","3,752,197","3,155,906","3,125,403","2,701,814","2,326,907","1,945,764","1,744,996","1,858,793","1,186,425","546,715","394,397","44,927","-159,482","1,000,000","900,000","800,000","600,000","800,000","700,000","600,000","400,000","200,000","100,000","300,000","200,000","500,000","700,000","500,000","500,000","400,000","500,000","200,000","100,000","-200,000","300,000","600,000","600,000","500,000","400,000","400,000","500,000","500,000","300,000","400,000","100,000","300,000","300,000",,,,,,,,,,
BasicEPS,,"0.19","0.36","0.21","0.09","0.2","0.28","-0.05","-0.34","-0.06","-0.08","-0.06","0.12","0.11","0.17","0.31","0.22","0.1","0.14","-0.07","0.19","0.33","0.17","0.02","0.16","0.1","0.14","0.11","0.17","0.12","0.2","0.18","0.09","0.07","0.15","0.13","0.09","0.02","0.02","0.17","0.14","0.14",,"0.11","0.19","0.184",,"-0.056","0.16","0.128",,"0.176","0.168","0.16",,"0.152","0.168","0.128",,"0.128","0.104","0.088",,"0.096","0.104","0.072",,"0.096","0.144","0.12",,"0.128","0.152","0.136",,"0.144","0.135","0.122",,"0.104","0.09","0.077",,"0.061","0.069","0.043",,"0.014","0.003","-0.006",,"0.035","0.029","0.023",,"0.029","0.023","0.017",,"0.006","0.012","0.009",,"0.029","0.02","0.023",,"0.02","0.012","0.003",,"0.012","0.026","0.029",,"0.017","0.017","0.023",,"0.012","0.02","0.003",,"0.017","0.02","0.017",,"0.003","0","-0.006",,"-0.009","-0.009","-0.009"
DilutedEPS,,"0.18","0.36","0.21","0.09","0.19","0.27","-0.05","-0.34","-0.06","-0.08","-0.06","0.12","0.11","0.16","0.3","0.21","0.1","0.13","-0.07","0.19","0.32","0.17","0.02","0.16","0.1","0.14","0.11","0.17","0.12","0.2","0.18","0.09","0.07","0.15","0.13","0.09","0.02","0.01","0.17","0.14","0.14",,"0.11","0.18","0.184",,"-0.056","0.16","0.128",,"0.168","0.168","0.152",,"0.144","0.168","0.12",,"0.12","0.104","0.08",,"0.096","0.104","0.072",,"0.096","0.136","0.12",,"0.12","0.144","0.128",,"0.138","0.126","0.113",,"0.095","0.081","0.072",,"0.058","0.066","0.043",,"0.014","0.002","-0.006",,"0.035","0.029","0.023",,"0.029","0.023","0.017",,"0.006","0.012","0.009",,"0.029","0.02","0.023",,"0.02","0.012","0.003",,"0.012","0.026","0.029",,"0.017","0.017","0.023",,"0.012","0.02","0.003",,"0.017","0.02","0.017",,"0.003","0","-0.006",,"-0.009","-0.009","-0.009"
BasicAverageShares,,"56,593,000","56,489,000","56,302,000","56,061,000","55,717,000","55,577,000","55,505,000","55,406,000","55,246,000","55,210,000","55,152,000","55,017,000","54,917,000","54,850,000","53,431,000","50,473,000","50,277,000","50,208,000","50,150,000","49,957,000","44,830,000","44,601,000","44,447,000","44,308,000","44,275,000","44,216,000","44,165,000","44,055,000","43,703,000","43,411,000","43,229,000","43,061,000","42,865,000","42,749,000","42,596,000","42,562,000","42,520,000","42,442,000","42,202,000","42,048,000","41,999,000",,"41,909,000","36,804,000","35,592,500",,"35,292,500","35,242,500","35,226,250",,"34,962,500","34,905,000","35,071,250",,"34,875,000","34,503,750","34,368,750",,"34,158,750","34,658,750","34,566,250",,"34,203,977","34,076,160","33,994,588",,"33,761,170","33,407,105","33,133,416",,"32,975,073","32,876,255","32,572,253",,"31,895,355","31,500,756","31,289,591",,"30,451,944","30,077,720","29,809,940",,"28,630,160","27,412,726","27,065,497",,"26,968,991","26,901,349","26,467,141",,"26,041,667","27,777,778","26,041,667",,"24,305,556","26,041,667","23,148,148",,"24,801,587","26,041,667","23,148,148",,"24,305,556","24,801,587","21,701,389",,"24,801,587","17,361,111","23,288,195",,"26,041,667","23,148,148","20,833,333",,"23,148,148","23,148,148","21,701,389",,"26,041,667","19,841,270","18,246,528",,"17,361,111","15,045,140","15,079,861",,"15,034,721","15,034,721","15,451,388",,"11,909,721","11,909,721","11,909,721"
DilutedAverageShares,,"57,531,000","57,624,000","57,549,000","57,277,000","56,978,000","56,736,000","55,505,000","55,406,000","55,246,000","55,210,000","55,152,000","56,555,000","56,490,000","56,514,000","55,103,000","52,154,000","51,910,000","51,722,000","51,599,000","51,188,000","45,820,000","45,165,000","45,000,000","44,703,000","44,579,000","44,642,000","44,734,000","44,517,000","44,145,000","43,690,000","43,398,000","43,310,000","43,234,000","43,157,000","42,872,000","42,670,000","42,835,000","42,830,000","42,692,000","42,469,000","42,436,000",,"42,502,000","37,677,000","36,253,750",,"35,292,500","35,911,250","35,947,500",,"35,862,500","35,533,750","35,683,750",,"36,015,000","35,406,250","35,376,250",,"35,038,750","35,600,000","35,771,250",,"35,358,660","34,958,411","35,115,123",,"35,140,015","34,658,223","34,497,562",,"34,700,273","34,662,067","34,714,792",,"34,047,798","33,395,565","33,190,509",,"32,920,911","32,776,714","32,246,652",,"31,227,571","28,620,954","27,408,643",,"27,354,524","27,030,457","27,407,122",,"26,041,667","27,777,778","26,041,667",,"24,305,556","26,041,667","23,148,148",,"24,801,587","26,041,667","23,148,148",,"24,305,556","24,801,587","21,701,389",,"24,801,587","17,361,111","23,288,195",,"26,041,667","23,148,148","20,833,333",,"23,148,148","23,148,148","21,701,389",,"26,041,667","19,841,270","18,246,528",,"17,361,111","15,045,140","15,079,861",,"15,034,721","15,034,721","15,451,388",,"11,909,721","11,909,721","11,909,721"
TotalOperatingIncomeAsReported,"61,955,000","15,233,000","21,896,000","15,931,000","8,895,000","14,194,000","16,007,000","64,000","-18,995,000","1,362,000","-3,410,000","-2,881,000","12,201,000","9,523,000","13,662,000","21,061,000","15,114,000","8,781,000","13,219,000","879,000","13,362,000","5,609,000","12,602,000","2,987,000","11,581,000","7,706,000","8,050,000","8,547,000","12,242,000","8,704,000","14,217,000","12,076,000","7,384,000","6,489,000","10,916,000","8,391,000","6,780,000","1,757,000","4,330,000","9,082,000","8,222,000","8,007,000","5,626,000","6,507,000","10,847,000","10,210,000","5,523,000","-3,442,000","8,777,000","6,346,000","7,521,000","8,463,000","8,963,000","7,900,000","8,202,000","7,169,000","9,009,000","6,604,000","6,933,000","6,086,000","5,471,000","4,479,000","4,693,000","5,136,000","5,476,000","3,734,000","5,122,000","5,004,000","7,187,000","6,207,000","6,569,000","6,126,000","7,940,383","6,705,556","7,228,398","7,084,321","6,351,453","4,965,240","4,564,175","4,624,051","4,104,019","3,483,243","2,948,823","2,730,338","2,177,236","2,083,229","1,020,353","1,224,604","647,698","289,575","1,900,000","1,600,000","1,500,000","1,100,000","1,300,000","1,500,000","1,300,000","1,100,000","800,000","600,000","800,000","600,000","900,000","1,400,000","1,100,000","1,100,000","900,000","1,000,000","500,000","300,000","-200,000","400,000","800,000","1,000,000","800,000","500,000","500,000","800,000","500,000","400,000","600,000","100,000","500,000","400,000",,,,,,,,,,
TotalExpenses,"1,017,948,000","255,910,000","246,721,000","249,975,000","265,342,000","234,317,000","241,908,000","227,682,000","214,948,000","233,421,000","244,637,000","242,836,000","239,877,000","228,026,000","219,581,000","200,527,000","209,212,000","194,214,000","177,206,000","166,377,000","173,130,000","165,423,000","145,090,000","153,782,000","139,399,000","130,269,000","130,459,000","126,597,000","125,719,000","120,751,000","118,381,000","116,403,000","121,481,000","112,747,000","109,119,000","102,838,000","103,095,000","102,191,000","97,901,000","86,550,000","90,310,000","87,436,000","83,066,000","80,532,000","80,402,000","76,421,000","75,680,000","68,270,000","66,171,000","61,086,000","59,974,000","58,296,000","55,874,000","50,471,000","49,794,000","50,984,000","48,432,000","46,949,000","47,410,000","44,498,000","46,340,000","46,551,000","46,123,000","41,561,000","42,645,000","41,306,000","37,560,000","36,220,000","35,218,000","34,067,000","32,770,000","29,350,000","30,980,561","30,957,133","27,899,343","27,422,568","28,225,852","26,776,333","24,860,359","24,717,078","24,685,351","25,188,925","22,340,467","22,963,790","24,086,779","24,705,144","21,463,662","22,105,599","22,905,161","21,790,860","19,500,000","18,300,000","17,500,000","16,600,000","16,000,000","15,200,000","16,700,000","15,400,000","15,200,000","14,900,000","14,500,000","13,200,000","12,100,000","11,300,000","11,600,000","11,000,000","10,000,000","10,300,000","10,200,000","9,400,000","9,100,000","7,700,000","7,500,000","7,000,000","6,300,000","5,900,000","5,500,000","5,100,000","4,800,000","4,200,000","3,900,000","3,900,000","3,000,000","2,300,000",,,,,,,,,,
NetIncomeFromContinuingAndDiscontinuedOperation,"48,041,000","10,545,000","20,613,000","11,967,000","4,916,000","10,958,000","15,378,000","-3,009,000","-19,058,000","-3,154,000","-4,205,000","-3,398,000","6,859,000","6,195,000","9,189,000","16,619,000","10,941,000","5,269,000","6,806,000","-3,569,000","9,483,000","14,803,000","7,506,000","973,000","7,290,000","4,351,000","6,409,000","4,818,000","7,401,000","5,174,000","8,671,000","7,764,000","3,716,000","2,823,000","6,540,000","5,607,000","3,752,000","671,000","641,000","7,226,000","6,095,000","5,748,000","4,970,000","4,563,000","6,872,000","6,639,000","4,210,000","-1,973,000","5,715,000","4,508,000","5,067,000","6,085,000","5,841,000","5,537,000","5,392,000","5,200,000","5,818,000","4,317,000","4,728,000","4,295,000","3,596,000","2,969,000","3,053,000","3,325,000","3,522,000","2,401,000","3,695,000","3,327,000","4,681,000","4,074,000","4,297,000","4,189,000","5,071,658","4,375,776","4,685,768","4,651,887","4,205,546","3,752,197","3,155,906","3,125,403","2,701,814","2,326,907","1,945,764","1,744,996","1,858,793","1,186,425","546,715","394,397","44,927","-159,482","1,000,000","900,000","800,000","600,000","800,000","700,000","600,000","400,000","200,000","100,000","300,000","200,000","500,000","700,000","500,000","500,000","400,000","500,000","200,000","100,000","-200,000","300,000","600,000","600,000","500,000","400,000","400,000","500,000","500,000","300,000","400,000","100,000","300,000","300,000",,,,,,,,,,
NormalizedIncome,"66,557,000.83","13,723,368","27,821,750","12,908,060","9,275,008","11,304,926","15,442,970","8,838,170","109,390","3,227,660","7,982,350","-1,541,600","9,490,948","6,919,000","9,193,515.479","16,679,847","11,398,864","5,302,160","6,944,171.454","4,146,400","10,091,388","3,146,270","7,523,942.008","1,096,600","7,357,249","4,426,174","6,306,323.009","5,499,066","7,486,063","5,258,546","8,798,772.812","8,013,053","3,716,000","2,823,000","6,524,813.004","9,074,451","3,752,000","671,000","1,052,450","7,425,100.808","7,040,298.956","5,893,932.55","6,943,028.047","6,801,826.425","6,827,990.205","6,631,546.54","4,167,333.853","3,438,900","5,682,671.682","4,525,091.943","5,004,337.456","6,116,023.832","5,844,900.501","5,501,339.361","5,346,556.479","5,167,666.937","5,828,167.996","4,320,198.252","4,703,402.7","4,292,222.761","3,596,649.919","2,969,650.099","3,065,255.863","3,312,272.727","3,691,246.483","2,418,917.91","3,723,805.301","3,335,497.25","4,693,807.114","4,087,434.987","4,255,834.93","4,215,899.984","5,067,489.757","4,244,986.805","4,834,059.309","4,571,310.019","4,041,306.692","3,193,532.123","3,115,217.281","3,118,144.493","2,719,105.15","2,367,941.661","1,350,923.857","1,832,808.194","1,530,225.806","1,500,517.233","-433,760.6","857,224.756","453,391.628","202,704.661","1,000,000","1,092,857.143","933,333.333","733,333.333","355,555.556","820,000","720,000","520,000","200,000","220,000","420,000","320,000","500,000","760,000","625,000","625,000","400,000","625,000","266,666.667","100,000","-200,000","300,000","600,000","600,000","500,000","400,000","400,000","500,000","500,000","300,000","400,000","100,000","300,000","300,000",,,,,,,,,,
InterestIncome,"401,000","104,000","101,000","104,000","92,000","472,000","370,000","67,000","88,000","79,000","-1,318,000","328,000","342,000","357,000","352,000","359,000","342,000","146,000","115,000","94,000","89,000","83,000","26,000","29,000","16,000","9,000","62,000","78,000","79,000","53,000","30,000","41,000","79,000","67,000","55,000","69,000","74,000","57,000","50,000","57,000","71,000","48,000","77,000","36,000","14,000","2,000","7,000","7,000","12,000","8,000","14,000","14,000","28,000","122,000",,,,,,,,,,,,,,,,,,,,,,,,,,,,,,,,,,,,,,,,,,,,,,,,,,,,,,,,,,,,,,,,,,,,,,,,,,,,,,,,
InterestExpense,"4,726,000","1,002,000","1,105,000","1,233,000","1,386,000","1,537,000","1,938,000","2,197,000","2,715,000","3,144,000","3,409,000","3,415,000","3,115,000","2,764,000","2,296,000","2,329,000","3,338,000","2,398,000","1,801,000","1,590,000","1,639,000","2,706,000","2,678,000","3,022,000","1,768,000","1,329,000","1,453,000","1,489,000","1,713,000","1,574,000","1,862,000","2,008,000","2,353,000","2,606,000","2,747,000","1,916,000","1,842,000","1,539,000","252,000","128,000","112,000","112,000","34,000","19,000","311,000","425,000","451,000","95,000",,,,,,,,,,,,,,,,,,,,,,,,,,,,,,,,,,,,,,,,,,,,,,,,,,,,,,,,,,,,,,,,,,,,,,,,,,,,,,,,,,,,,,
NetInterestIncome,"-4,325,000","-898,000","-1,004,000","-1,129,000","-1,294,000","-1,065,000","-1,568,000","-2,130,000","-2,627,000","-3,065,000","-4,436,000","-3,087,000","-2,773,000","-2,407,000","-1,944,000","-1,970,000","-2,996,000","-2,252,000","-1,686,000","-1,496,000","-1,550,000","-2,623,000","-2,652,000","-2,993,000","-1,752,000","-1,320,000","-1,391,000","-1,411,000","-1,634,000","-1,521,000","-1,832,000","-1,967,000","-2,274,000","-2,539,000","-2,692,000","-1,847,000","-1,768,000","-1,482,000","-202,000","-71,000","-41,000","-64,000","43,000","17,000","-297,000","-423,000","-444,000","-88,000","12,000","8,000","-14,000","14,000","28,000","122,000",,,,,,,,,,,,,,,,,,,,,,,,,,,,,,,,,,,,,,,,,,,,,,,,,,,,,,,,,,,,,,,,,,,,,,,,,,,,,,,,
EBIT,"60,120,000","15,173,000","21,286,000","15,410,000","8,251,000","14,231,000","15,183,000","13,000","-19,585,000","1,152,000","-4,553,000","-2,275,000","12,114,000","9,610,000","14,506,000","21,714,000","14,903,000","8,757,000","13,081,000","-615,000","12,952,000","18,199,000","12,300,000","3,017,000","11,630,000","7,235,000","8,007,000","8,149,000","12,236,000","9,037,000","14,213,000","12,261,000","7,435,000","6,492,000","10,929,000","8,356,000","6,847,000","1,751,000","2,102,000","9,165,000","8,926,000","8,029,000","5,810,000","6,702,000","10,929,000","10,223,000","5,582,000","-3,417,000","8,777,000","6,346,000","7,796,000","8,463,000","8,963,000","7,900,000","8,202,000","7,169,000","9,009,000","6,604,000","6,933,000","6,086,000","5,471,000","4,479,000","4,693,000","5,136,000","5,476,000","3,734,000","5,122,000","5,004,000","7,187,000","6,207,000","6,569,000","6,126,000","7,940,383","6,705,556","7,228,398","7,084,321","6,351,453","4,965,240","4,564,175","4,624,051","4,104,019","3,483,243","2,948,823","2,730,338","2,177,236","2,083,229","1,020,353","1,224,604","647,698","289,575","1,900,000","1,600,000","1,500,000","1,100,000","1,300,000","1,500,000","1,300,000","1,100,000","800,000","600,000","800,000","600,000","900,000","1,400,000","1,100,000","1,100,000","900,000","1,000,000","500,000","300,000","-200,000","400,000","800,000","1,000,000","800,000","500,000","500,000","800,000","500,000","400,000","600,000","100,000","500,000","400,000","2,300,000","2,000,000","-2,600,000","1,200,000","900,000","600,000","-1,500,000","400,000","400,000","400,000"
EBITDA,"154,484,000"
ReconciledCostOfRevenue,"606,907,000","154,508,000","149,686,000","146,527,000","156,186,000","137,019,000","146,841,000","141,961,000","134,155,000","139,741,000","146,292,000","138,913,000","143,568,000","133,713,000","128,583,000","119,620,000","124,801,000","114,979,000","105,241,000","98,823,000","102,408,000","95,127,000","87,459,000","89,160,000","84,217,000","77,977,000","78,097,000","76,881,000","77,196,000","74,194,000","72,646,000","71,387,000","73,241,000","67,193,000","66,657,000","64,180,000","62,890,000","60,955,000","56,768,000","50,572,000","53,508,000","51,448,000","48,947,000","49,423,000","48,765,000","46,846,000","44,845,000","41,925,000","42,490,000","38,997,000","40,179,000","38,224,000","36,694,000","33,563,000","34,503,000","34,469,000","32,939,000","31,961,000","32,730,000","30,801,000","32,275,000","32,172,000","31,853,000","28,629,000","29,125,000","27,990,000","26,114,000","24,422,000","24,145,000","22,813,000","22,083,000","19,683,000","20,911,592","21,229,751","18,833,500","18,529,448","19,396,384","18,470,384","16,650,585","16,784,463","16,756,292","17,520,388","15,562,670","15,968,517","16,837,858","16,491,579","13,936,431","14,290,509","14,878,840","13,397,997","12,000,000","11,300,000","10,800,000","10,200,000","10,000,000","9,600,000","10,500,000","9,600,000","9,200,000","9,200,000","8,700,000","8,000,000","6,900,000","6,800,000","6,800,000","6,400,000","6,200,000","5,900,000","5,800,000","5,400,000","5,000,000","4,200,000","4,100,000","4,100,000","3,500,000","3,300,000","2,900,000","2,600,000","2,400,000","2,000,000","1,700,000","1,600,000","1,200,000","1,100,000",,,,,,,,,,
ReconciledDepreciation,"94,364,000","23,050,000","23,670,000","23,623,000","24,021,000","24,470,000","26,836,000","26,601,000","26,925,000","26,454,000","26,623,000","26,849,000","25,572,000","25,312,000","19,110,000","17,657,000","17,495,000","15,284,000","14,194,000","13,679,000","12,950,000","12,759,000","12,161,000","11,889,000","10,000,000","9,705,000","9,680,000","9,489,000","9,188,000","9,068,000","9,210,000","9,126,000","8,891,000","8,702,000","8,616,000","8,197,000","8,046,000","7,683,000","5,810,000","6,401,000","5,553,000","4,770,000","4,944,000","4,778,000","4,678,000","4,794,000","4,291,000","3,892,000","3,383,000","3,290,000","3,291,000","3,270,000","3,029,000","2,681,000","2,642,000","2,538,000","2,522,000","2,538,000","2,524,000","2,318,000","2,261,000","2,206,000","2,157,000","2,035,000","1,990,000","1,918,000","1,860,000","1,401,000","1,222,000","1,159,000","1,100,000","1,144,742","1,150,869","1,096,389","987,010","1,086,625","1,077,459","1,077,084","1,117,751","1,109,104","1,082,531","1,071,751","1,248,893","1,136,316","1,101,828","1,077,420","1,132,668","1,080,846","1,057,780","1,048,388","1,100,000","900,000","800,000","800,000","700,000","700,000","700,000","700,000","900,000","600,000","700,000","500,000","600,000","600,000","600,000","600,000","100,000","600,000","500,000","500,000","500,000","400,000","400,000","300,000","400,000","300,000","400,000","300,000","300,000","300,000","300,000","200,000","300,000",,,,,,,,,,,
NetIncomeFromContinuingOperationNetMinorityInterest,"48,041,000","10,545,000","20,613,000","11,967,000","4,916,000","10,958,000","15,378,000","-3,009,000","-19,058,000","-3,154,000","-4,205,000","-3,398,000","6,859,000","6,195,000","9,189,000","16,619,000","10,941,000","5,269,000","6,806,000","-3,569,000","9,483,000","14,803,000","7,506,000","973,000","7,290,000","4,351,000","6,409,000","4,818,000","7,401,000","5,174,000","8,671,000","7,764,000","3,716,000","2,823,000","6,540,000","5,607,000","3,752,000","671,000","641,000","7,226,000","6,095,000","5,748,000","4,970,000","4,563,000","6,872,000","6,639,000","4,210,000","-1,973,000","5,715,000","4,508,000","5,067,000","6,085,000","5,841,000","5,537,000","5,392,000","5,200,000","5,818,000","4,317,000","4,728,000","4,295,000","3,596,000","2,969,000","3,053,000","3,325,000","3,522,000","2,401,000","3,695,000","3,327,000","4,681,000","4,074,000","4,297,000","4,189,000","5,071,658","4,375,776","4,685,768","4,651,887","4,205,546","3,752,197","3,155,906","3,125,403","2,701,814","2,326,907","1,945,764","1,744,996","1,858,793","1,186,425","546,715","394,397","44,927","-159,482","1,000,000","900,000","800,000","600,000","800,000","700,000","600,000","400,000","200,000","100,000","300,000","200,000","500,000","700,000","500,000","500,000","400,000","500,000","200,000","100,000","-200,000","300,000","600,000","600,000","500,000","400,000","400,000","500,000","500,000","300,000","400,000","100,000","300,000","300,000",,,,,,,,,,
TotalUnusualItemsExcludingGoodwill,"-21,350,000","-4,272,000","-9,875,000","-1,115,000","-6,088,000","-402,000","-89,000","-16,229,000","-22,418,000","-8,742,000","-16,695,000","-3,094,000","-3,454,000","-800,000","-6,000","-71,000","-484,000","-40,000","-229,000","-12,859,000","-726,000","12,206,000","-23,000","-206,000","-91,000","-102,000","105,000","-942,000","-121,000","-122,000","-182,000","-329,000",,,"19,000","-3,981,000","0","0","-633,000","-249,000","-1,367,000","-201,000","-2,293,000","-3,279,000","68,000","11,000","52,000","-8,326,000","50,000","-24,000","94,000","-43,000","-6,000","52,000","72,000","46,000","-16,000","-5,000","37,000","4,000","-1,000","-1,000","-19,000","20,000","-263,000","-28,000","-40,000","-13,000","-20,000","-21,000","65,000","-40,000","6,641","206,600","-233,264","124,873","258,124","868,601","59,651","10,764","-26,098","-60,362","885,637","-130,814","467,492","-436,067","1,634,126","-661,181","-583,517","-517,404",,"-300,000","-200,000","-200,000","500,000","-200,000","-200,000","-200,000",,"-200,000","-200,000","-200,000",,"-100,000","-200,000","-200,000",,"-200,000","-100,000",,,,,,,,,,,,,,"0",,,,,,,,,,,
TotalUnusualItems,"-21,350,000","-4,272,000","-9,875,000","-1,115,000","-6,088,000","-402,000","-89,000","-16,229,000","-22,418,000","-8,742,000","-16,695,000","-3,094,000","-3,454,000","-800,000","-6,000","-71,000","-484,000","-40,000","-229,000","-12,859,000","-726,000","12,206,000","-23,000","-206,000","-91,000","-102,000","105,000","-942,000","-121,000","-122,000","-182,000","-329,000",,,"19,000","-3,981,000","0","0","-633,000","-249,000","-1,367,000","-201,000","-2,293,000","-3,279,000","68,000","11,000","52,000","-8,326,000","50,000","-24,000","94,000","-43,000","-6,000","52,000","72,000","46,000","-16,000","-5,000","37,000","4,000","-1,000","-1,000","-19,000","20,000","-263,000","-28,000","-40,000","-13,000","-20,000","-21,000","65,000","-40,000","6,641","206,600","-233,264","124,873","258,124","868,601","59,651","10,764","-26,098","-60,362","885,637","-130,814","467,492","-436,067","1,634,126","-661,181","-583,517","-517,404",,"-300,000","-200,000","-200,000","500,000","-200,000","-200,000","-200,000",,"-200,000","-200,000","-200,000",,"-100,000","-200,000","-200,000",,"-200,000","-100,000",,,,,,,,,,,,,,"0",,,,,,,,,,,
NormalizedEBITDA,"175,834,000","42,495,000","54,831,000","40,148,000","38,360,000","39,103,000","42,108,000","42,843,000","29,758,000","36,348,000","38,765,000","27,668,000","41,140,000","35,722,000","33,622,000","39,442,000","32,882,000","24,081,000","27,504,000","25,923,000","26,628,000","18,752,000","24,484,000","15,112,000","21,721,000","17,042,000","17,582,000","18,580,000","21,545,000","18,227,000","23,605,000","21,716,000","16,326,000","15,194,000","19,526,000","20,534,000","14,893,000","9,434,000","8,545,000","15,815,000","15,846,000","13,000,000","13,047,000","14,759,000","15,539,000","15,006,000","9,821,000","8,801,000","12,110,000","9,660,000","10,993,000","11,776,000","11,998,000","10,529,000","10,772,000","9,661,000","11,547,000","9,147,000","9,420,000","8,400,000","7,733,000","6,686,000","6,869,000","7,151,000","7,729,000","5,680,000","7,022,000","6,418,000","8,429,000","7,387,000","7,604,000","7,310,742","9,084,611","7,595,345","8,448,672","8,046,073","7,170,788","5,173,723","5,622,275","5,722,391","5,212,648","4,615,356","3,312,079","3,997,468","2,811,572","3,631,426","518,895","2,966,631","2,288,995","1,855,367","3,000,000","2,800,000","2,500,000","2,100,000","1,500,000","2,400,000","2,200,000","2,000,000","1,700,000","1,400,000","1,700,000","1,300,000","1,500,000","2,100,000","1,900,000","1,900,000","1,000,000","1,800,000","1,100,000","800,000","300,000","800,000","1,200,000","1,300,000","1,200,000","800,000","900,000","1,100,000","800,000","700,000","900,000","300,000","800,000","400,000","2,300,000","2,000,000","-2,600,000","1,200,000","900,000","600,000","-1,500,000","400,000","400,000","400,000"
TaxRateForCalcs,"0.133","0.256","0.27","0.156","0.284","0.137","0.27","0.27","0.145","0.27","0.27","0.4","0.238","0.095","0.247","0.143","0.054","0.171","0.397","0.4","0.162","0.045","0.22","0.4","0.261","0.263","0.022","0.277","0.297","0.307","0.298","0.243","0.269","0.274","0.201","0.129","0.25","0.35","0.35","0.2","0.308","0.274","0.14","0.317","0.353","0.322","0.179","0.35","0.353","0.288","0.333","0.279","0.35","0.314","0.369","0.297","0.365","0.36","0.335","0.306","0.35","0.35","0.355","0.364","0.356","0.36","0.28","0.346","0.36","0.36","0.367","0.328","0.372","0.367","0.364","0.355","0.364","0.357","0.318","0.326","0.337","0.32","0.328","0.329","0.297","0.28","0.4","0.3","0.3","0.3","0.231","0.357","0.333","0.333","0.111","0.4","0.4","0.4","0.4","0.4","0.4","0.4","0.167","0.4","0.375","0.375","0.333","0.375","0.333","0.4","0","0.4","0.333","0.333","0.375","0.2","0.333","0.375","0.167","0.25","0.333","0.4","0.4","0.25",,,,,,,,,,
TaxEffectOfUnusualItems,"-2,833,999.17","-1,093,632","-2,666,250","-173,940","-1,728,992","-55,074","-24,030","-4,381,830","-3,250,610","-2,360,340","-4,507,650","-1,237,600","-822,052","-76,000","-1,484.521","-10,153","-26,136","-6,840","-90,828.546","-5,143,600","-117,612","549,270","-5,057.992","-82,400","-23,751","-26,826","2,323.009","-260,934","-35,937","-37,454","-54,227.188","-79,947","0","0","3,813.004","-513,549","0","0","-221,550","-49,899.192","-421,701.044","-55,067.45","-319,971.953","-1,040,173.575","23,990.205","3,546.54","9,333.853","-2,914,100","17,671.682","-6,908.057","31,337.456","-11,976.168","-2,099.499","16,339.361","26,556.479","13,666.937","-5,832.004","-1,801.748","12,402.7","1,222.761","-350.081","-349.901","-6,744.137","7,272.727","-93,753.517","-10,082.09","-11,194.699","-4,502.75","-7,192.886","-7,565.013","23,834.93","-13,100.016","2,472.757","75,810.805","-84,972.691","44,296.019","93,884.692","309,936.123","18,962.281","3,505.493","-8,806.85","-19,327.339","290,796.857","-43,001.806","138,924.806","-121,974.767","653,650.4","-198,353.244","-175,052.372","-155,217.339","0","-107,142.857","-66,666.667","-66,666.667","55,555.556","-80,000","-80,000","-80,000","0","-80,000","-80,000","-80,000","0","-40,000","-75,000","-75,000","0","-75,000","-33,333.333","0","0","0","0","0","0","0","0","0","0","0","0","0","0","0",,,,,,,,,,