name,ttm,03/31/2022,12/31/2021,09/30/2021,06/30/2021,03/31/2021,12/31/2020,09/30/2020,06/30/2020,03/31/2020,12/31/2019,09/30/2019,06/30/2019,03/31/2019,12/31/2018,09/30/2018,06/30/2018,03/31/2018,12/31/2017,09/30/2017,06/30/2017,03/31/2017,12/31/2016,09/30/2016,06/30/2016,03/31/2016,12/31/2015,09/30/2015,06/30/2015,03/31/2015,12/31/2014,09/30/2014,06/30/2014,03/31/2014,12/31/2013,09/30/2013,06/30/2013,03/31/2013,12/31/2012,09/30/2012,06/30/2012,03/31/2012,12/31/2011,09/30/2011,06/30/2011,03/31/2011,12/31/2010,09/30/2010,06/30/2010,03/31/2010,12/31/2009,09/30/2009,06/30/2009,03/31/2009,12/31/2008,09/30/2008,06/30/2008,03/31/2008,12/31/2007,09/30/2007,06/30/2007,03/31/2007,12/31/2006,09/30/2006,06/30/2006,03/31/2006,12/31/2005,09/30/2005,06/30/2005,03/31/2005,12/31/2004,09/30/2004,06/30/2004,03/31/2004,12/31/2003,09/30/2003,06/30/2003,03/31/2003,12/31/2002,09/30/2002,06/30/2002,03/31/2002,12/31/2001,09/30/2001,06/30/2001,03/31/2001,12/31/2000,09/30/2000,06/30/2000,03/31/2000,12/31/1999,09/30/1999,06/30/1999,03/31/1999,12/31/1998,09/30/1998,06/30/1998,03/31/1998,12/31/1997,09/30/1997,06/30/1997,03/31/1997,12/31/1996,09/30/1996,06/30/1996,03/31/1996,12/31/1995,09/30/1995,06/30/1995,03/31/1995,12/31/1994,09/30/1994,06/30/1994,03/31/1994,12/31/1993,09/30/1993,06/30/1993,03/31/1993,12/31/1992,09/30/1992,06/30/1992,03/31/1992,12/31/1991,09/30/1991,06/30/1991,03/31/1991,12/31/1990,09/30/1990,06/30/1990,03/31/1990,12/31/1989,09/30/1989,06/30/1989,03/31/1989,12/31/1988,09/30/1988,06/30/1988,03/31/1988,12/31/1987,09/30/1987,06/30/1987,03/31/1987,12/31/1986,09/30/1986,06/30/1986,03/31/1986,12/31/1985,09/30/1985
TotalRevenue,"2,050,100,000","574,400,000","502,200,000","478,900,000","494,600,000","514,900,000","484,300,000","461,400,000","347,800,000","472,900,000","473,400,000","500,200,000","529,000,000","556,700,000","541,000,000","548,900,000","566,100,000","566,600,000","512,700,000","508,300,000","515,500,000","488,300,000","349,800,000","317,700,000","347,200,000","343,700,000","328,700,000","334,000,000","346,100,000","363,000,000","363,600,000","377,300,000","392,500,000","390,600,000","347,000,000","364,200,000","375,800,000","359,600,000","326,100,000","339,922,000","350,376,000","388,717,000","373,282,000","397,290,000","417,863,000","397,121,000","360,043,000","345,902,000","345,169,000","324,914,000","302,390,000","282,298,000","253,632,000","110,531,000","365,201,000","433,263,000","499,719,000","478,505,000","495,301,000","431,494,000","444,073,000","421,640,000","467,927,000","437,512,000","430,393,000","416,880,000","411,030,000","404,152,000","450,930,000","414,550,000","418,398,000","363,620,000","347,362,000","321,043,000","310,799,000","279,059,000","288,898,000","271,877,000","272,020,000","275,558,000","272,620,000","254,582,000","270,433,000","269,114,000","280,631,000","256,790,000","252,346,000","269,775,000","286,484,000","285,169,000","283,500,000","286,700,000","283,800,000","281,000,000","284,400,000","273,000,000","273,100,000","255,000,000","267,700,000","260,800,000","256,900,000","243,300,000","253,000,000","254,200,000","248,500,000","244,200,000","252,800,000","254,300,000","239,200,000","242,300,000","240,500,000","221,800,000","208,400,000","193,100,000","172,400,000","157,000,000","147,200,000","145,800,000","146,600,000","144,600,000","133,800,000","137,200,000","130,800,000","132,700,000","125,900,000","122,600,000","126,500,000","118,600,000","114,400,000","108,500,000","111,400,000","110,600,000","105,800,000","110,400,000","106,200,000","106,800,000","100,500,000","103,100,000","98,600,000","100,000,000","93,600,000","91,600,000","89,700,000","86,700,000","80,900,000","80,800,000","80,400,000","78,100,000"
	OperatingRevenue,"2,050,100,000","574,400,000","502,200,000","478,900,000","494,600,000","514,900,000","484,300,000","461,400,000","347,800,000","472,900,000","473,400,000","500,200,000","529,000,000","556,700,000","541,000,000","548,900,000","566,100,000","566,600,000","512,700,000","508,300,000","515,500,000","488,300,000","349,800,000","317,700,000","347,200,000","343,700,000","328,700,000","334,000,000","346,100,000","363,000,000","363,600,000","377,300,000","392,500,000","390,600,000","347,000,000","364,200,000","375,800,000","359,600,000","326,100,000","339,922,000","350,376,000","388,717,000","373,282,000","397,290,000","417,863,000","397,121,000","360,043,000","345,902,000","345,169,000","324,914,000","302,390,000","282,298,000","253,632,000","110,531,000","365,201,000","433,263,000","499,719,000","478,505,000","495,301,000","431,494,000","444,073,000","421,640,000","467,927,000","437,512,000","430,393,000","416,880,000","411,030,000","404,152,000","450,930,000","414,550,000","418,398,000","363,620,000","347,362,000","321,043,000","310,799,000","279,059,000","288,898,000","271,877,000","272,020,000","275,558,000","272,620,000","254,582,000","270,433,000","269,114,000","280,631,000","256,790,000","252,346,000","269,775,000","286,484,000","285,169,000","283,500,000","286,700,000","283,800,000","281,000,000","284,400,000","273,000,000","273,100,000","255,000,000","267,700,000","260,800,000","256,900,000","243,300,000","253,000,000","254,200,000","248,500,000","244,200,000","252,800,000","254,300,000","239,200,000","242,300,000","240,500,000","221,800,000","208,400,000","193,100,000","172,400,000","157,000,000","147,200,000","145,800,000","146,600,000","144,600,000","133,800,000","137,200,000","130,800,000","132,700,000","125,900,000","122,600,000","126,500,000","118,600,000","114,400,000","108,500,000","111,400,000","110,600,000","105,800,000","110,400,000","106,200,000","106,800,000","100,500,000","103,100,000","98,600,000","100,000,000","93,600,000","91,600,000","89,700,000","86,700,000","80,900,000","80,800,000","80,400,000","78,100,000"
CostOfRevenue,"1,740,800,000","479,200,000","427,600,000","412,600,000","421,400,000","431,100,000","401,600,000","380,600,000","301,700,000","398,000,000","399,900,000","424,500,000","445,600,000","465,100,000","449,300,000","461,000,000","471,800,000","470,100,000","427,300,000","422,200,000","427,000,000","403,400,000","291,100,000","270,000,000","285,200,000","281,500,000","270,100,000","288,300,000","289,100,000","300,300,000","304,200,000","320,600,000","324,800,000","328,300,000","290,200,000","307,000,000","313,900,000","303,500,000","277,900,000","287,326,000","298,791,000","323,340,000","313,539,000","335,271,000","348,432,000","339,150,000","302,948,000","288,275,000","289,194,000","280,645,000","254,674,000","239,939,000","217,767,000","98,649,000","323,288,000","378,324,000","421,419,000","419,607,000","418,290,000","368,778,000","373,103,000","363,359,000","388,963,000","369,001,000","354,297,000","347,544,000","330,818,000","324,366,000","353,778,000","325,418,000","322,713,000","280,488,000","265,202,000","239,838,000","236,366,000","215,744,000","214,735,000","203,640,000","204,194,000","207,794,000","203,740,000","195,880,000","203,592,000","204,151,000","206,668,000","197,146,000","186,884,000","198,764,000","203,897,000","158,757,000","205,200,000","207,100,000","201,900,000","158,400,000","207,200,000","197,000,000","194,600,000","138,400,000","192,100,000","185,500,000","181,900,000","132,500,000","181,700,000","184,900,000","180,900,000","141,800,000","189,000,000","186,400,000","178,300,000","133,600,000","170,900,000","155,800,000","149,900,000","106,500,000","119,900,000","108,300,000","103,700,000","77,000,000","104,600,000","103,100,000","90,000,000","69,000,000","93,600,000","95,000,000","91,500,000","67,800,000","93,100,000","82,400,000","80,700,000","58,000,000","78,000,000","79,500,000","75,700,000",,,,,,,,,,,,,,,
GrossProfit,"309,300,000","95,200,000","74,600,000","66,300,000","73,200,000","83,800,000","82,700,000","80,800,000","46,100,000","74,900,000","73,500,000","75,700,000","83,400,000","91,600,000","91,700,000","87,900,000","94,300,000","96,500,000","85,400,000","86,100,000","88,500,000","84,900,000","58,700,000","47,700,000","62,000,000","62,200,000","58,600,000","45,700,000","57,000,000","62,700,000","59,400,000","56,700,000","67,700,000","62,300,000","56,800,000","57,200,000","61,900,000","56,100,000","48,200,000","52,596,000","51,585,000","65,377,000","59,743,000","62,019,000","69,431,000","57,971,000","57,095,000","57,627,000","55,975,000","44,269,000","47,716,000","42,359,000","35,865,000","11,882,000","41,913,000","54,939,000","78,300,000","58,898,000","77,011,000","62,716,000","70,970,000","58,281,000","78,964,000","68,511,000","76,096,000","69,336,000","80,212,000","79,786,000","97,152,000","89,132,000","95,685,000","83,132,000","82,160,000","81,205,000","74,433,000","63,315,000","74,163,000","68,237,000","67,826,000","67,764,000","68,880,000","58,702,000","66,841,000","64,963,000","73,963,000","59,644,000","65,462,000","71,011,000","82,587,000","126,412,000","78,300,000","79,600,000","81,900,000","122,600,000","77,200,000","76,000,000","78,500,000","116,600,000","75,600,000","75,300,000","75,000,000","110,800,000","71,300,000","69,300,000","67,600,000","102,400,000","63,800,000","67,900,000","60,900,000","108,700,000","69,600,000","66,000,000","58,500,000","86,600,000","52,500,000","48,700,000","43,500,000","68,800,000","42,000,000","41,500,000","43,800,000","68,200,000","37,200,000","37,700,000","34,400,000","54,800,000","33,400,000","36,200,000","33,700,000","50,500,000","33,400,000","31,100,000","30,100,000",,,,,,,,,,,,,,,
OperatingExpense,"215,100,000","53,500,000","50,300,000","51,900,000","59,400,000","59,300,000","56,100,000","50,800,000","44,700,000","55,200,000","63,500,000","67,400,000","63,500,000","64,200,000","57,200,000","63,400,000","59,300,000","63,600,000","60,800,000","62,200,000","59,200,000","60,600,000","51,100,000","48,700,000","44,600,000","41,600,000","43,300,000","76,800,000","42,800,000","48,700,000","45,200,000","47,800,000","42,800,000","48,800,000","44,500,000","46,000,000","42,400,000","39,500,000","42,300,000","41,318,000","43,224,000","46,010,000","43,523,000","50,075,000","49,438,000","52,289,000","45,971,000","45,272,000","41,768,000","41,266,000","40,672,000","37,017,000","38,547,000","28,158,000","47,032,000","64,632,000","62,956,000","80,132,000","92,034,000","55,550,000","54,962,000","61,563,000","60,202,000","61,010,000","55,062,000","55,388,000","57,498,000","56,651,000","67,333,000","70,724,000","70,427,000","63,452,000","59,485,000","63,956,000","60,155,000","60,049,000","59,009,000","56,402,000","53,095,000","58,367,000","53,306,000","56,295,000","53,864,000","55,053,000","56,521,000","52,554,000","53,507,000","57,654,000","53,288,000","103,774,000","57,000,000","54,700,000","51,700,000","95,800,000","51,000,000","48,400,000","45,600,000","89,300,000","45,000,000","46,300,000","44,500,000","85,400,000","45,700,000","44,600,000","42,300,000","81,700,000","42,400,000","41,200,000","35,500,000","77,900,000","39,900,000","38,700,000","34,300,000","65,100,000","33,900,000","29,300,000","26,500,000","53,300,000","28,400,000","27,000,000","30,000,000","55,700,000","26,700,000","25,500,000","25,400,000","50,200,000","27,200,000","24,400,000","22,700,000","39,300,000","21,500,000","22,800,000","20,000,000",,,,,,,,,,,,,,,
	SellingGeneralAndAdministration,"215,100,000","53,500,000","50,300,000","51,900,000","59,400,000","59,300,000","56,100,000","50,800,000","44,700,000","55,200,000","63,500,000","67,400,000","63,500,000","64,200,000","57,200,000","63,400,000","59,300,000","63,600,000","60,800,000","62,200,000","59,200,000","60,600,000","51,100,000","48,700,000","44,600,000","41,600,000","43,300,000","76,800,000","42,800,000","48,700,000","45,200,000","47,800,000","42,800,000","48,800,000","44,500,000","46,000,000","42,400,000","39,500,000","42,300,000","41,318,000","43,224,000","46,010,000","43,523,000","50,075,000","49,438,000","52,289,000","45,971,000","45,272,000","41,768,000","41,266,000","40,672,000","37,017,000","38,547,000","28,158,000","47,032,000","61,601,000","62,822,000","64,167,000","60,579,000","55,550,000","54,962,000","61,563,000","60,202,000","61,010,000","55,062,000","55,388,000","57,498,000","56,651,000","67,333,000","70,724,000","70,427,000","63,452,000","59,485,000","63,956,000","60,155,000","60,049,000","59,009,000","56,402,000","53,095,000","58,367,000","53,306,000","56,295,000","53,864,000","55,053,000","56,521,000","52,554,000","53,507,000","57,654,000","53,288,000","54,952,000","57,000,000","54,700,000","51,700,000","51,600,000","51,000,000","48,400,000","45,600,000","47,500,000","45,000,000","46,300,000","44,500,000","43,900,000","45,700,000","44,600,000","42,300,000","42,100,000","42,400,000","41,200,000","35,500,000","43,400,000","39,900,000","38,700,000","34,300,000","37,000,000","33,900,000","29,300,000","26,500,000","27,800,000","28,400,000","27,000,000","25,200,000","28,900,000","26,700,000","25,500,000","25,400,000","27,000,000","27,200,000","24,400,000","22,700,000","22,300,000","21,500,000","22,800,000","20,000,000",,,,,,,,,,,,,,,
		GeneralAndAdministrativeExpense,,,"50,300,000","51,900,000","59,400,000","59,300,000","56,100,000","50,800,000","44,700,000","55,200,000","63,500,000","67,400,000","63,500,000","64,200,000","57,200,000","63,400,000","59,300,000","63,600,000","60,800,000","62,200,000","59,200,000","60,600,000","51,100,000","48,700,000","44,600,000","41,600,000","43,300,000","76,800,000","42,800,000","48,700,000","45,200,000","47,800,000","42,800,000","48,800,000","44,500,000","46,000,000","42,400,000","39,500,000","42,300,000",,,,,,,,,,,,,,,,,,,,,,,,,,,,,,,,,,,,,,,,,,,,,,,,,,,,,,,,,,,,,,,,,,,,,,,,,,,,,,,,,,,,,,,,,,,,,,,,,,,,,,,,,,,,,
			SalariesAndWages,,,,,"200,000","1,000,000","800,000","700,000","800,000","900,000","700,000","700,000","700,000","900,000","600,000","700,000","700,000","1,100,000","600,000","800,000","800,000",,,,,,,,,,,,,,,,,,,,,,,,,,,,,,,,,,,,,,,,,,,,,,,,,,,,,,,,,,,,,,,,,,,,,,,,,,,,,,,,,,,,,,,,,,,,,,,,,,,,,,,,,,,,,,,,,,,,,,,,,,,,,,,
			OtherGandA,,,"50,300,000","51,900,000","59,400,000","59,300,000","56,100,000","50,800,000","44,700,000","55,200,000","63,500,000","67,400,000","63,500,000","64,200,000","57,200,000","63,400,000","59,300,000","63,600,000","60,800,000","62,200,000","59,200,000","60,600,000","51,100,000","48,700,000","44,600,000","41,600,000","43,300,000","76,800,000","42,800,000","48,700,000","45,200,000","47,800,000","42,800,000","48,800,000","44,500,000","46,000,000","42,400,000","39,500,000","42,300,000",,,,,,,,,,,,,,,,,,,,,,,,,,,,,,,,,,,,,,,,,,,,,,,,,,,,,,,,,,,,,,,,,,,,,,,,,,,,,,,,,,,,,,,,,,,,,,,,,,,,,,,,,,,,,
	DepreciationAmortizationDepletionIncomeStatement,,,,,,,,,,,,,,,,,,,,,,,,,,,,,,,,,,,,,,,,,,,,,,,,,,,,,,,,,,,,,,,,,,,,,,,,,,,,,,,,,,,,,,,,,,,,,,,,,,,,,,,,,,,,,,,,,,,,,,,,,"4,800,000",,,,,,,,,,,,,,,,,,,,,,,,,,,
		DepreciationAndAmortizationInIncomeStatement,,,,,,,,,,,,,,,,,,,,,,,,,,,,,,,,,,,,,,,,,,,,,,,,,,,,,,,,,,,,,,,,,,,,,,,,,,,,,,,,,,,,,,,,,,,,,,,,,,,,,,,,,,,,,,,,,,,,,,,,,"4,800,000",,,,,,,,,,,,,,,,,,,,,,,,,,,
	OtherOperatingExpenses,,,,,,,,,,,,,,,,,,,,,,,,,,,,,,,,,,,,,,,,,,,,,,,,,,,,,,,"27,342,000","3,031,000","134,000","15,965,000","31,455,000",,,,,,,,,,,,,,,,,,,,,,,,,,,,,,,,,,,,,,,,,,,,,,,,,,,,,,,,,,,,,,,,,,,,,,,,,,,,,,,,,,,,,,,,,
OperatingIncome,"94,200,000","41,700,000","24,300,000","14,400,000","13,800,000","24,500,000","26,600,000","30,000,000","1,400,000","19,700,000","10,000,000","8,300,000","19,900,000","27,400,000","34,500,000","24,500,000","35,000,000","32,900,000","24,600,000","23,900,000","29,300,000","24,300,000","7,600,000","-1,000,000","17,400,000","20,600,000","15,300,000","-31,100,000","14,200,000","14,000,000","14,200,000","8,900,000","24,900,000","13,500,000","12,300,000","11,200,000","19,500,000","16,600,000","5,900,000","11,278,000","8,361,000","19,367,000","16,220,000","11,944,000","19,993,000","5,682,000","11,124,000","12,355,000","14,207,000","3,003,000","7,044,000","5,342,000","-2,682,000","-16,276,000","-5,119,000","-9,693,000","15,344,000","-21,234,000","-15,023,000","7,166,000","16,008,000","-3,282,000","18,762,000","7,501,000","21,034,000","13,948,000","22,714,000","23,135,000","29,819,000","18,408,000","25,258,000","19,680,000","22,675,000","17,249,000","14,278,000","3,266,000","15,154,000","11,835,000","14,731,000","9,397,000","15,574,000","2,407,000","12,977,000","9,910,000","17,442,000","7,090,000","11,955,000","13,357,000","29,299,000","22,638,000","21,300,000","24,900,000","30,200,000","26,800,000","26,200,000","27,600,000","32,900,000","27,300,000","30,600,000","29,000,000","30,500,000","25,400,000","25,600,000","24,700,000","25,300,000","20,700,000","21,400,000","26,700,000","25,400,000","30,800,000","29,700,000","27,300,000","24,200,000","21,500,000","18,600,000","19,400,000","17,000,000","15,500,000","13,600,000","14,500,000","13,800,000","12,500,000","10,500,000","12,200,000","9,000,000","4,600,000","6,200,000","11,800,000","11,000,000","11,200,000","11,900,000","8,300,000","10,100,000","-269,800,000","106,200,000","106,800,000","100,500,000","-248,500,000","98,600,000","100,000,000","93,600,000","-218,500,000","89,700,000","86,700,000","80,900,000","-191,100,000","80,400,000","78,100,000"
NetNonOperatingInterestIncomeExpense,"-15,200,000","-3,700,000","-3,600,000","-3,700,000","-4,200,000","-4,100,000","-4,500,000","-5,200,000","-5,100,000","-5,300,000","-5,500,000","-5,700,000","-5,800,000","-5,800,000","-6,200,000","-6,400,000","-6,000,000","-6,000,000","-6,200,000","-6,500,000","-6,500,000","-6,600,000","-4,400,000","-2,900,000","-2,900,000","-2,800,000","-2,600,000","-2,600,000","-2,700,000","-2,700,000","-2,700,000","-2,800,000","-3,000,000","-2,800,000","-3,100,000","-3,100,000","-2,900,000","-3,000,000","-2,700,000","-3,250,000","-2,834,000","-3,134,000","-2,700,000","-3,091,000","-2,810,000","-3,291,000","-2,407,000","-23,529,000","-4,108,000","-3,330,000","-3,793,000","-9,643,000","-5,459,000","-3,323,000","-4,216,000",,,,,,,,,,,,,,,,,,,,,,,,,,,,,,,,,,,,,,,,,,,,,,,,,,,,,,,,,,,,,,,,,,,,,,,,,,,,,,,,,,,,,,,,,,,,,
	InterestIncomeNonOperating,"400,000","100,000","200,000","100,000","0","100,000","100,000","0","300,000","100,000","100,000","100,000","100,000","100,000","0","100,000","200,000","100,000","100,000","100,000","100,000","100,000","100,000","100,000","100,000","100,000","100,000","100,000","100,000","100,000","100,000","200,000","100,000","200,000","100,000","100,000","100,000","400,000","100,000","120,000","205,000","169,000","193,000","206,000","180,000","193,000","195,000",,,,,,,,,,,,,,,,,,,,,,,,,,,,,,,,,,,,,,,,,,,,,,,,,,,,,,,,,,,,,,,,,,,,,,,,,,,,,,,,,,,,,,,,,,,,,,,,,,,,,
	InterestExpenseNonOperating,"15,600,000","3,800,000","3,800,000","3,800,000","4,200,000","4,200,000","4,600,000","5,200,000","5,400,000","5,400,000","5,600,000","5,800,000","5,900,000","5,900,000","6,200,000","6,500,000","6,200,000","6,100,000","6,300,000","6,600,000","6,600,000","6,700,000","4,500,000","3,000,000","3,000,000","2,900,000","2,700,000","2,700,000","2,800,000","2,800,000","2,800,000","3,000,000","3,100,000","3,000,000","3,200,000","3,200,000","3,000,000","3,400,000","2,800,000","3,370,000","3,039,000","3,303,000","2,893,000","3,297,000","2,990,000","3,484,000","2,602,000","23,529,000","4,108,000","3,993,000","3,793,000","9,643,000","5,459,000","3,323,000","4,216,000",,,,,,,,,,,,,,,,,,,,,,,,,,,,,,,,,,,,,,,,,,,,,,,,,,,,,,,,,,,,,,,,,,,,,,,,,,,,,,,,,,,,,,,,,,,,,
OtherIncomeExpense,"22,500,000","-21,700,000","53,800,000","-4,700,000","-4,900,000","-40,100,000","-135,900,000","-2,000,000","-4,900,000","-16,700,000","-1,800,000","-3,700,000","-3,000,000","-11,000,000","-1,400,000","-2,300,000","-1,500,000","-6,800,000","-11,100,000","-1,600,000","-2,700,000","-5,000,000","-2,000,000","-1,100,000","-2,600,000","-12,200,000","-2,100,000","-1,200,000","-2,700,000","-8,400,000","600,000","-700,000","-1,100,000","-7,000,000","-11,800,000","-700,000","-1,100,000","-10,700,000","-10,100,000","-18,046,000","-4,529,000","253,000","-1,860,000","-6,233,000","-38,000","480,000","-1,262,000","4,424,000","-3,679,000","-3,861,000","-888,000","286,000","3,515,000","-17,468,000","-54,309,000","-7,525,000","1,578,000","-18,827,000","-29,300,000","-124,000","4,127,000","1,127,000","2,813,000","-183,000","659,000","2,262,000","1,938,000","-20,000","2,712,000","4,261,000","6,542,000","4,369,000","2,048,000","6,126,000","5,201,000","4,404,000","3,462,000","4,474,000","1,974,000","1,656,000","2,053,000","7,464,000","-7,490,000","3,656,000","1,537,000","2,138,000","1,012,000","18,913,000","2,600,000","360,000","800,000","900,000","2,700,000","2,900,000","3,600,000","3,100,000","900,000","1,400,000","300,000","400,000","500,000","100,000","100,000","400,000","1,200,000","4,700,000","4,500,000","1,300,000","1,300,000","900,000","100,000","1,100,000","1,100,000","1,500,000","700,000","600,000","1,300,000","-1,200,000","900,000","800,000","800,000","1,100,000","1,000,000","1,300,000","3,100,000","1,300,000","19,200,000","800,000","700,000","1,500,000","300,000","900,000","800,000",,,,,,,,,,,,,,,
	GainOnSaleOfSecurity,"-1,400,000","-300,000","-1,000,000","-500,000","400,000","-300,000","200,000","200,000","500,000","-1,700,000","700,000","-800,000","-600,000","-1,200,000","-200,000","-100,000","-800,000","-200,000","100,000","-300,000","-200,000","-900,000","-400,000","-200,000","-400,000","-300,000","-600,000","-100,000","-300,000","400,000","-900,000","100,000","-500,000","-300,000","-600,000","-300,000","-800,000","-500,000","-300,000","25,000","-252,000","190,000","-2,116,000","-6,216,000","350,000",,,,,,,,,,,,,,,,,,,,,,,,,,,,,,,,,,,,,,,,,,,,,,,,,,,,,,,,,,,,,,,,,,,,,,,,,,,,,,,,,,,,,,,,,,,,,,,,,,,,,,,
	EarningsFromEquityInterest,"0",,,,,"0","0","0","0","0","0","100,000","100,000","0","300,000","200,000","200,000","200,000","100,000","-100,000","0","0","0",,"100,000","-100,000","100,000","-100,000","200,000","0","200,000","200,000","200,000","200,000","100,000","200,000","200,000","200,000","0","-40,000","173,000","79,000","206,000","-13,000","-402,000","152,000","92,000",,,,,,,,,"624,000","889,000","235,000","1,294,000","583,000","687,000","1,858,000","302,000","380,000",,"245,000","1,420,000",,,,,,,,,,,,"216,000",,,,,,,,,,,,,,,,,,,,,,,,,,,,,,,,,,,,,,,,,,,,,,,,,,,,,,,,,,,,,,,,,,,,,
	SpecialIncomeCharges,"25,000,000","-21,100,000","55,100,000","-3,900,000","-5,100,000","-38,800,000","-135,300,000","-1,500,000","-4,600,000","-14,100,000","-1,800,000","-2,300,000","-1,800,000","-8,900,000","-900,000","-1,700,000","-200,000","-5,700,000","-10,700,000","-400,000","-1,700,000","-4,100,000","-1,600,000","-900,000","-2,300,000","-11,800,000","-1,600,000","-1,000,000","-2,600,000","-8,800,000","1,300,000","-1,000,000","-800,000","-6,800,000","-11,400,000","-600,000","-500,000","-10,500,000","-9,700,000","-18,031,000","-4,450,000","-16,000","50,000","-4,000","14,000","328,000","-1,354,000","4,424,000","-3,679,000","-7,159,000","-888,000","286,000","3,515,000","-17,468,000","-54,309,000","-8,149,000","689,000","-19,062,000","-30,594,000","-707,000","3,440,000","-731,000","2,511,000","-563,000","659,000","2,017,000","518,000","-20,000","2,712,000","4,261,000","6,542,000","4,369,000","2,048,000","6,126,000","5,201,000","4,404,000","3,462,000","5,925,000","1,758,000","1,656,000","2,053,000","7,464,000","-7,490,000","3,656,000","1,537,000","2,138,000","1,012,000","18,913,000","2,600,000","360,000","800,000","900,000","2,700,000","2,900,000","3,600,000","3,100,000","900,000","1,400,000","300,000","400,000","500,000","100,000","100,000","400,000","1,200,000","4,700,000","4,500,000","1,300,000","1,300,000","900,000","100,000","1,100,000","1,100,000","1,500,000","700,000","600,000","1,300,000","-1,200,000","900,000","800,000","800,000","1,100,000","1,000,000","1,300,000","3,100,000","1,300,000","19,200,000","800,000","700,000","1,500,000","300,000","900,000","800,000",,,,,,,,,,,,,,,
		RestructuringAndMergernAcquisition,"24,100,000","21,100,000","2,100,000","600,000","300,000","6,400,000","900,000","1,500,000","4,600,000","5,500,000","2,600,000","2,300,000","1,800,000","8,900,000","500,000","0","200,000","4,500,000","9,400,000","400,000","1,700,000","4,900,000","1,600,000","2,100,000","2,300,000","11,400,000","1,600,000","1,000,000","2,600,000","1,000,000","1,900,000","1,000,000","800,000","5,600,000","9,400,000","600,000","500,000","9,700,000","1,400,000","1,317,000","4,490,000",,,,,"-288,000","-28,000","-40,000","81,000","228,000","1,056,000","-3,159,000","1,196,000","2,274,000","25,311,000","2,871,000","-52,000","3,887,000","-3,000","-79,000","-240,000","1,221,000","846,000","1,375,000","850,000",,,,,"0","109,000","-600,000","1,522,000","-51,000","-21,000","-47,000",,"127,000","-291,000","-1,082,000","-309,000","-967,000","8,507,000",,,,,,,,,,,,,,,,,,,,,,,,,,,,,,,,,,,,,,,,,,,,,,,,,,,,,,,,,,,,,,,,,
		ImpairmentOfCapitalAssets,,,,,"-1,800,000","32,400,000","134,400,000",,,"8,600,000","0",,,"0","400,000",,,"1,200,000","1,300,000",,,"0",,,,"9,900,000",,,,"7,800,000","0",,,"1,200,000","2,000,000","0",,"800,000","8,300,000","16,748,000",,,,,,"1,048,000","1,274,000","1,226,000","0","1,432,000","273,000","3,849,000","994,000","13,228,000","27,342,000",,,,,,,,,,,,,,,,,,,,,,,,,,,,,,,,,,,,,,,,,,,,,,,,,,,,,,,,,,,,,,,,,,,,,,,,,,,,,,,,,,,,,,,,,,,,,
		WriteOff,"-55,700,000","0","-57,200,000","3,300,000","-1,800,000","32,400,000","134,400,000",,,"8,600,000","0",,,"0","400,000",,,"1,200,000","1,300,000",,,"0",,,,"9,900,000",,,,"7,800,000","0",,,"1,200,000","2,000,000","0",,"800,000","8,300,000",,,,,,,,,,,,,,,,,,,,,,,,,,,,,,,,,,,,,,,,,,,,,,,,,,,,,,,,,,,,,,,,,,,,,,,,,,,,,,,,,,,,,,,,,,,,,,,,,,,,,,,,,,,,,
		OtherSpecialCharges,,,,,,,,,,,,,,,,,,,,,,,,,,,,,,,,,,,,,,,,"-34,000","-40,000",,,,,"-1,088,000","108,000","-5,610,000","3,598,000","5,499,000","-441,000","-976,000","-5,705,000","1,966,000","1,656,000","5,278,000","-637,000","15,175,000","30,597,000","786,000","-3,200,000","-490,000","-3,357,000","-812,000","-1,509,000",,,,,"-4,261,000","-6,651,000","-3,769,000","-3,570,000","-6,075,000","-5,180,000","-4,357,000",,"-6,052,000","-1,467,000","-574,000","-1,744,000","-6,497,000","-1,017,000",,,,,,,,,,,,,,,,,,,,,,,,,,,,,,,,,,,,,,,,,,,,,,,,,,,,,,,,,,,,,,,,,
		GainOnSaleOfPPE,"-6,600,000","0","0","0","-6,600,000","0","0",,,"0","800,000","0",,"0","0","-1,700,000",,"0","0","0",,"800,000","0","1,200,000",,"0","0",,,"0","3,200,000",,,,,,,,,,,,,,,,,,,,,,,,,,,,,,,,,,,,,,,,,,,,,,,,,,,,,,,,,,,,,,,,,,,,,,,,,,,,,,,,,,,,,,,,,,,,,,,,,,,,,,,,,,,,,,,,,,,,,
	OtherNonOperatingIncomeExpenses,"-1,100,000","-300,000","-300,000","-300,000","-200,000","-1,000,000","-800,000","-700,000","-800,000","-900,000","-700,000","-700,000","-700,000","-900,000","-600,000","-700,000","-700,000","-1,100,000","-600,000","-800,000","-800,000","-800,000",,"-100,000","-200,000","9,200,000","-400,000","-100,000",,"500,000",,,,,"100,000",,"-500,000","200,000","-100,000",,,,,,,,,,,,,,,,,,,,,,,,,,,,,,,,,,,,,,,,,,,,,,,,,,,,,,,,,,,,,,,,,,,,,,,,,,,,,,,,,,,,,,,,,,,,,,,,,,,,,,,,,,,,,
PretaxIncome,"101,500,000","16,300,000","74,500,000","6,000,000","4,700,000","-19,700,000","-113,800,000","22,800,000","-8,600,000","-2,300,000","2,700,000","-1,100,000","11,100,000","10,600,000","26,900,000","15,800,000","27,500,000","20,100,000","7,300,000","15,800,000","20,100,000","12,700,000","1,200,000","-5,000,000","11,900,000","5,600,000","10,600,000","-34,900,000","8,800,000","2,900,000","12,100,000","5,400,000","20,800,000","3,700,000","-2,600,000","7,400,000","15,500,000","2,900,000","-6,900,000","-10,018,000","998,000","16,486,000","11,660,000","2,620,000","17,145,000","2,871,000","7,455,000","-6,750,000","6,420,000","-4,188,000","2,363,000","-4,015,000","-4,626,000","-37,067,000","-63,644,000","-16,684,000","14,442,000","-27,465,000","-15,676,000","4,427,000","17,588,000","-4,664,000","19,177,000","5,091,000","19,683,000","14,712,000","23,077,000","21,905,000","30,980,000","20,728,000","30,159,000","22,543,000","23,446,000","21,955,000","18,163,000","6,411,000","17,182,000","13,772,000","15,720,000","9,573,000","15,962,000","8,107,000","3,665,000","11,424,000","16,914,000","7,117,000","11,209,000","30,244,000","29,754,000","20,531,000","19,600,000","23,900,000","31,300,000","27,700,000","27,900,000","29,700,000","32,700,000","27,700,000","30,000,000","28,400,000","29,800,000","24,600,000","24,500,000","23,700,000","25,200,000","23,700,000","24,300,000","26,100,000","25,100,000","30,300,000","28,200,000","26,700,000","23,500,000","20,800,000","17,900,000","18,700,000","15,600,000","14,400,000","12,700,000","13,600,000","13,500,000","11,900,000","9,800,000","11,500,000","10,100,000","3,300,000","23,400,000","11,200,000","10,400,000","11,300,000","10,700,000","7,900,000","9,800,000",,,,,,,,,,,,,,,
TaxProvision,"15,200,000","7,800,000","100,000","5,400,000","1,900,000","-5,100,000","81,600,000","13,900,000","-200,000","4,100,000","1,700,000","3,700,000","2,900,000","4,200,000","8,600,000","-22,900,000","5,000,000","2,100,000","35,200,000","-500,000","2,700,000","4,600,000","-700,000","-1,000,000","3,000,000","-2,200,000","2,400,000","-12,400,000","3,300,000","5,900,000","3,000,000","3,400,000","6,700,000","-116,000,000","800,000","2,400,000","4,900,000","4,500,000","1,500,000","1,830,000","2,053,000","289,000","3,618,000","1,995,000","4,029,000","-6,690,000","1,431,000","5,012,000","3,301,000","7,707,000","238,000","871,000","1,016,000","2,751,000","-7,166,000","-2,620,000","7,679,000","12,873,000","31,824,000","-5,503,000","5,192,000","-1,914,000","2,831,000","-7,278,000","3,386,000","2,055,000","10,002,000","7,583,000","10,229,000","5,873,000","11,213,000","8,491,000","9,637,000","9,427,000","5,845,000","2,106,000","5,896,000","5,681,000","6,108,000","3,303,000","5,577,000","3,061,000","2,413,000","4,595,000","6,696,000","2,601,000","5,100,000","11,226,000","11,792,000","5,928,000","3,400,000","8,800,000","11,800,000","10,300,000","10,600,000","10,600,000","12,600,000","9,500,000","12,200,000","10,200,000","11,600,000","8,200,000","9,100,000","8,000,000","8,800,000","9,900,000","9,400,000","9,400,000","9,100,000","10,900,000","10,800,000","9,900,000","8,700,000","9,800,000","7,300,000","7,100,000","5,700,000","5,600,000","5,000,000","4,900,000","5,000,000","4,300,000","3,300,000","4,100,000","3,600,000","1,300,000","8,800,000","4,000,000","3,700,000","4,300,000","4,000,000","2,700,000","3,500,000",,,,,,,,,,,,,,,
NetIncomeCommonStockholders,"85,200,000","8,400,000","74,100,000","400,000","2,300,000","-15,000,000","-195,700,000","8,600,000","-8,600,000","-6,700,000","1,200,000","-4,700,000","8,000,000","6,200,000","17,900,000","38,400,000","21,900,000","17,400,000","-28,300,000","15,800,000","16,800,000","8,000,000","1,700,000","-4,100,000","8,500,000","7,600,000","8,000,000","-22,500,000","5,000,000","-3,200,000","9,600,000","1,700,000","13,500,000","119,500,000","-3,600,000","4,600,000","10,000,000","-2,100,000","-8,700,000","-12,220,000","-1,179,000","16,080,000","8,296,000","960,000","13,125,000","9,556,000","5,990,000","-14,732,000","3,081,000","-12,098,000","3,779,000","-6,457,000","-14,503,000","-47,116,000","-56,057,000","-13,226,000","7,787,000","-40,958,000","-47,350,000","10,062,000","12,650,000","-2,750,000","16,346,000","12,369,000","16,367,000","12,714,000","13,518,000","-39,342,000","20,751,000","14,855,000","18,946,000","14,052,000","13,809,000","12,528,000","12,318,000","4,305,000","11,286,000","8,091,000","9,612,000","6,270,000","10,385,000","5,046,000","1,252,000","6,829,000","10,218,000","4,516,000","6,109,000","19,018,000","17,962,000","14,603,000","16,200,000","15,100,000","19,500,000","17,400,000","17,300,000","19,100,000","20,100,000","18,200,000","17,800,000","18,200,000","18,200,000","16,400,000","15,400,000","15,700,000","16,400,000","13,800,000","14,900,000","16,700,000","16,000,000","19,400,000","17,400,000","16,800,000","14,800,000","11,000,000","10,600,000","11,600,000","10,800,000","-4,900,000","7,700,000","8,700,000","8,500,000","7,600,000","6,500,000","7,400,000","6,500,000","2,000,000","14,600,000","7,200,000","6,700,000","7,000,000","6,700,000","5,200,000","6,300,000",,,,,,,,,,,,,,,
	NetIncome,"85,200,000","8,400,000","74,100,000","400,000","2,300,000","-15,000,000","-195,700,000","8,600,000","-8,600,000","-6,700,000","1,200,000","-4,700,000","8,000,000","6,300,000","18,000,000","38,500,000","22,000,000","17,600,000","-28,300,000","15,900,000","17,000,000","8,000,000","1,700,000","-4,100,000","8,600,000","7,600,000","8,200,000","-22,500,000","5,100,000","-3,200,000","9,600,000","1,700,000","13,700,000","119,400,000","-3,600,000","4,600,000","10,000,000","-2,100,000","-8,700,000","-12,220,000","-1,179,000","16,080,000","8,296,000","960,000","13,125,000","9,556,000","5,990,000","-14,732,000","3,081,000","-12,098,000","3,779,000","-6,457,000","-14,503,000","-47,116,000","-56,057,000","-13,226,000","7,787,000","-40,958,000","-47,350,000","10,062,000","12,650,000","-2,750,000","16,346,000","12,369,000","16,367,000","12,714,000","13,518,000","-39,342,000","20,751,000","14,855,000","18,946,000","14,052,000","13,809,000","12,528,000","12,318,000","4,305,000","11,286,000","8,091,000","9,612,000","6,270,000","10,385,000","5,046,000","1,252,000","6,829,000","10,218,000","4,516,000","6,109,000","19,018,000","17,962,000","14,603,000","16,200,000","15,100,000","19,500,000","17,400,000","17,300,000","19,100,000","20,100,000","18,200,000","17,800,000","18,200,000","18,200,000","16,400,000","15,400,000","15,700,000","16,400,000","13,800,000","14,900,000","16,700,000","16,000,000","19,400,000","17,400,000","16,800,000","14,800,000","11,000,000","10,600,000","11,600,000","10,800,000","-4,900,000","7,700,000","8,700,000","8,500,000","7,600,000","6,500,000","7,400,000","6,500,000","2,000,000","14,600,000","7,200,000","6,700,000","7,000,000","6,700,000","5,200,000","6,300,000",,,,,,,,,,,,,,,
		NetIncomeIncludingNoncontrollingInterests,"86,300,000","8,500,000","74,400,000","600,000","2,800,000","-14,600,000","-195,400,000","8,900,000","-8,400,000","-6,400,000","1,000,000","-4,800,000","8,200,000","6,400,000","18,300,000","38,700,000","22,500,000","18,000,000","-27,900,000","16,300,000","17,400,000","8,100,000","1,900,000","-4,000,000","8,900,000","7,800,000","8,200,000","-22,500,000","5,500,000","-3,000,000","9,700,000","2,000,000","14,100,000","119,700,000","-3,400,000","5,000,000","10,600,000","-1,600,000","-8,400,000","-11,953,000","-878,000","16,284,000","8,406,000","998,000","13,116,000","9,556,000","5,990,000","-14,732,000","3,081,000","-12,098,000","3,779,000","-6,457,000","-14,503,000","-47,116,000","-56,057,000","-13,226,000","7,787,000","-40,958,000","-47,350,000","10,062,000","12,650,000","-2,750,000","16,346,000","12,369,000","16,367,000","12,714,000","13,518,000","-39,342,000","20,751,000","14,855,000","18,946,000","14,052,000","13,809,000","12,528,000","12,318,000","4,305,000","11,286,000","8,091,000","9,612,000","6,270,000","10,385,000","5,046,000","1,252,000","6,829,000","10,218,000","4,516,000","6,109,000","19,018,000","17,962,000","14,603,000","16,200,000","15,100,000","19,500,000","17,400,000","17,300,000","19,100,000","20,100,000","18,200,000","17,800,000","18,200,000","18,200,000","16,400,000","15,400,000","15,700,000","16,400,000","13,800,000","14,900,000","16,700,000","16,000,000","19,400,000","17,400,000","16,800,000","14,800,000","11,000,000","10,600,000","11,600,000","10,800,000","-4,900,000","7,700,000","8,700,000","8,100,000","7,600,000","6,500,000","7,400,000","6,500,000","2,000,000","14,600,000","7,200,000","6,700,000","7,000,000","6,700,000","5,200,000","6,300,000","6,300,000","5,400,000","7,500,000","7,100,000","5,100,000","6,000,000","7,000,000","6,900,000","3,400,000","4,900,000","5,900,000","5,500,000","6,100,000","4,000,000","4,900,000"
			NetIncomeContinuousOperations,"86,300,000","8,500,000","74,400,000","600,000","2,800,000","-14,600,000","-195,400,000","8,900,000","-8,400,000","-6,400,000","1,000,000","-4,800,000","8,200,000","6,400,000","18,300,000","38,700,000","22,500,000","18,000,000","-27,900,000","16,300,000","17,400,000","8,100,000","1,900,000","-4,000,000","8,900,000","7,800,000","8,200,000","-22,500,000","5,500,000","-3,000,000","9,100,000","2,000,000","14,100,000","119,700,000","-3,400,000","5,000,000","10,600,000","-1,600,000","-8,400,000","-11,848,000","-1,055,000","16,197,000","8,042,000","625,000","13,116,000","9,561,000","6,024,000","-11,762,000","3,119,000","-11,895,000","2,125,000","-4,886,000","-5,642,000","-39,818,000","-56,478,000","-14,064,000","6,763,000","-40,338,000","-47,499,000","9,930,000","12,396,000","-2,750,000","16,346,000","12,369,000","16,297,000","12,657,000","13,075,000","14,322,000","20,751,000","14,855,000","18,946,000","14,052,000","13,809,000","12,528,000","12,318,000","4,305,000","11,286,000","8,091,000","9,612,000","6,270,000","10,385,000","5,046,000","1,252,000","6,829,000","10,218,000","4,516,000","6,109,000","19,018,000","17,962,000","14,603,000","16,200,000","15,100,000","19,500,000","17,400,000","17,300,000","19,100,000","20,100,000","18,200,000","17,800,000","18,200,000","18,200,000","16,400,000","15,400,000","15,700,000","16,400,000","13,800,000","14,900,000","16,700,000","16,000,000","19,400,000","17,400,000","16,800,000","14,800,000","11,000,000","10,600,000","11,600,000","9,900,000","8,800,000","7,700,000","8,700,000","8,500,000","7,600,000","6,500,000","7,400,000","6,500,000","2,000,000","14,600,000","7,200,000","6,700,000","7,000,000","6,700,000","5,200,000","6,300,000","6,300,000","5,400,000","7,500,000","7,100,000","5,100,000","6,000,000","7,000,000","6,900,000","3,400,000","4,900,000","5,900,000","5,500,000","6,100,000","4,000,000","4,900,000"
			NetIncomeDiscontinuousOperations,,,,,,,,,,,,,,,,,,,,,,,,,,"0","0",,,"0","600,000",,,,,"0","0","0","0","-105,000","177,000","87,000","364,000","373,000","0","-5,000","-34,000","-2,970,000","-38,000","-203,000","1,654,000","-1,571,000","-8,861,000","-7,298,000","421,000","838,000","1,024,000","-620,000","149,000","132,000","254,000",,,,,"57,000","443,000","-53,664,000",,,,,,,,,,,,,,,,,,,,,,,,,,,,,,,,,,,,,,,,,,,,,,,,,,,,,,,,,,,,,,,,,,,,,,,,,,,,,,,,
			NetIncomeExtraordinary,,,,,,,,,,,,,,,,,,,,,,,,,,,,,,,,,,,,,,,,,,,,,,,,,,,,,,,,,,,,,,"0",,,"70,000",,,,,,,,,,,,,"0",,,,,,,,,,,,,,,,,,,,,,,,,,,,,,,,,,,,"0",,,"900,000",,,,,,,,,,,,,,,,,,,,,,,,,,,,,,,
		MinorityInterests,"-1,100,000","-100,000","-300,000","-200,000","-500,000","-400,000","-300,000","-300,000","-200,000","-300,000","200,000","100,000","-200,000","-100,000","-300,000","-200,000","-500,000","-400,000","-400,000","-400,000","-400,000","-100,000","-200,000","-100,000","-300,000","-200,000","0","0","-400,000","-200,000","-100,000","-300,000","-400,000","-300,000","-200,000","-400,000","-600,000","-500,000","-300,000","-267,000","-301,000","-204,000","-110,000","-38,000","9,000",,,,,,,,,,,,,,,,,,,,,,,,,,,,,,,,,,,,,,,,,,,,,,,,,,,,,,,,,,,,,,,,,,,,,,,,,,,,"400,000",,,,,,,,,,,,,,,,,,,,,,,,,,,
	OtherunderPreferredStockDividend,,,,,,,,,,"0","0",,"0","100,000","100,000","100,000","100,000","200,000","0","100,000","200,000","0","0",,"100,000","0","200,000",,"100,000",,,,"200,000",,,"0",,,,,,,,,,,,,,,,,,,,,,,,,,,,,,,,,,,,,,,,,,,,,,,,,,,,,,,,,,,,,,,,,,,,,,,,,,,,,,,,,,,,,,,,,,,,,,,,,,,,,,,,,,,,,,,,
AverageDilutionEarnings,,,,,,,,,,,,"0",,,,,,,,,,,,,,,,,,,,,,,,,,,,,,,,,,,,,,,,,,,,,,,,,,,,,,,,,,,,,,,,,,,,,,,,,,,,,,,,,,,,,,,,,,,,,,,,,,,,,,,,,,,,,,,,,,,,,,,,,,,,,,,,,,,,,,,,
DilutedNIAvailtoComStockholders,"85,200,000","8,400,000","74,100,000","400,000","2,300,000","-15,000,000","-195,700,000","8,600,000","-8,600,000","-6,700,000","1,200,000","-4,700,000","8,000,000","6,400,000","17,900,000","38,400,000","21,900,000","17,400,000","-28,300,000","15,800,000","16,800,000","8,000,000","1,700,000","-4,100,000","8,500,000","7,600,000","8,000,000","-22,500,000","5,000,000","-3,200,000","9,600,000","1,700,000","13,500,000","119,500,000","-3,600,000","4,600,000","10,000,000","-2,100,000","-8,700,000","-12,220,000","-1,179,000","16,080,000","8,296,000","960,000","13,125,000","9,556,000","5,990,000","-14,732,000","3,081,000","-12,098,000","3,779,000","-6,457,000","-14,503,000","-47,116,000","-56,057,000","-13,226,000","7,787,000","-40,958,000","-47,350,000","10,062,000","12,650,000","-2,750,000","16,346,000","12,369,000","16,367,000","12,714,000","13,518,000","-39,342,000","20,751,000","14,855,000","18,946,000","14,052,000","13,809,000","12,528,000","12,318,000","4,305,000","11,286,000","8,091,000","9,612,000","6,270,000","10,385,000","5,046,000","1,252,000","6,829,000","10,218,000","4,516,000","6,109,000","19,018,000","17,962,000","14,603,000","16,200,000","15,100,000","19,500,000","17,400,000","17,300,000","19,100,000","20,100,000","18,200,000","17,800,000","18,200,000","18,200,000","16,400,000","15,400,000","15,700,000","16,400,000","13,800,000","14,900,000","16,700,000","16,000,000","19,400,000","17,400,000","16,800,000","14,800,000","11,000,000","10,600,000","11,600,000","10,800,000","-4,900,000","7,700,000","8,700,000","8,500,000","7,600,000","6,500,000","7,400,000","6,500,000","2,000,000","14,600,000","7,200,000","6,700,000","7,000,000","6,700,000","5,200,000","6,300,000",,,,,,,,,,,,,,,
BasicEPS,,"0.162","1.41","0.008","0.04","-0.291","-3.81","0.17","-0.169","-0.132","0.02","-0.09","0.157","0.124","0.356","0.76","0.434","0.349","-0.57","0.316","0.34","0.16","0.04","-0.086","0.18","0.16","0.171","-0.467","0.11","-0.067","0.2","0.04","0.29","2.508","-0.076","0.1","0.21","-0.04","-0.19","-0.26","-0.03",,"0.18","0.03","0.28",,"0.12","-0.32","0.07",,"0.08","-0.19","-0.45",,"-1.75","-0.41","0.24",,"-1.48","0.31","0.39",,"0.51","0.38","0.51",,"0.4","-1.14","0.6",,"0.56","0.41","0.41",,"0.36","0.13","0.33",,"0.29","0.19","0.31",,"0.04","0.21","0.31",,"0.21","0.65","0.61",,"0.55","0.51","0.66",,"0.59","0.64","0.68",,"0.6","0.61","0.61",,"0.52","0.52","0.55",,"0.49","0.55","0.52",,"0.57","0.55","0.49",,"0.35","0.39","0.35",,"0.13","0.145","0.145",,"0.11","0.125","0.11",,"0.245","0.12","0.115",,"0.11","0.09","0.105",,"0.09","0.125","0.12",,"0.1","0.12","0.058",,"0.043","0.05","0.045",,"0.033","0.04"
DilutedEPS,,"0.16","1.41","0.008","0.04","-0.291","-3.81","0.17","-0.17","-0.132","0.02","-0.09","0.157","0.12","0.35","0.75","0.43","0.34","-0.57","0.31","0.34","0.16","0.04","-0.09","0.18","0.16","0.17","-0.47","0.11","-0.07","0.2","0.04","0.28","2.49","-0.08","0.1","0.21","-0.04","-0.19","-0.26","-0.03",,"0.18","0.03","0.28",,"0.12","-0.32","0.07",,"0.08","-0.19","-0.45",,"-1.75","-0.41","0.24",,"-1.48","0.31","0.39",,"0.51","0.38","0.51",,"0.4","-1.14","0.6",,"0.55","0.41","0.4",,"0.36","0.13","0.33",,"0.29","0.19","0.31",,"0.04","0.2","0.31",,"0.2","0.65","0.61",,"0.55","0.51","0.65",,"0.58","0.63","0.67",,"0.59","0.6","0.6",,"0.51","0.52","0.54",,"0.49","0.55","0.52",,"0.57","0.55","0.49",,"0.35","0.39","0.35",,"0.13","0.145","0.145",,"0.11","0.125","0.11",,"0.245","0.12","0.115",,"0.11","0.09","0.105",,"0.09","0.125","0.12",,"0.1","0.12","0.058",,"0.043","0.05","0.045",,"0.033","0.04"
BasicAverageShares,,"52,000,000","52,400,000","51,800,000","51,800,000","51,600,000","51,300,000","51,300,000","51,000,000","50,900,000","50,800,000","50,800,000","50,800,000","50,700,000","50,600,000","50,500,000","50,700,000","50,500,000","50,000,000","50,300,000","49,500,000","50,100,000","47,900,000","47,800,000","47,700,000","47,400,000","48,000,000","48,200,000","47,300,000","47,900,000","47,200,000","47,200,000","47,000,000","47,600,000","47,500,000","46,800,000","46,700,000","46,700,000","46,700,000","46,584,000","46,546,000",,"46,533,000","46,477,000","46,361,000",,"46,235,000","46,067,000","46,040,000",,"45,941,000","33,194,000","32,179,000",,"32,093,000","32,065,000","32,039,000",,"31,993,243","32,458,065","32,435,897",,"32,050,980","32,550,000","32,092,157",,"33,656,000","34,185,000","34,329,000",,"34,142,000","34,018,000","33,932,000",,"33,924,000","33,894,000","33,846,000",,"33,639,000","33,637,000","33,583,000",,"33,224,000","33,041,000","32,884,000",,"29,486,000","29,275,000","29,264,000",,"29,494,000","29,607,843","29,545,455",,"29,322,034","29,843,750","29,558,824",,"29,666,667","29,836,066","29,836,066",,"29,615,385","30,192,308","29,818,182",,"30,408,163","30,363,636","30,769,231",,"30,526,316","30,545,455","30,204,082",,"30,285,714","29,743,590","30,857,143",,"29,484,000","29,426,000","29,382,000",,"29,388,000","29,428,000","29,862,000",,"29,524,000","29,590,000","29,512,000",,"29,484,000","29,696,000","29,690,000",,"29,960,000","29,876,000","29,900,000",,"29,356,000","29,180,000","29,200,000",,"29,436,000","30,148,000","30,120,000",,"30,248,000","30,020,000"
DilutedAverageShares,,"52,400,000","52,400,000","52,600,000","52,500,000","51,600,000","51,300,000","51,300,000","51,000,000","50,900,000","51,100,000","50,800,000","51,100,000","51,400,000","51,200,000","51,400,000","51,200,000","51,700,000","50,000,000","50,700,000","50,100,000","50,100,000","48,500,000","47,800,000","47,700,000","47,400,000","48,000,000","48,200,000","47,800,000","47,900,000","47,700,000","47,700,000","47,700,000","47,700,000","47,500,000","47,600,000","47,300,000","46,700,000","46,700,000","46,584,000","46,546,000",,"46,828,000","46,858,000","46,980,000",,"46,892,000","46,067,000","46,487,000",,"46,243,000","33,194,000","32,179,000",,"32,093,000","32,065,000","32,121,000",,"31,993,243","32,458,065","32,435,897",,"32,050,980","32,550,000","32,092,157",,"34,140,000","34,779,000","34,631,000",,"34,550,000","34,415,000","34,264,000",,"34,137,000","33,992,000","33,904,000",,"33,695,000","33,714,000","33,842,000",,"33,382,000","33,394,000","33,198,000",,"29,809,000","29,484,000","29,384,000",,"29,657,000","29,607,843","30,000,000",,"29,827,586","30,317,460","30,000,000",,"30,169,492","30,333,333","30,333,333",,"30,196,078","30,192,308","30,370,370",,"30,408,163","30,363,636","30,769,231",,"30,526,316","30,545,455","30,204,082",,"30,285,714","29,743,590","30,857,143",,"29,484,000","29,426,000","29,382,000",,"29,388,000","29,428,000","29,862,000",,"29,524,000","29,590,000","29,512,000",,"29,484,000","29,696,000","29,690,000",,"29,960,000","29,876,000","29,900,000",,"29,356,000","29,180,000","29,200,000",,"29,436,000","30,148,000","30,120,000",,"30,248,000","30,020,000"
TotalOperatingIncomeAsReported,"119,200,000","20,600,000","79,400,000","10,500,000","8,700,000","-14,300,000","-108,700,000","28,500,000","-3,200,000","5,600,000","8,200,000","6,000,000","18,100,000","18,500,000","33,600,000","22,800,000","34,800,000","27,200,000","13,900,000","23,500,000","27,600,000","20,200,000","6,000,000","-1,900,000","15,100,000","-700,000","13,700,000","-32,100,000","11,600,000","5,200,000","15,500,000","7,900,000","24,100,000","6,700,000","900,000","10,600,000","19,000,000","6,100,000","-3,800,000","-6,787,000","3,871,000","19,367,000","16,220,000","11,944,000","19,993,000","4,922,000","9,878,000","11,169,000","14,126,000","1,343,000","5,715,000","4,652,000","-4,872,000","-31,778,000","-57,772,000","-12,564,000","15,396,000","-25,121,000","-15,020,000","7,245,000","16,248,000","-4,503,000","17,916,000","6,126,000","20,184,000","13,948,000","22,714,000","23,135,000","29,819,000","18,408,000","25,149,000","20,280,000","21,153,000","17,300,000","14,299,000","3,313,000","15,154,000","11,708,000","15,022,000","10,479,000","15,883,000","3,374,000","4,470,000","9,910,000","17,442,000","7,090,000","11,955,000","13,357,000","29,299,000","22,638,000","21,300,000","24,900,000","30,200,000","26,800,000","26,200,000","27,600,000","32,900,000","27,300,000","30,600,000","29,000,000","30,500,000","25,400,000","25,600,000","24,700,000","25,300,000","20,700,000","21,400,000","26,700,000","25,400,000","30,800,000","29,700,000","27,300,000","24,200,000","21,500,000","18,600,000","19,400,000","17,000,000","15,500,000","13,600,000","14,500,000","13,800,000","12,500,000","10,500,000","12,200,000","9,000,000","4,600,000","6,200,000","11,800,000","11,000,000","11,200,000","11,900,000","8,300,000","10,100,000",,,,,,,,,,,,,,,
TotalExpenses,"1,955,900,000","532,700,000","477,900,000","464,500,000","480,800,000","490,400,000","457,700,000","431,400,000","346,400,000","453,200,000","463,400,000","491,900,000","509,100,000","529,300,000","506,500,000","524,400,000","531,100,000","533,700,000","488,100,000","484,400,000","486,200,000","464,000,000","342,200,000","318,700,000","329,800,000","323,100,000","313,400,000","365,100,000","331,900,000","349,000,000","349,400,000","368,400,000","367,600,000","377,100,000","334,700,000","353,000,000","356,300,000","343,000,000","320,200,000","328,644,000","342,015,000","369,350,000","357,062,000","385,346,000","397,870,000","391,439,000","348,919,000","333,547,000","330,962,000","321,911,000","295,346,000","276,956,000","256,314,000","126,807,000","370,320,000","442,956,000","484,375,000","499,739,000","510,324,000","424,328,000","428,065,000","424,922,000","449,165,000","430,011,000","409,359,000","402,932,000","388,316,000","381,017,000","421,111,000","396,142,000","393,140,000","343,940,000","324,687,000","303,794,000","296,521,000","275,793,000","273,744,000","260,042,000","257,289,000","266,161,000","257,046,000","252,175,000","257,456,000","259,204,000","263,189,000","249,700,000","240,391,000","256,418,000","257,185,000","262,531,000","262,200,000","261,800,000","253,600,000","254,200,000","258,200,000","245,400,000","240,200,000","227,700,000","237,100,000","231,800,000","226,400,000","217,900,000","227,400,000","229,500,000","223,200,000","223,500,000","231,400,000","227,600,000","213,800,000","211,500,000","210,800,000","194,500,000","184,200,000","171,600,000","153,800,000","137,600,000","130,200,000","130,300,000","133,000,000","130,100,000","120,000,000","124,700,000","120,300,000","120,500,000","116,900,000","118,000,000","120,300,000","106,800,000","103,400,000","97,300,000","99,500,000","102,300,000","95,700,000",,,,,,,,,,,,,,,
NetIncomeFromContinuingAndDiscontinuedOperation,"85,200,000","8,400,000","74,100,000","400,000","2,300,000","-15,000,000","-195,700,000","8,600,000","-8,600,000","-6,700,000","1,200,000","-4,700,000","8,000,000","6,300,000","18,000,000","38,500,000","22,000,000","17,600,000","-28,300,000","15,900,000","17,000,000","8,000,000","1,700,000","-4,100,000","8,600,000","7,600,000","8,200,000","-22,500,000","5,100,000","-3,200,000","9,600,000","1,700,000","13,700,000","119,400,000","-3,600,000","4,600,000","10,000,000","-2,100,000","-8,700,000","-12,220,000","-1,179,000","16,080,000","8,296,000","960,000","13,125,000","9,556,000","5,990,000","-14,732,000","3,081,000","-12,098,000","3,779,000","-6,457,000","-14,503,000","-47,116,000","-56,057,000","-13,226,000","7,787,000","-40,958,000","-47,350,000","10,062,000","12,650,000","-2,750,000","16,346,000","12,369,000","16,297,000","12,714,000","13,518,000","-39,342,000","20,751,000","14,855,000","18,946,000","14,052,000","13,809,000","12,528,000","12,318,000","4,305,000","11,286,000","8,091,000","9,612,000","6,270,000","10,385,000","5,046,000","1,252,000","6,829,000","10,218,000","4,516,000","6,109,000","19,018,000","17,962,000","14,603,000","16,200,000","15,100,000","19,500,000","17,400,000","17,300,000","19,100,000","20,100,000","18,200,000","17,800,000","18,200,000","18,200,000","16,400,000","15,400,000","15,700,000","16,400,000","13,800,000","14,900,000","16,700,000","16,000,000","19,400,000","17,400,000","16,800,000","14,800,000","11,000,000","10,600,000","11,600,000","9,900,000","8,800,000","7,700,000","8,700,000","8,500,000","7,600,000","6,500,000","7,400,000","6,500,000","2,000,000","14,600,000","7,200,000","6,700,000","7,000,000","6,700,000","5,200,000","6,300,000",,,,,,,,,,,,,,,
NormalizedIncome,"65,140,000","21,240,000","20,054,100","3,612,000","5,120,000","13,977,664.975","-97,077,000","9,549,000","-4,594,300","4,834,000","2,003,000","-2,437,000","9,773,600","12,398,113.208","18,748,000","39,814,000","22,818,000","22,883,582.09","-21,940,000","16,320,000","18,645,400","11,188,976.378","2,900,000","-3,220,000","10,619,600","14,860,000","9,902,800","-21,790,500","6,912,500","2,440,000","8,699,200","2,285,000","14,581,400","124,015,000","4,200,000","5,208,400","10,889,200","5,050,000","-2,200,000","-411,100","1,700,300","15,822,050.224","9,356,937.564","4,630,000","12,846,538.408","9,347,800","7,118,097.384","-14,637,600","5,510,350","-9,451,000","2,923,561.151","-5,071,900","-7,926,750","-28,463,800","-8,283,925.115","-7,194,691.92","6,315,150","-27,947,700","-27,612,900","10,389,550","9,971,492.381","-2,274,850","14,205,685.769","12,706,800","15,751,365.544","10,921,738.377","12,764,200","14,335,076.467","18,934,450.226","11,801,297.038","14,836,290.394","11,328,618.551","12,580,200","8,852,400","8,790,723.779","1,347,704.726","9,011,984.635","4,536,000","8,537,070.229","5,185,374.491","9,049,302.406","400,219.317","5,746,000","4,635,400","9,289,475.346","3,159,359.843","5,501,800","7,125,147.401","16,392,422.8","14,346,944.279","15,538,775.51","14,531,380.753","17,817,891.374","15,578,339.35","15,067,741.935","17,106,397.306","19,546,788.991","17,280,144.404","17,620,000","17,943,661.972","17,894,630.872","16,333,333.333","15,337,142.857","15,435,021.097","15,619,047.619","10,980,000","12,140,740.741","15,868,199.234","15,171,314.741","18,823,762.376","17,338,297.872","16,107,865.169","14,107,234.043","10,100,000","10,180,000","11,227,807.487","9,075,000","9,533,333.333","7,154,330.709","8,188,235.294","7,996,296.296","6,897,478.992","5,836,734.694","6,563,478.261","4,504,950.495","1,212,121.212","2,620,512.821","6,685,714.286","6,249,038.462","6,070,796.46","6,512,149.533","4,607,594.937","5,785,714.286",,,,,,,,,,,,,,,
InterestIncome,"400,000","100,000","200,000","100,000","0","100,000","100,000","0","300,000","100,000","100,000","100,000","100,000","100,000","0","100,000","200,000","100,000","100,000","100,000","100,000","100,000","100,000","100,000","100,000","100,000","100,000","100,000","100,000","100,000","100,000","200,000","100,000","200,000","100,000","100,000","100,000","400,000","100,000","120,000","205,000","169,000","193,000","206,000","180,000","193,000","195,000",,,,,,,,,,,,,,,,,,,,,,,,,,,,,,,,,,,,,,,,,,,,,,,,,,,,,,,,,,,,,,,,,,,,,,,,,,,,,,,,,,,,,,,,,,,,,,,,,,,,,
InterestExpense,"15,600,000","3,800,000","3,800,000","3,800,000","4,200,000","4,200,000","4,600,000","5,200,000","5,400,000","5,400,000","5,600,000","5,800,000","5,900,000","5,900,000","6,200,000","6,500,000","6,200,000","6,100,000","6,300,000","6,600,000","6,600,000","6,700,000","4,500,000","3,000,000","3,000,000","2,900,000","2,700,000","2,700,000","2,800,000","2,800,000","2,800,000","3,000,000","3,100,000","3,000,000","3,200,000","3,200,000","3,000,000","3,400,000","2,800,000","3,370,000","3,039,000","3,303,000","2,893,000","3,297,000","2,990,000","3,484,000","2,602,000","23,529,000","4,108,000","3,993,000","3,793,000","9,643,000","5,459,000","3,323,000","4,216,000",,,,,,,,,,,,,,,,,,,,,,,,,,,,,,,,,,,,,,,,,,,,,,,,,,,,,,,,,,,,,,,,,,,,,,,,,,,,,,,,,,,,,,,,,,,,,
NetInterestIncome,"-15,200,000","-3,700,000","-3,600,000","-3,700,000","-4,200,000","-4,100,000","-4,500,000","-5,200,000","-5,100,000","-5,300,000","-5,500,000","-5,700,000","-5,800,000","-5,800,000","-6,200,000","-6,400,000","-6,000,000","-6,000,000","-6,200,000","-6,500,000","-6,500,000","-6,600,000","-4,400,000","-2,900,000","-2,900,000","-2,800,000","-2,600,000","-2,600,000","-2,700,000","-2,700,000","-2,700,000","-2,800,000","-3,000,000","-2,800,000","-3,100,000","-3,100,000","-2,900,000","-3,000,000","-2,700,000","-3,250,000","-2,834,000","-3,134,000","-2,700,000","-3,091,000","-2,810,000","-3,291,000","-2,407,000","-23,529,000","-4,108,000","-3,330,000","-3,793,000","-9,643,000","-5,459,000","-3,323,000","-4,216,000",,,,,,,,,,,,,,,,,,,,,,,,,,,,,,,,,,,,,,,,,,,,,,,,,,,,,,,,,,,,,,,,,,,,,,,,,,,,,,,,,,,,,,,,,,,,,
EBIT,"117,100,000","20,100,000","78,300,000","9,800,000","8,900,000","-15,500,000","-109,200,000","28,000,000","-3,200,000","3,100,000","8,300,000","4,700,000","17,000,000","16,500,000","33,100,000","22,300,000","33,700,000","26,200,000","13,600,000","22,400,000","26,700,000","19,400,000","5,700,000","-2,000,000","14,900,000","8,500,000","13,300,000","-32,200,000","11,600,000","5,700,000","14,900,000","8,400,000","23,900,000","6,700,000","600,000","10,600,000","18,500,000","6,300,000","-4,100,000","-6,648,000","4,037,000","19,789,000","14,553,000","5,917,000","20,135,000","6,355,000","10,057,000","16,779,000","10,528,000","-195,000","6,156,000","5,628,000","833,000","-33,744,000","-59,428,000","-9,693,000","15,344,000","-21,234,000","-15,023,000","7,166,000","16,008,000","-3,282,000","18,762,000","7,501,000","21,034,000","13,948,000","22,714,000","23,135,000","29,819,000","18,408,000","25,258,000","19,680,000","22,675,000","17,249,000","14,278,000","3,266,000","15,154,000","11,835,000","14,731,000","9,397,000","15,574,000","2,407,000","12,977,000","9,910,000","17,442,000","7,090,000","11,955,000","13,357,000","29,299,000","22,638,000","21,300,000","24,900,000","30,200,000","26,800,000","26,200,000","27,600,000","32,900,000","27,300,000","30,600,000","29,000,000","30,500,000","25,400,000","25,600,000","24,700,000","25,300,000","20,700,000","21,400,000","26,700,000","25,400,000","30,800,000","29,700,000","27,300,000","24,200,000","21,500,000","18,600,000","19,400,000","17,000,000","15,500,000","13,600,000","14,500,000","13,800,000","12,500,000","10,500,000","12,200,000","9,000,000","4,600,000","6,200,000","11,800,000","11,000,000","11,200,000","11,900,000","8,300,000","10,100,000","-269,800,000","106,200,000","106,800,000","100,500,000","-248,500,000","98,600,000","100,000,000","93,600,000","-218,500,000","89,700,000","86,700,000","80,900,000","-191,100,000","80,400,000","78,100,000"
EBITDA,"171,900,000"
ReconciledCostOfRevenue,"1,740,800,000","479,200,000","427,600,000","412,600,000","421,400,000","431,100,000","401,600,000","380,600,000","301,700,000","398,000,000","399,900,000","424,500,000","445,600,000","465,100,000","449,300,000","461,000,000","471,800,000","470,100,000","427,300,000","422,200,000","427,000,000","403,400,000","291,100,000","270,000,000","285,200,000","281,500,000","270,100,000","288,300,000","289,100,000","300,300,000","304,200,000","320,600,000","324,800,000","328,300,000","290,200,000","307,000,000","313,900,000","303,500,000","277,900,000","287,326,000","298,791,000","323,340,000","313,539,000","335,271,000","348,432,000","339,150,000","302,948,000","288,275,000","289,194,000","280,645,000","254,674,000","239,939,000","217,767,000","98,649,000","323,288,000","378,324,000","421,419,000","419,607,000","418,290,000","368,778,000","373,103,000","363,359,000","388,963,000","369,001,000","354,297,000","347,544,000","330,818,000","324,366,000","353,778,000","325,418,000","322,713,000","280,488,000","265,202,000","239,838,000","236,366,000","215,744,000","214,735,000","203,640,000","204,194,000","207,794,000","203,740,000","195,880,000","203,592,000","204,151,000","206,668,000","197,146,000","186,884,000","198,764,000","203,897,000","158,757,000","205,200,000","207,100,000","201,900,000","158,400,000","207,200,000","197,000,000","194,600,000","138,400,000","192,100,000","185,500,000","181,900,000","132,500,000","181,700,000","184,900,000","180,900,000","141,800,000","189,000,000","186,400,000","178,300,000","133,600,000","170,900,000","155,800,000","149,900,000","106,500,000","119,900,000","108,300,000","103,700,000","77,000,000","104,600,000","103,100,000","90,000,000","69,000,000","93,600,000","95,000,000","91,500,000","67,800,000","93,100,000","82,400,000","80,700,000","58,000,000","78,000,000","79,500,000","75,700,000",,,,,,,,,,,,,,,
ReconciledDepreciation,"54,800,000","14,400,000","13,800,000","13,100,000","13,500,000","14,400,000","16,300,000","19,300,000","18,600,000","19,300,000","19,500,000","19,400,000","18,900,000","19,300,000","19,100,000","19,100,000","19,400,000","19,900,000","19,000,000","19,300,000","18,500,000","18,400,000","14,500,000","12,900,000","12,500,000","12,800,000","12,700,000","12,300,000","12,400,000","12,300,000","12,800,000","13,200,000","13,300,000","13,100,000","13,300,000","15,600,000","16,100,000","14,000,000","13,611,000","14,140,000","14,049,000","14,322,000","14,214,000","14,202,000","14,952,000","13,999,000","14,168,000","13,747,000","14,578,000","16,141,000","16,549,000","16,727,000","16,349,000","17,459,000","17,170,000","19,118,000","19,587,000","22,506,000","20,022,000","19,198,000","19,225,000","18,716,000","17,423,000","17,680,000","17,285,000","18,938,000","17,008,000","18,517,000","17,628,000","18,334,000","17,303,000","16,897,000","15,960,000",,,,,,,,,,,,,,,,,,,,,,,,,,,,,,,,,,,,,,,,,,,,,,,,"4,800,000",,,,,,,,,,,,,,,,,,,,,,,,,,,
NetIncomeFromContinuingOperationNetMinorityInterest,"85,200,000","8,400,000","74,100,000","400,000","2,300,000","-15,000,000","-195,700,000","8,600,000","-8,600,000","-6,700,000","1,200,000","-4,700,000","8,000,000","6,300,000","18,000,000","38,500,000","22,000,000","17,600,000","-28,300,000","15,900,000","17,000,000","8,000,000","1,700,000","-4,100,000","8,600,000","7,600,000","8,200,000","-22,500,000","5,100,000","-2,600,000","9,000,000","1,700,000","13,700,000","119,400,000","-3,600,000","4,600,000","10,000,000","-2,100,000","-8,700,000","-12,115,000","-1,356,000","15,993,000","7,932,000","587,000","13,125,000","9,561,000","6,024,000","-11,762,000","3,119,000","-11,895,000","2,125,000","-4,886,000","-5,642,000","-39,818,000","-56,478,000","-14,064,000","6,763,000","-40,338,000","-47,499,000","9,930,000","12,396,000","-2,750,000","16,346,000","12,369,000","16,297,000","12,657,000","13,075,000","14,322,000","20,751,000","14,855,000","18,946,000","14,052,000","13,809,000","12,528,000","12,318,000","4,305,000","11,286,000","8,091,000","9,612,000","6,270,000","10,385,000","5,046,000","1,252,000","6,829,000","10,218,000","4,516,000","6,109,000","19,018,000","17,962,000","14,603,000","16,200,000","15,100,000","19,500,000","17,400,000","17,300,000","19,100,000","20,100,000","18,200,000","17,800,000","18,200,000","18,200,000","16,400,000","15,400,000","15,700,000","16,400,000","13,800,000","14,900,000","16,700,000","16,000,000","19,400,000","17,400,000","16,800,000","14,800,000","11,000,000","10,600,000","11,600,000","9,900,000","8,800,000","7,700,000","8,700,000","8,500,000","7,600,000","6,500,000","7,400,000","6,500,000","2,000,000","14,600,000","7,200,000","6,700,000","7,000,000","6,700,000","5,200,000","6,300,000",,,,,,,,,,,,,,,
TotalUnusualItemsExcludingGoodwill,"23,600,000","-21,400,000","54,100,000","-4,400,000","-4,700,000","-39,100,000","-135,100,000","-1,300,000","-4,100,000","-15,800,000","-1,100,000","-3,100,000","-2,400,000","-10,100,000","-1,100,000","-1,800,000","-1,000,000","-5,900,000","-10,600,000","-700,000","-1,900,000","-5,000,000","-2,000,000","-1,100,000","-2,700,000","-12,100,000","-2,200,000","-1,100,000","-2,900,000","-8,400,000","400,000","-900,000","-1,300,000","-7,100,000","-12,000,000","-900,000","-1,300,000","-11,000,000","-10,000,000","-18,006,000","-4,702,000","174,000","-2,066,000","-6,220,000","364,000","328,000","-1,354,000","4,424,000","-3,679,000","-3,760,000","-888,000","286,000","3,515,000","-17,468,000","-54,309,000","-8,149,000","689,000","-19,062,000","-30,594,000","-707,000","3,440,000","-731,000","2,511,000","-563,000","659,000","2,017,000","518,000","-20,000","2,712,000","4,261,000","6,542,000","4,369,000","2,048,000","6,126,000","5,201,000","4,404,000","3,462,000","5,925,000","1,758,000","1,656,000","2,053,000","7,464,000","-7,490,000","3,656,000","1,537,000","2,138,000","1,012,000","18,913,000","2,600,000","360,000","800,000","900,000","2,700,000","2,900,000","3,600,000","3,100,000","900,000","1,400,000","300,000","400,000","500,000","100,000","100,000","400,000","1,200,000","4,700,000","4,500,000","1,300,000","1,300,000","900,000","100,000","1,100,000","1,100,000","1,500,000","700,000","600,000","1,300,000","-1,200,000","900,000","800,000","800,000","1,100,000","1,000,000","1,300,000","3,100,000","1,300,000","19,200,000","800,000","700,000","1,500,000","300,000","900,000","800,000",,,,,,,,,,,,,,,
TotalUnusualItems,"23,600,000","-21,400,000","54,100,000","-4,400,000","-4,700,000","-39,100,000","-135,100,000","-1,300,000","-4,100,000","-15,800,000","-1,100,000","-3,100,000","-2,400,000","-10,100,000","-1,100,000","-1,800,000","-1,000,000","-5,900,000","-10,600,000","-700,000","-1,900,000","-5,000,000","-2,000,000","-1,100,000","-2,700,000","-12,100,000","-2,200,000","-1,100,000","-2,900,000","-8,400,000","400,000","-900,000","-1,300,000","-7,100,000","-12,000,000","-900,000","-1,300,000","-11,000,000","-10,000,000","-18,006,000","-4,702,000","174,000","-2,066,000","-6,220,000","364,000","328,000","-1,354,000","4,424,000","-3,679,000","-3,760,000","-888,000","286,000","3,515,000","-17,468,000","-54,309,000","-8,149,000","689,000","-19,062,000","-30,594,000","-707,000","3,440,000","-731,000","2,511,000","-563,000","659,000","2,017,000","518,000","-20,000","2,712,000","4,261,000","6,542,000","4,369,000","2,048,000","6,126,000","5,201,000","4,404,000","3,462,000","5,925,000","1,758,000","1,656,000","2,053,000","7,464,000","-7,490,000","3,656,000","1,537,000","2,138,000","1,012,000","18,913,000","2,600,000","360,000","800,000","900,000","2,700,000","2,900,000","3,600,000","3,100,000","900,000","1,400,000","300,000","400,000","500,000","100,000","100,000","400,000","1,200,000","4,700,000","4,500,000","1,300,000","1,300,000","900,000","100,000","1,100,000","1,100,000","1,500,000","700,000","600,000","1,300,000","-1,200,000","900,000","800,000","800,000","1,100,000","1,000,000","1,300,000","3,100,000","1,300,000","19,200,000","800,000","700,000","1,500,000","300,000","900,000","800,000",,,,,,,,,,,,,,,
NormalizedEBITDA,"148,300,000","55,900,000","38,000,000","27,300,000","27,100,000","38,000,000","42,200,000","48,600,000","19,500,000","38,200,000","28,900,000","27,200,000","38,300,000","45,900,000","53,300,000","43,200,000","54,100,000","52,000,000","43,200,000","42,400,000","47,100,000","42,800,000","22,200,000","12,000,000","30,100,000","33,400,000","28,200,000","-18,800,000","26,900,000","26,400,000","27,300,000","22,500,000","38,500,000","26,900,000","25,900,000","27,100,000","35,900,000","31,300,000","19,511,000","25,498,000","22,788,000","33,937,000","30,833,000","26,339,000","34,723,000","20,026,000","25,579,000","26,102,000","28,785,000","19,706,000","23,593,000","22,069,000","13,667,000","1,183,000","12,051,000","17,574,000","34,242,000","20,334,000","35,593,000","27,071,000","31,793,000","16,165,000","33,674,000","25,744,000","37,660,000","30,869,000","39,204,000","41,672,000","44,735,000","32,481,000","36,019,000","32,208,000","36,587,000","11,123,000","9,077,000","-1,138,000","11,692,000","5,910,000","12,973,000","7,741,000","13,521,000","-5,057,000","20,467,000","6,254,000","15,905,000","4,952,000","10,943,000","-5,556,000","26,699,000","22,278,000","20,500,000","24,000,000","27,500,000","23,900,000","22,600,000","24,500,000","32,000,000","25,900,000","30,300,000","28,600,000","30,000,000","25,300,000","25,500,000","24,300,000","24,100,000","16,000,000","16,900,000","25,400,000","24,100,000","29,900,000","29,600,000","26,200,000","23,100,000","20,000,000","17,900,000","18,800,000","15,700,000","16,700,000","12,700,000","13,700,000","17,800,000","11,400,000","9,500,000","10,900,000","5,900,000","3,300,000","-13,000,000","11,000,000","10,300,000","9,700,000","11,600,000","7,400,000","9,300,000","-269,800,000","106,200,000","106,800,000","100,500,000","-248,500,000","98,600,000","100,000,000","93,600,000","-218,500,000","89,700,000","86,700,000","80,900,000","-191,100,000","80,400,000","78,100,000"
TaxRateForCalcs,"0.15","0.4","0.001","0.27","0.4","0.259","0.27","0.27","0.023","0.27","0.27","0.27","0.261","0.396","0.32","0.27","0.182","0.104","0.4","0.4","0.134","0.362","0.4","0.2","0.252","0.4","0.226","0.355","0.375","0.4","0.248","0.35","0.322","0.35","0.35","0.324","0.316","0.35","0.35","0.35","0.35","0.018","0.31","0.35","0.235","0.35","0.192","0.35","0.35","0.35","0.101","0.35","0.35","0.35","0.113","0.157","0.35","0.35","0.35","0.35","0.295","0.35","0.148","0.4","0.172","0.14","0.4","0.346","0.33","0.283","0.372","0.377","0.4","0.4","0.322","0.328","0.343","0.4","0.389","0.345","0.349","0.378","0.4","0.4","0.396","0.365","0.4","0.371","0.396","0.289","0.173","0.368","0.377","0.372","0.38","0.357","0.385","0.343","0.4","0.359","0.389","0.333","0.371","0.338","0.349","0.4","0.387","0.36","0.363","0.36","0.383","0.371","0.37","0.4","0.4","0.38","0.365","0.389","0.394","0.36","0.37","0.361","0.337","0.357","0.356","0.394","0.376","0.357","0.356","0.381","0.374","0.342","0.357",,,,,,,,,,,,,,,
TaxEffectOfUnusualItems,"3,540,000","-8,560,000","54,100","-1,188,000","-1,880,000","-10,122,335.025","-36,477,000","-351,000","-94,300","-4,266,000","-297,000","-837,000","-626,400","-4,001,886.792","-352,000","-486,000","-182,000","-616,417.91","-4,240,000","-280,000","-254,600","-1,811,023.622","-800,000","-220,000","-680,400","-4,840,000","-497,200","-390,500","-1,087,500","-3,360,000","99,200","-315,000","-418,600","-2,485,000","-4,200,000","-291,600","-410,800","-3,850,000","-3,500,000","-6,302,100","-1,645,700","3,050.224","-641,062.436","-2,177,000","85,538.408","114,800","-259,902.616","1,548,400","-1,287,650","-1,316,000","-89,438.849","100,100","1,230,250","-6,113,800","-6,114,925.115","-1,279,691.92","241,150","-6,671,700","-10,707,900","-247,450","1,015,492.381","-255,850","370,685.769","-225,200","113,365.544","281,738.377","207,200","-6,923.533","895,450.226","1,207,297.038","2,432,290.394","1,645,618.551","819,200","2,450,400","1,673,723.779","1,446,704.726","1,187,984.635","2,370,000","683,070.229","571,374.491","717,302.406","2,818,219.317","-2,996,000","1,462,400","608,475.346","781,359.843","404,800","7,020,147.401","1,030,422.8","103,944.279","138,775.51","331,380.753","1,017,891.374","1,078,339.35","1,367,741.935","1,106,397.306","346,788.991","480,144.404","120,000","143,661.972","194,630.872","33,333.333","37,142.857","135,021.097","419,047.619","1,880,000","1,740,740.741","468,199.234","471,314.741","323,762.376","38,297.872","407,865.169","407,234.043","600,000","280,000","227,807.487","475,000","-466,666.667","354,330.709","288,235.294","296,296.296","397,478.992","336,734.694","463,478.261","1,104,950.495","512,121.212","7,220,512.821","285,714.286","249,038.462","570,796.46","112,149.533","307,594.937","285,714.286",,,,,,,,,,,,,,,