name,ttm,03/31/2022,12/31/2021,09/30/2021,06/30/2021,03/31/2021,12/31/2020,09/30/2020,06/30/2020,03/31/2020,12/31/2019,09/30/2019,06/30/2019,03/31/2019,12/31/2018,09/30/2018,06/30/2018,03/31/2018,12/31/2017,09/30/2017,06/30/2017,03/31/2017,12/31/2016,09/30/2016,06/30/2016,03/31/2016,12/31/2015,09/30/2015,06/30/2015,03/31/2015,12/31/2014,09/30/2014,06/30/2014,03/31/2014,12/31/2013,09/30/2013,06/30/2013,03/31/2013,12/31/2012,09/30/2012,06/30/2012,03/31/2012,12/31/2011,09/30/2011,06/30/2011,03/31/2011,12/31/2010,09/30/2010,06/30/2010,03/31/2010,12/31/2009,09/30/2009,06/30/2009,03/31/2009,12/31/2008,09/30/2008,06/30/2008,03/31/2008,12/31/2007,09/30/2007,06/30/2007,03/31/2007,12/31/2006,09/30/2006,06/30/2006,03/31/2006,12/31/2005,09/30/2005,06/30/2005,03/31/2005,12/31/2004,09/30/2004,06/30/2004
TotalRevenue,"1,591,704,000","409,800,000","409,333,000","390,779,000","381,792,000","362,765,000","333,806,000","329,458,000","291,842,000","294,132,000","256,438,000","224,756,000","192,549,000","180,454,000","180,578,000","196,996,000","201,902,000","205,046,000","204,961,000","176,580,000","166,807,000","156,397,000","153,283,000","126,555,000","126,300,000","134,999,000","131,545,000","114,570,000","99,801,000","95,961,000","82,106,000","80,777,000","76,560,000","73,089,000","66,623,000","60,456,000","57,473,000","58,440,000","56,359,000","53,655,000","51,070,000","43,391,000","33,382,000","37,791,000","36,448,000","35,699,000","29,859,000","29,216,000","31,207,000","33,710,000","31,770,000","34,093,000","31,514,000","32,373,000","29,934,217","33,117,401","31,098,150","23,413,233","27,959,116","25,678,608","24,591,291","18,058,348","9,493,596","15,121,198","13,164,371","12,692,267","9,621,953","8,204,941","7,241,777","6,864,300","5,854,387","5,039,072","0"
	OperatingRevenue,"1,591,704,000","409,800,000","409,333,000","390,779,000","381,792,000","362,765,000","333,806,000","329,458,000","291,842,000","294,132,000","256,438,000","224,756,000","192,549,000","180,454,000","180,578,000","196,996,000","201,902,000","205,046,000","204,961,000","176,580,000","166,807,000","156,397,000","153,283,000","126,555,000","126,300,000","134,999,000","131,545,000","114,570,000","99,801,000","95,961,000","82,106,000","80,777,000","76,560,000","73,089,000","66,623,000","60,456,000","57,473,000","58,440,000","56,359,000","53,655,000","51,070,000","43,391,000","33,382,000","37,791,000","36,448,000","35,699,000","29,859,000","29,216,000","31,207,000","33,710,000","31,770,000","34,093,000","31,514,000","32,373,000","29,934,217","33,117,401","31,098,150","23,515,911","27,909,809","25,813,753","24,690,797","18,236,563","9,571,645","15,319,640","13,226,857","12,868,328","9,621,953","8,204,941","7,599,991","6,864,300","5,854,387","5,039,072","0"
CostOfRevenue,"42,243,000","8,598,000","7,833,000","7,128,000","18,684,000","5,453,000","5,712,000","5,897,000","9,985,000","5,572,000","8,598,000","4,038,000","8,290,000","3,066,000","2,414,000","2,719,000","1,920,000","2,184,000","1,811,000","1,519,000","1,153,000","1,328,000","1,120,000","-93,000","784,000","901,000","1,184,000","1,727,000","530,000","351,000","450,000","700,000","-38,000","738,000","930,000","458,000","649,000","415,000","451,000","218,000","639,000","331,000","461,000","312,000","256,000","61,000","2,350,000","600,000","1,111,000","1,066,000","1,751,000","2,252,000","1,191,000","919,000","0","0",,,,,,,,,,,,,,,,,
GrossProfit,"1,549,461,000","401,202,000","401,500,000","383,651,000","363,108,000","357,312,000","328,094,000","323,561,000","281,857,000","288,560,000","247,840,000","220,718,000","184,259,000","177,388,000","178,164,000","194,277,000","199,982,000","202,862,000","203,150,000","175,061,000","165,654,000","155,069,000","152,163,000","126,648,000","125,516,000","134,098,000","130,361,000","112,843,000","99,271,000","95,610,000","81,656,000","80,077,000","76,598,000","72,351,000","65,693,000","59,998,000","56,824,000","58,025,000","55,908,000","53,437,000","50,431,000","43,060,000","32,921,000","37,479,000","36,192,000","35,638,000","27,509,000","28,616,000","30,096,000","32,644,000","30,019,000","31,841,000","30,323,000","31,454,000","29,934,217","33,117,401",,,,,,,,,,,,,,,,,
OperatingExpense,"481,912,000","126,740,000","122,525,000","121,733,000","110,914,000","111,715,000","106,738,000","101,383,000","93,481,000","94,306,000","71,554,000","64,119,000","56,248,000","56,803,000","54,600,000","50,931,000","54,018,000","53,620,000","51,424,000","46,926,000","44,572,000","40,783,000","39,614,000","36,181,000","34,877,000","32,613,000","31,453,000","30,794,000","25,598,000","25,661,000","25,891,000","22,026,000","20,648,000","22,649,000","19,567,000","15,169,000","15,943,000","16,465,000","15,394,000","15,543,000","15,485,000","16,338,000","15,014,000","14,166,000","16,173,000","14,767,000","12,693,000","12,549,000","15,369,000","13,049,000","10,988,000","11,324,000","12,508,000","11,924,000","16,091,910","15,615,622","10,110,606","7,941,731","8,662,174","6,752,205","5,812,546","7,177,546","3,466,606","4,522,888","4,617,542","4,288,738","3,722,306","3,716,767","2,389,063","-894,968","2,605,763","2,574,155","1,549,181"
	SellingGeneralAndAdministration,"150,989,000","41,424,000","38,326,000","36,694,000","34,545,000","36,073,000","34,542,000","31,718,000","32,018,000","33,385,000","27,402,000","23,286,000","22,272,000","23,451,000","21,734,000","20,982,000","19,552,000","17,818,000","15,312,000","15,011,000","15,079,000","13,197,000","13,090,000","12,305,000","12,045,000","11,471,000","11,314,000","10,778,000","10,642,000","10,905,000","11,438,000","8,672,000","8,206,000","8,959,000","8,640,000","6,380,000","7,225,000","7,818,000","7,241,000","7,052,000","6,697,000","7,592,000","6,791,000","5,736,000","7,818,000","6,874,000","6,689,000","6,213,000","9,464,000","6,169,000","4,759,000","4,859,000","5,800,000","5,678,000","10,020,723","4,990,826","4,772,314","4,414,136","4,668,902","3,463,786","3,021,472","4,637,681","2,242,320","2,548,517","2,855,142","2,544,871","2,907,138","1,990,971","1,415,067","1,698,249","1,727,725","1,631,600","1,212,457"
		GeneralAndAdministrativeExpense,"150,989,000","41,424,000","38,326,000","36,694,000","34,545,000","36,073,000","34,542,000","31,718,000","32,018,000","33,385,000","27,402,000","23,286,000","22,272,000","23,451,000","21,734,000","20,982,000","19,552,000","17,818,000","15,312,000","15,011,000","15,079,000","13,197,000","13,090,000","12,305,000","12,045,000","11,471,000","11,314,000","10,778,000","10,642,000","10,905,000","11,438,000","8,672,000","8,206,000","8,959,000","8,640,000","6,380,000","7,225,000","7,818,000","7,240,167",,,,,,,,,,,,,,,,,,"4,772,314","4,414,136","4,668,902","3,463,786","3,021,472","4,637,681",,"2,548,517","2,855,142","2,544,871",,"1,990,971","1,415,067","1,698,249",,,
			SalariesAndWages,,,,,,,,,,,,,,,,,,,,,,,,,,,,,,,,,,,,,,,,,,,,,,,,,,,,,,,,,"4,772,314","4,414,136","4,668,902","3,463,786","3,021,472","4,637,681",,"2,548,517","2,855,142","2,544,871",,"2,546,380","1,415,067","1,698,249",,,
			OtherGandA,"150,989,000","41,424,000","38,326,000","36,694,000","34,545,000","36,073,000","34,542,000","31,718,000","32,018,000","33,385,000","27,402,000","23,286,000","22,272,000","23,451,000","21,734,000","20,982,000","19,552,000","17,818,000","15,312,000","15,011,000","15,079,000","13,197,000","13,090,000","12,305,000","12,045,000","11,471,000","11,314,000","10,778,000","10,642,000","10,905,000","11,438,000","8,672,000","8,206,000","8,959,000","8,640,000","6,380,000","7,225,000","7,818,000","7,240,167",,,,,,,,,,,,,,,,,,,,,,,,,,,,,"-555,409",,,,,
	DepreciationAmortizationDepletionIncomeStatement,"330,923,000","85,316,000","84,199,000","85,039,000","76,369,000","75,642,000","72,196,000","69,665,000","61,463,000","60,921,000","44,152,000","40,833,000","33,976,000","33,352,000","32,866,000","29,949,000","34,466,000","35,802,000","36,112,000","31,915,000","29,493,000","27,586,000","26,524,000","23,876,000","22,832,000","21,142,000","20,139,000","20,016,000","14,956,000","14,756,000","14,453,000","13,354,000","12,442,000","13,690,000","10,927,000","8,789,000","8,718,000","8,647,000","8,153,000","8,491,000","8,788,000","8,746,000","8,223,000","8,430,000","8,355,000","7,893,000","6,004,000","6,336,000","5,905,000","6,880,000","6,229,000","6,465,000","6,708,000","6,246,000","6,071,187","10,624,796","5,338,292","3,527,595","3,993,272","3,288,419","2,791,074","2,539,865","1,224,286","1,974,371","1,762,400","1,743,867","1,417,571","1,170,387","973,996",,"383,401","928,356","0"
		DepreciationAndAmortizationInIncomeStatement,"330,923,000","85,316,000","84,199,000","85,039,000","76,369,000","75,642,000","72,196,000","69,665,000","61,463,000","60,921,000","44,152,000","40,833,000","33,976,000","33,352,000","32,866,000","29,949,000","34,466,000","35,802,000","36,112,000","31,915,000","29,493,000","27,586,000","26,524,000","23,876,000","22,832,000","21,142,000","20,139,000","20,016,000","14,956,000","14,756,000","14,453,000","13,354,000","12,442,000","13,690,000","10,927,000","8,789,000","8,718,000","8,647,000","8,390,401",,,"8,746,000",,,,,"6,004,000","6,336,000","5,905,000","6,880,000","6,229,000","6,465,000","6,708,000","6,246,000","6,071,187","10,624,796","5,338,292","3,527,595","3,993,272","3,288,419","2,791,074","2,539,865","1,224,286","1,974,371","1,762,400","1,743,867","1,417,571","1,170,387","973,996",,"383,401","928,356","0"
	OtherTaxes,,,,,,,,,,,,,,,,,,,,,,,,,,,,,,,,,,,,,,,,,,,,,,,,,,,,,,,,,,"-7,941,731","-8,662,174","-6,752,205","-5,812,546","-7,177,546","-3,466,606","-4,522,888","-4,617,542","-4,288,738",,,"-2,389,063","-2,593,217",,,
	OtherOperatingExpenses,,,,,,,,,,,,,,,,,,,,,,,,,,,,,,,,,,,,,,,,,,,,,,,,,,,,,,,,,,"7,941,731","8,662,174","6,752,205","5,812,546","7,177,546","3,466,606","4,522,888","4,617,542","4,288,738",,"555,409","2,389,063",,"494,637","14,199","336,724"
OperatingIncome,"1,067,549,000","274,462,000","278,975,000","261,918,000","252,194,000","245,597,000","221,356,000","222,178,000","188,376,000","194,254,000","176,286,000","156,599,000","128,011,000","120,585,000","123,564,000","143,346,000","145,964,000","149,242,000","151,726,000","128,135,000","121,082,000","114,286,000","112,549,000","90,467,000","90,639,000","101,485,000","98,908,000","82,049,000","73,673,000","69,949,000","55,765,000","58,051,000","55,950,000","49,702,000","46,126,000","44,829,000","40,881,000","41,560,000","40,514,000","37,894,000","34,946,000","26,722,000","17,907,000","23,313,000","20,019,000","20,871,000","14,816,000","16,067,000","14,727,000","19,595,000","19,031,000","20,517,000","17,815,000","19,530,000","13,842,307","17,501,779","20,987,544","15,471,502","19,296,942","18,926,403","18,778,745","10,880,802","6,026,990","10,598,310","8,546,829","8,403,529","5,899,647","4,488,174","4,852,714","7,759,268","3,248,624","2,464,917","-1,549,181"
NetNonOperatingInterestIncomeExpense,"-405,801,000","-99,999,000","-119,295,000","-94,132,000","-92,375,000","-89,241,000","-112,759,000","-82,263,000","-80,376,000","-81,510,000","-71,667,000","-68,478,000","-52,326,000","-50,551,000","-50,910,000","-57,215,000","-58,126,000","-57,023,000","-70,236,000","-47,173,000","-40,461,000","-51,658,000","-38,465,000","-62,797,000","-41,501,000","-39,373,000","-35,972,000","-35,723,000","-26,890,000","-26,666,000","-28,109,000","-25,481,000","-24,652,000","-21,612,000","-20,850,000","-15,830,000","-14,641,000","-15,424,000","-15,513,000","-15,046,000","-14,889,000","-12,812,000","-11,312,000","-11,884,000","-12,366,000","-8,155,000","-7,857,000","-6,617,000","-8,528,000","-1,539,000","-9,384,000","-9,396,000","-9,377,000","-2,040,000","-33,037,061","-2,393,332","-12,388,879",,,,,,,,,,,,,,,,
	InterestIncomeNonOperating,,,,,,,,,,,,,,,,,,,,,,,,,,,,,,,,,,,,,,,,,,,"38,000","51,000","21,000",,"30,000","1,475,000","29,000","7,934,000","-5,000","0","54,000","7,423,000","-22,264,289","8,017,794","14,810",,,,,,,,,,,,,,,,
	InterestExpenseNonOperating,,"91,183,000",,,,,,"82,263,000","80,376,000","80,899,000","70,434,000","64,519,000","52,326,000","50,551,000","50,910,000","57,215,000","58,126,000","57,023,000","56,456,000","42,759,000","39,710,000","38,029,000","38,465,000","40,262,000","41,501,000","39,373,000","35,923,000","31,643,000","26,890,000","26,666,000","26,701,000","25,481,000","24,362,000","21,612,000","20,850,000","15,830,000","14,641,000","15,424,000","15,513,000","15,046,000","14,889,000","12,812,000","11,350,000","11,935,000","12,387,000","8,155,000","7,887,000","8,092,000","8,557,000","9,473,000","9,379,000","9,396,000","9,431,000","9,463,000","10,772,772","10,411,126","12,403,689",,,,,,,,,,,,,,,,
	TotalOtherFinanceCost,"401,590,000","8,816,000","119,295,000","94,132,000","92,375,000","89,241,000","112,759,000","82,263,000","80,376,000","81,510,000","239,063,000","3,959,000","52,326,000","50,551,000","50,910,000","57,215,000","58,126,000","57,023,000","13,780,000","4,414,000","751,000","13,629,000","0","22,535,000",,,"49,000","4,080,000",,,"1,408,000",,"290,000",,,,,,,,,,,,,,,,,,,,,,,,,,,,,,,,,,,,,,,,
OtherIncomeExpense,"540,226,000","468,863,000","51,971,000","14,211,000","5,181,000","15,884,000","7,741,000","7,427,000","6,481,000","-27,577,000","26,035,000","1,401,000","3,961,000","3,924,000","2,412,000","652,409,000","25,742,000","-1,000","-7,216,000","-3,551,000","-7,439,000","6,424,000","-38,842,000","43,363,000","5,150,000","-3,567,000","-4,113,000","-23,123,000","-23,731,000","-6,932,000","-12,519,000","-3,658,000","-31,461,000","-20,838,000","-12,068,000","-3,333,000","-935,000","76,000","-1,913,000","632,000","583,000","-3,425,000","-998,000","-10,955,000","-4,969,000","-2,040,000","-160,000","-342,000",,"-12,000,000",,"-12,794",,,,,,,,,,,,,,,,,,,,,
	GainOnSaleOfSecurity,"503,120,000","451,638,000","43,575,000","9,294,000","-1,387,000","989,000","-130,000","-927,000","-3,101,000","1,325,000","41,498,000","209,000","-147,000",,"46,570,000","647,204,000","24,151,000","1,467,000","0","18,000",,"7,413,000","-70,000","44,616,000","16,638,000",,,,,,,,,,,,,,,,,,,,,,,,,,,,,,,,,,,,,,,,,,,,,,,,
	EarningsFromEquityInterest,"28,725,000","7,338,000","6,855,000","7,193,000","7,339,000","7,101,000","5,154,000","5,893,000","5,291,000","4,079,000","4,416,000","3,474,000","4,441,000","3,720,000",,,,,"2,160,000","3,384,000","2,800,000","1,714,000","1,440,000","1,245,000","1,200,000","-5,001,000","417,000","476,000","1,853,000","103,000","500,000","1,153,000","686,000","220,000","1,043,000","843,000","1,176,000","492,000",,,,,,,,,,,,,,,,,,,,,,,,,,,,,,,,,,,
	SpecialIncomeCharges,,,"0","0","0","0","0","0","0","-19,006,000","-21,031,000","0","0",,"-48,007,000","-506,000","-411,000","0","-8,649,000","-7,434,000","-10,806,000","-2,756,000","-39,828,000","-2,597,000","-12,142,000","1,065,000","-4,345,000","-24,949,000","-25,809,000","-6,239,000","-18,456,000","-4,886,000","-32,166,000","-21,008,000","-13,037,000","-4,179,000","-2,088,000","-191,000","-3,194,000","632,000","583,000","-3,425,000","-998,000","-10,955,000","-4,969,000","-2,040,000","-160,000","-342,000","0","-12,000,000",,"0","0",,"0","0",,"0","0","0","0","0","0","0","0","0",,"0","0",,,"0","0"
		RestructuringAndMergernAcquisition,,,,,,,,,,,"0","0","0",,"0","506,000","411,000","0","8,649,000","7,434,000","10,806,000","2,756,000","39,894,000","2,677,000","4,767,000","-1,065,000","4,345,000","24,949,000","25,809,000","6,239,000","18,456,000","4,886,000","2,535,000","512,000","13,037,000","4,179,000","2,088,000","191,000","1,305,000","410,000","279,000","3,425,000","998,000","530,000","616,000","2,040,000",,,,,,,,,,,,,,,,,,,,,,,,,,,
		ImpairmentOfCapitalAssets,,,"0","0","0","0","0","0","0","19,006,000",,,,,,,,,,,,,,,,,,,,,,,,,,,,,,,"0",,"0","0","564,000","0","0","0","0","12,000,000",,,,,,,,,,,,,,,,,,,,,,,
		WriteOff,,,,,,,,,,,,,,,,,,,"0","0","0",,"-66,000","-80,000","7,375,000",,"0","0","0","0","0","0","29,631,000","20,496,000",,,,,,,,,,,,,,,,,,,,,,,,,,,,,,,,,,,,,,,
		OtherSpecialCharges,,,,,,,,,,,,,,,,,,,,,,,,,,,,,,,,,,,,,,,,"-1,042,000","-862,000",,"0","10,425,000","3,789,000",,"160,000","342,000",,,,,,,,,,,,,,,,,,,,,,,,,
	OtherNonOperatingIncomeExpenses,"8,381,000","9,887,000","1,541,000","-2,276,000","-771,000","7,794,000","2,717,000","2,461,000","4,291,000","-13,975,000","1,152,000","-2,282,000","-333,000","204,000","3,849,000","5,711,000","2,002,000","-1,468,000","-727,000","481,000","567,000","53,000","-384,000","99,000","-546,000","369,000","-185,000","1,350,000","225,000","-796,000","5,437,000","75,000","19,000","-50,000","-74,000","3,000","-23,000","-225,000","-16,120,991",,,,,,,,,,,,,,,,,,,,,,,,,,,,,,,,,,
PretaxIncome,"1,201,974,000","643,326,000","211,651,000","181,997,000","165,000,000","172,240,000","116,338,000","147,342,000","114,481,000","85,167,000","130,654,000","89,522,000","79,646,000","73,958,000","75,066,000","738,540,000","113,580,000","92,218,000","74,274,000","77,411,000","73,182,000","69,052,000","35,242,000","71,033,000","54,288,000","58,545,000","58,823,000","23,203,000","23,052,000","36,351,000","15,137,000","28,912,000","-163,000","7,252,000","13,208,000","25,666,000","25,305,000","26,212,000","23,894,277",,,"10,485,000","5,597,000","474,000","2,684,000","10,676,000",,,,,,,,,,,,,,,,,,,,,,,,,,,
TaxProvision,"76,967,000","11,379,000","4,807,000","10,602,000","50,179,000","8,360,000","6,232,000","15,985,000","4,829,000","4,010,000","731,000","-745,000","-274,000","-2,333,000","-3,875,000","2,064,000","1,563,000","1,175,000","1,898,000","530,000","-614,000","867,000","-8,003,000","490,000","364,000","319,000","485,000","80,000","563,000","375,000","108,000","249,000","40,000","-57,000","464,219",,,,,,,,,,,,,,,,,,,,,,,,,,,,,,,,,,,,,,
NetIncomeCommonStockholders,"1,123,887,000","631,279,000","207,624,000","170,809,000","114,175,000","163,413,000","111,270,000","130,671,000","108,981,000","80,528,000","128,684,000","89,354,000","78,992,000","75,346,000","79,291,000","735,744,000","111,244,000","90,406,000","71,944,000","76,464,000","73,415,000","67,970,000","43,039,000","70,358,000","53,724,000","57,927,000","58,237,000","23,057,000","22,407,000","35,897,000","14,947,000","28,537,000","-203,000","7,241,000","17,839,000","25,648,000","27,348,000","26,156,000","28,556,000","31,464,000","19,316,000","10,564,000","12,692,000","425,000","2,640,000","10,780,000","10,593,000","8,919,000","6,223,000","-2,822,000","7,400,000","10,374,000","7,846,000","10,710,000","1,910,346","7,502,212","13,840,660","11,233,782","7,877,460","11,646,646","11,511,582","10,203,952","5,593,470","8,673,547","7,915,071","7,977,610","6,444,511","5,256,091","4,379,811","3,559,934","3,511,027","2,628,938","-1,069,892"
	NetIncome,"1,123,919,000","631,681,000","206,536,000","171,137,000","114,565,000","163,783,000","109,884,000","131,106,000","109,468,000","80,992,000","129,638,000","89,786,000","79,438,000","75,822,000","78,483,000","736,034,000","111,567,000","90,601,000","71,944,000","76,464,000","73,415,000","67,970,000","43,039,000","70,358,000","53,724,000","57,927,000","58,237,000","23,057,000","22,407,000","35,897,000","14,947,000","28,537,000","-203,000","7,241,000","17,839,000","25,648,000","27,348,000","26,156,000","28,556,000","31,464,000","19,316,000","10,564,000","12,692,000","425,000","2,640,000","10,780,000","10,593,000","8,919,000","6,223,000","-2,822,000","7,400,000","10,374,000","7,846,000","10,710,000","1,910,346","7,502,212","13,840,660","11,233,782","7,877,460","11,646,646","11,511,582","10,203,952","5,593,470","8,673,547","7,915,071","7,977,610","6,444,511","5,256,091","4,379,811","3,559,934","3,511,027","2,628,938","-1,069,892"
		NetIncomeIncludingNoncontrollingInterests,"1,125,007,000","631,947,000","206,844,000","171,395,000","114,821,000","163,880,000","110,106,000","131,357,000","109,652,000","81,157,000","129,923,000","90,267,000","79,920,000","76,291,000","78,941,000","736,476,000","112,017,000","91,043,000","72,376,000","76,881,000","73,796,000","68,185,000","43,245,000","70,543,000","53,924,000","58,225,000","58,338,000","23,123,000","22,489,000","35,976,000","15,029,000","28,663,000","-203,000","7,307,000","17,898,000","25,703,000","27,405,000","26,210,000","28,603,000","31,508,000","19,360,000","10,606,000","12,739,000","468,000","2,683,000","10,824,000","10,629,000","8,964,000","6,232,000","-2,813,000","7,406,000","10,385,000","7,858,000","10,717,000","1,910,346","7,502,212","13,840,660","11,233,782","7,877,460","11,646,646","11,511,582","10,203,952","5,420,454","8,724,852","7,971,842","8,042,550","6,480,876","5,256,091","4,379,811","3,559,934","3,511,027","2,628,938","-1,069,892"
			NetIncomeContinuousOperations,"1,125,007,000","631,947,000","206,844,000","171,395,000","114,821,000","163,880,000","110,106,000","131,357,000","109,652,000","81,157,000","129,923,000","90,267,000","79,920,000","76,291,000","78,941,000","736,476,000","112,017,000","91,043,000","72,376,000","76,881,000","73,796,000","68,185,000","43,245,000","70,543,000","53,924,000","58,226,000","58,338,000","23,123,000","22,489,000","35,976,000","15,029,000","28,663,000","-203,000","7,309,000","12,482,000","25,666,000","25,305,000","26,212,000","23,088,000","23,480,000","20,640,000","10,485,000","5,597,000","474,000","2,684,000","10,676,000","6,799,000","9,108,000","-15,000","-1,878,000","9,647,000","11,121,000","8,438,000","10,067,000","3,077,617","7,090,653","8,598,665","8,454,314","8,405,774","12,061,780","13,496,613","6,045,783","5,106,513","8,673,547","7,915,071","7,977,610","6,444,511","5,256,091","4,379,811","3,559,934","3,511,027","2,628,938","-1,069,892"
			NetIncomeDiscontinuousOperations,,,,,,,,,,,,,,,,,,,"0","0","0","0","0",,"0","-1,000","0","0","0","0","0","0","0","-2,000","5,416,000","37,000","2,100,000","-2,000","5,515,000","8,028,000","-1,280,000","121,000","7,142,000","-6,000","-1,000","148,000","3,830,000","-144,000","6,247,000","-935,000","-2,241,000","-736,000","-580,000","650,000","-1,167,271","411,559","5,241,995","2,779,468","-528,314","-415,134","-1,985,031","4,158,169",,,,,,,,,,,
		MinorityInterests,"-1,088,000","-266,000","-308,000","-258,000","-256,000","-97,000","-222,000","-251,000","-184,000","-165,000","-285,000","-481,000","-482,000","-469,000","-458,000","-442,000","-450,000","-442,000","-432,000","-417,000","-381,000","-215,000","-206,000","-185,000","-200,000","-298,000","-101,000","-66,000","-82,000","-79,000","-82,000","-126,000","0","-66,000","-59,000","-55,000","-57,000","-54,000","-47,000","-44,000","-44,000","-42,000","-47,000","-43,000","-43,000","-44,000","-36,000","-45,000","-9,000","-9,000","-6,000","-11,000","-12,000","-7,000",,,,,,,,,,"-51,305","-56,771","-64,940",,,,,,,
	OtherunderPreferredStockDividend,,"402,000",,"328,000","390,000","370,000",,"435,000","487,000","464,000","954,000","432,000","446,000","476,000",,"290,000","323,000","195,000",,,,,,,,,,,,,,,,,,,,,,,,,,,,,,,,,,,,,,,,,,,,,,,,,,,,,,,
DilutedNIAvailtoComStockholders,"1,123,887,000","631,279,000","207,624,000","170,809,000","114,175,000","163,413,000","111,270,000","130,671,000","108,981,000","80,528,000","128,684,000","89,354,000","78,992,000","75,346,000","79,291,000","735,744,000","111,244,000","90,406,000","71,944,000","76,464,000","73,415,000","67,970,000","43,039,000","70,358,000","53,724,000","57,927,000","58,237,000","23,057,000","22,407,000","35,897,000","14,947,000","28,537,000","-203,000","7,241,000","17,839,000","25,648,000","27,348,000","26,156,000","28,556,000","31,464,000","19,316,000","10,564,000","12,692,000","425,000","2,640,000","10,780,000","10,593,000","8,919,000","6,223,000","-2,822,000","7,400,000","10,374,000","7,846,000","10,710,000","1,910,346","7,502,212","13,840,660","11,233,782","7,877,460","11,646,646","11,511,582","10,203,952","5,593,470","8,673,547","7,915,071","7,977,610","6,444,511","5,256,091","4,379,811","3,559,934","3,511,027","2,628,938","-1,069,892"
BasicEPS,,"1.05","0.34","0.29","0.19","0.28","0.2","0.25","0.21","0.15","0.26","0.2","0.2","0.2","0.21","2.01","0.3","0.25","0.19","0.21","0.21","0.21","0.13","0.29","0.23","0.24","0.24","0.1","0.11","0.18","0.08","0.16","-0.001","0.04","0.11","0.16","0.18","0.19","0.21","0.23","0.14","0.08",,"0","0.02","0.09",,"0.08","0.06","-0.04",,"0.13","0.09","0.14",,"0.12","0.21","0.21",,"0.24","0.23","0.24",,"0.22","0.2","0.2",,"0.14","0.17","0.14",,"0.1","-0.04"
DilutedEPS,,"1.05","0.34","0.29","0.19","0.28","0.2","0.25","0.21","0.15","0.26","0.2","0.2","0.2","0.21","2","0.3","0.25","0.19","0.21","0.21","0.21","0.13","0.28","0.22","0.24","0.24","0.1","0.107","0.17","0.08","0.16","-0.001","0.04","0.11","0.16","0.18","0.18","0.21","0.23","0.14","0.08",,"0","0.02","0.09",,"0.08","0.06","-0.04",,"0.13","0.09","0.14",,"0.12","0.21","0.21",,"0.24","0.23","0.24",,"0.22","0.2","0.2",,"0.14","0.17","0.14",,"0.1","-0.04"
BasicAverageShares,,"598,676,000","596,395,000","595,119,000","587,514,000","576,240,000","537,003,000","531,095,000","527,781,000","521,076,000","493,593,000","439,581,000","394,574,000","380,551,000","366,655,000","365,024,000","364,897,000","364,882,000","364,382,000","364,315,000","349,856,000","321,057,000","319,833,000","246,230,000","238,082,000","237,510,000","237,011,000","223,948,000","208,071,000","202,958,000","172,411,250","171,893,007","171,718,449","163,973,178","161,142,567","154,757,902","149,508,958","140,346,579","134,922,510","134,781,000","134,715,000","124,906,000",,"110,714,000","110,589,000","110,400,000",,"110,046,000","103,498,000","79,176,000",,"78,665,187","78,615,795","76,432,000",,"65,059,876","64,991,168","52,933,616",,"49,071,806","49,040,141","42,823,619",,"39,529,687","39,519,695","39,428,071",,"37,606,480","26,096,021","26,099,195",,"26,082,862","24,397,524"
DilutedAverageShares,,"598,932,000","596,665,000","597,320,000","589,053,000","577,541,000","538,351,000","532,436,000","528,880,000","522,179,000","494,893,000","440,933,000","395,692,000","381,675,000","367,732,000","366,467,000","365,541,000","365,343,000","364,977,000","365,046,000","350,319,000","321,423,000","319,994,000","247,468,000","239,008,000","237,819,000","237,011,000","223,948,000","208,640,000","203,615,000","172,603,919","172,639,224","172,368,987","164,548,581","161,839,544","155,968,954","151,055,855","141,526,311","134,930,189","134,782,000","134,715,000","124,906,000",,"110,719,000","110,600,000","110,408,000",,"110,046,000","103,498,000","79,176,000",,"78,665,187","78,615,795","76,432,000",,"65,177,364","65,173,660","53,045,790",,"49,371,555","49,293,328","43,070,303",,"39,857,355","39,757,723","39,501,723",,"37,654,576","26,110,119","26,103,259",,"26,085,312","24,399,813"
TotalOperatingIncomeAsReported,,,,,,,,,,,,,,,,,,,"143,077,000","120,701,000","110,276,000","111,530,000","72,721,000","87,870,000","78,497,000","102,550,000","94,563,000","57,100,000","47,864,000","63,710,000","37,309,000","53,165,000","23,784,000","28,694,000","33,089,000","40,650,000","38,793,000","41,369,000","39,209,000","37,484,000","34,667,000","23,297,000","16,909,000","22,783,000","18,839,000","18,831,000","14,816,000","16,067,000","14,727,000","7,595,000","19,031,000","20,517,000","17,815,000","19,530,000","13,842,307","17,501,779","20,987,544","15,471,502","19,296,942","18,926,403","18,778,745","10,880,802","6,026,990","10,598,310","8,546,829","8,403,529","5,899,647","4,488,174","4,852,714",,"3,248,624","2,464,917","-1,549,181"
TotalExpenses,"524,155,000","135,338,000","130,358,000","128,861,000","129,598,000","117,168,000","112,450,000","107,280,000","103,466,000","99,878,000","80,152,000","68,157,000","64,538,000","59,869,000","57,014,000","53,650,000","55,938,000","55,804,000","53,235,000","48,445,000","45,725,000","42,111,000","40,734,000","36,088,000","35,661,000","33,514,000","32,637,000","32,521,000","26,128,000","26,012,000","26,341,000","22,726,000","20,610,000","23,387,000","20,497,000","15,627,000","16,592,000","16,880,000","15,845,000","15,761,000","16,124,000","16,669,000","15,475,000","14,478,000","16,429,000","14,828,000","15,043,000","13,149,000","16,480,000","14,115,000","12,739,000","13,576,000","13,699,000","12,843,000","16,091,910","15,615,622","10,110,606","7,941,731","8,662,174","6,752,205","5,812,546","7,177,546","3,466,606","4,522,888","4,617,542","4,288,738","3,722,306","3,716,767","2,389,063","-894,968","2,605,763","2,574,155","1,549,181"
NetIncomeFromContinuingAndDiscontinuedOperation,"1,123,919,000","631,681,000","206,536,000","171,137,000","114,565,000","163,783,000","109,884,000","131,106,000","109,468,000","80,992,000","129,638,000","89,786,000","79,438,000","75,822,000","78,483,000","736,034,000","111,567,000","90,601,000","71,944,000","76,464,000","73,415,000","67,970,000","43,039,000","70,358,000","53,724,000","57,927,000","58,237,000","23,057,000","22,407,000","35,897,000","14,947,000","28,537,000","-203,000","7,241,000","17,839,000","25,648,000","27,348,000","26,156,000","28,556,000","31,464,000","19,316,000","10,564,000","12,692,000","425,000","2,640,000","10,780,000","10,593,000","8,919,000","6,223,000","-2,822,000","7,400,000","10,374,000","7,846,000","10,710,000","1,910,346","7,502,212","13,840,660","11,233,782","7,877,460","11,646,646","11,511,582","10,203,952","5,593,470","8,673,547","7,915,071","7,977,610","6,444,511","5,256,091","4,379,811","3,559,934","3,511,027","2,628,938","-1,069,892"
NormalizedIncome,"653,015,701.06","188,031,467.436","163,950,671.795","162,384,409.957","115,530,192.285","162,842,003.019","110,007,036.153","131,932,430.61","112,438,194.635","97,840,508.425","109,285,511.435","89,633,430","79,545,310","75,822,000","79,532,010","91,143,328.881","88,153,691.495","89,152,691.85","80,371,983.197","83,829,225.821","79,898,600","63,371,472.151","66,977,800","28,628,855.56","49,258,145.594","56,868,802.972","62,546,175.153","47,919,980.089","47,585,665.669","42,071,637.947","33,271,319.482","33,380,920.102","20,704,900","20,898,200","20,897,050","28,327,350","26,605,200","26,282,150","25,117,100","23,025,200","20,217,050","12,669,250","6,198,700","7,551,750","5,870,850","11,958,000","6,867,000","9,285,300","-24,000","5,913,000","9,641,000","11,110,000","8,426,000","10,060,000","3,077,617","7,090,653","8,598,665","8,454,314","8,405,774","12,061,780","13,496,613","6,045,783","5,106,513","8,673,547","7,915,071","7,977,610","6,444,511","5,256,091","4,379,811","3,559,934","3,511,027","2,628,938","-1,069,892"
InterestIncome,,,,,,,,,,,,,,,,,,,,,,,,,,,,,,,,,,,,,,,,,,,"38,000","51,000","21,000",,"30,000","1,475,000","29,000","7,934,000","-5,000","0","54,000","7,423,000","-22,264,289","8,017,794","14,810",,,,,,,,,,,,,,,,
InterestExpense,,"91,183,000",,,,,,"82,263,000","80,376,000","80,899,000","70,434,000","64,519,000","52,326,000","50,551,000","50,910,000","57,215,000","58,126,000","57,023,000","56,456,000","42,759,000","39,710,000","38,029,000","38,465,000","40,262,000","41,501,000","39,373,000","35,923,000","31,643,000","26,890,000","26,666,000","26,701,000","25,481,000","24,362,000","21,612,000","20,850,000","15,830,000","14,641,000","15,424,000","15,513,000","15,046,000","14,889,000","12,812,000","11,350,000","11,935,000","12,387,000","8,155,000","7,887,000","8,092,000","8,557,000","9,473,000","9,379,000","9,396,000","9,431,000","9,463,000","10,772,772","10,411,126","12,403,689",,,,,,,,,,,,,,,,
NetInterestIncome,"-405,801,000","-99,999,000","-119,295,000","-94,132,000","-92,375,000","-89,241,000","-112,759,000","-82,263,000","-80,376,000","-81,510,000","-71,667,000","-68,478,000","-52,326,000","-50,551,000","-50,910,000","-57,215,000","-58,126,000","-57,023,000","-70,236,000","-47,173,000","-40,461,000","-51,658,000","-38,465,000","-62,797,000","-41,501,000","-39,373,000","-35,972,000","-35,723,000","-26,890,000","-26,666,000","-28,109,000","-25,481,000","-24,652,000","-21,612,000","-20,850,000","-15,830,000","-14,641,000","-15,424,000","-15,513,000","-15,046,000","-14,889,000","-12,812,000","-11,312,000","-11,884,000","-12,366,000","-8,155,000","-7,857,000","-6,617,000","-8,528,000","-1,539,000","-9,384,000","-9,396,000","-9,377,000","-2,040,000","-33,037,061","-2,393,332","-12,388,879",,,,,,,,,,,,,,,,
EBIT,"1,513,981,000","734,509,000","278,975,000","261,918,000","252,194,000","245,597,000","221,356,000","222,178,000","188,376,000","194,254,000","170,959,000","154,041,000","128,011,000","120,585,000","125,976,000","795,755,000","171,706,000","149,241,000","130,730,000","120,170,000","112,892,000","107,081,000","73,707,000","111,295,000","95,789,000","97,918,000","94,746,000","54,846,000","49,942,000","63,017,000","41,838,000","54,393,000","24,199,000","28,864,000","34,058,000","41,496,000","39,946,000","41,636,000","36,375,000","37,894,000","34,946,000","23,297,000","16,947,000","12,409,000","15,071,000","18,831,000","-2,382,000","16,067,000","14,727,000","19,595,000","19,031,000","20,517,000","17,815,000","19,530,000","13,842,307","17,501,779","20,987,544","15,471,502","19,296,942","18,926,403","18,778,745","10,880,802","6,026,990","10,598,310","8,546,829","8,403,529","5,899,647","4,488,174","4,852,714","7,759,268","3,248,624","2,464,917","-1,549,181"
EBITDA,"1,857,916,000"
ReconciledCostOfRevenue,"29,231,000","5,154,000","4,368,000","3,725,000","15,984,000","2,489,000","2,762,000","2,970,000","7,066,000","2,660,000","7,242,000","3,234,000","7,511,000","1,743,000","296,000","601,000","1,920,000","128,000","1,811,000","1,519,000","1,153,000","1,328,000","1,120,000","-93,000","140,000","349,000","645,000","1,158,000","530,000","33,000","144,000","366,000","-38,000","456,000","39,000","174,000","369,000","133,000","451,000","218,000","399,000","168,000","461,000","117,000","66,000","61,000","1,676,000","485,000","871,000","908,000","1,397,000","2,142,000","1,091,000","822,000","458,711","0",,,,,,,,,,,,,,,,,
ReconciledDepreciation,"343,935,000","88,760,000","87,664,000","88,442,000","79,069,000","78,606,000","75,146,000","72,592,000","64,382,000","63,833,000","45,508,000","41,637,000","34,755,000","34,675,000","34,984,000","32,067,000","36,583,000","37,858,000","38,174,000","33,980,000","30,871,000","28,954,000","27,881,000","24,550,000","23,476,000","21,694,000","20,678,000","20,585,000","15,490,000","15,074,000","14,759,000","13,688,000","12,743,000","13,972,000","11,818,000","9,073,000","8,998,000","8,929,000","8,694,000","8,962,000","9,028,000","8,909,000","10,223,000","8,625,000","8,545,000","8,084,000","6,678,000","6,451,000","6,145,000","7,038,000","6,583,000","6,575,000","6,808,000","6,343,000","5,612,476","11,301,670","5,608,857","4,011,997","4,126,460","3,469,665","2,904,290","2,672,133","2,660,805","2,027,517","1,837,519","1,792,462","1,463,544","1,217,677","868,552","1,017,902","582,982","932,764","0"
NetIncomeFromContinuingOperationNetMinorityInterest,"1,123,919,000","631,681,000","206,536,000","171,137,000","114,565,000","163,783,000","109,884,000","131,106,000","109,468,000","80,992,000","129,638,000","89,786,000","79,438,000","75,822,000","78,483,000","736,034,000","111,567,000","90,601,000","71,944,000","76,464,000","73,415,000","67,970,000","43,039,000","70,358,000","53,724,000","57,928,000","58,237,000","23,057,000","22,407,000","35,897,000","14,947,000","28,537,000","-203,000","7,243,000","12,423,000","25,611,000","25,248,000","26,158,000","23,041,000","23,436,000","20,596,000","10,443,000","5,550,000","431,000","2,641,000","10,632,000","6,763,000","9,063,000","-24,000","-1,887,000","9,641,000","11,110,000","8,426,000","10,060,000","3,077,617","7,090,653","8,598,665","8,454,314","8,405,774","12,061,780","13,496,613","6,045,783","5,106,513","8,673,547","7,915,071","7,977,610","6,444,511","5,256,091","4,379,811","3,559,934","3,511,027","2,628,938","-1,069,892"
TotalUnusualItemsExcludingGoodwill,"503,120,000","451,638,000","43,575,000","9,294,000","-1,387,000","989,000","-130,000","-927,000","-3,101,000","-17,681,000","20,467,000","209,000","-147,000",,"-1,437,000","646,698,000","23,740,000","1,467,000","-8,649,000","-7,416,000","-10,806,000","4,657,000","-39,898,000","42,019,000","4,496,000","1,065,000","-4,345,000","-24,949,000","-25,809,000","-6,239,000","-18,456,000","-4,886,000","-32,166,000","-21,008,000","-13,037,000","-4,179,000","-2,088,000","-191,000","-3,194,000","632,000","583,000","-3,425,000","-998,000","-10,955,000","-4,969,000","-2,040,000","-160,000","-342,000","0","-12,000,000",,"0","0",,"0","0",,"0","0","0","0","0","0","0","0","0",,"0","0",,,"0","0"
TotalUnusualItems,"503,120,000","451,638,000","43,575,000","9,294,000","-1,387,000","989,000","-130,000","-927,000","-3,101,000","-17,681,000","20,467,000","209,000","-147,000",,"-1,437,000","646,698,000","23,740,000","1,467,000","-8,649,000","-7,416,000","-10,806,000","4,657,000","-39,898,000","42,019,000","4,496,000","1,065,000","-4,345,000","-24,949,000","-25,809,000","-6,239,000","-18,456,000","-4,886,000","-32,166,000","-21,008,000","-13,037,000","-4,179,000","-2,088,000","-191,000","-3,194,000","632,000","583,000","-3,425,000","-998,000","-10,955,000","-4,969,000","-2,040,000","-160,000","-342,000","0","-12,000,000",,"0","0",,"0","0",,"0","0","0","0","0","0","0","0","0",,"0","0",,,"0","0"
NormalizedEBITDA,"1,354,796,000","371,631,000","323,064,000","341,066,000","332,650,000","323,214,000","296,632,000","295,697,000","255,859,000","275,768,000","196,000,000","195,469,000","162,913,000","155,260,000","162,397,000","181,124,000","184,549,000","185,632,000","177,553,000","161,566,000","154,569,000","131,378,000","141,486,000","93,826,000","114,769,000","118,547,000","119,769,000","100,380,000","91,241,000","84,330,000","75,053,000","72,967,000","69,108,000","63,844,000","58,913,000","54,748,000","51,032,000","50,756,000","48,263,000","46,224,000","43,391,000","35,631,000","28,168,000","31,989,000","28,585,000","28,955,000","4,456,000","22,860,000","20,872,000","38,633,000","25,614,000","27,092,000","24,623,000","25,873,000","19,913,494","28,803,449","26,596,401","19,483,499","23,423,402","22,396,068","21,683,035","13,552,935","8,687,795","12,625,827","10,384,348","10,195,991","7,363,191","5,705,851","5,826,710","8,777,170","3,831,606","3,397,681","-1,549,181"
TaxRateForCalcs,"0.064","0.018","0.023","0.058","0.304","0.049","0.054","0.108","0.042","0.047","0.006","0.27","0.27","0.27","0.27","0.003","0.014","0.013","0.026","0.007","0.4","0.013","0.4","0.007","0.007","0.005","0.008","0.003","0.024","0.01","0.007","0.009","0.35","0.35","0.35","0.35","0.35","0.35","0.35","0.35","0.35","0.35","0.35","0.35","0.35","0.35","0.35","0.35","0.35","0.35","0.35","0.35","0.35","0.35","0.35","0.35","0.35","0.35","0.35","0.35","0.35","0.35","0.4","0.4","0.4","0.4","0.4","0.4","0.4","0.4","0.4","0.4","0.4"
TaxEffectOfUnusualItems,"32,216,701.06","7,988,467.436","989,671.795","541,409.957","-421,807.715","48,003.019","-6,963.847","-100,569.39","-130,805.365","-832,491.575","114,511.435","56,430","-39,690","0","-387,990","1,807,328.881","326,691.495","18,691.85","-221,016.803","-50,774.179","-4,322,400","58,472.151","-15,959,200","289,855.56","30,145.594","5,802.972","-35,824.847","-86,019.911","-630,334.331","-64,362.053","-131,680.518","-42,079.898","-11,258,100","-7,352,800","-4,562,950","-1,462,650","-730,800","-66,850","-1,117,900","221,200","204,050","-1,198,750","-349,300","-3,834,250","-1,739,150","-714,000","-56,000","-119,700","0","-4,200,000","0","0","0","0","0","0","0","0","0","0","0","0","0","0","0","0","0","0","0","0","0","0","0"