name,ttm,03/31/2022,12/31/2021,09/30/2021,06/30/2021,03/31/2021,12/31/2020,09/30/2020,06/30/2020,03/31/2020,12/31/2019,09/30/2019,06/30/2019,03/31/2019,12/31/2018,09/30/2018,06/30/2018,03/31/2018,12/31/2017,09/30/2017,06/30/2017,03/31/2017,12/31/2016,09/30/2016,06/30/2016,03/31/2016,12/31/2015,09/30/2015,06/30/2015,03/31/2015,12/31/2014,09/30/2014,06/30/2014,03/31/2014,12/31/2013,09/30/2013,06/30/2013,03/31/2013,12/31/2012,09/30/2012,06/30/2012,03/31/2012,12/31/2011,09/30/2011,06/30/2011,03/31/2011,12/31/2010,09/30/2010,06/30/2010,03/31/2010,12/31/2009,09/30/2009,06/30/2009,03/31/2009,12/31/2008,09/30/2008,06/30/2008,03/31/2008,12/31/2007,09/30/2007,06/30/2007,03/31/2007,12/31/2006,09/30/2006,06/30/2006,03/31/2006,12/31/2005,09/30/2005,06/30/2005,03/31/2005,12/31/2004,09/30/2004,06/30/2004,03/31/2004,12/31/2003,09/30/2003,06/30/2003,03/31/2003,12/31/2002,09/30/2002,06/30/2002,03/31/2002,12/31/2001,09/30/2001,06/30/2001,03/31/2001,12/31/2000,09/30/2000,06/30/2000,03/31/2000,12/31/1999,09/30/1999,06/30/1999,03/31/1999,12/31/1998,09/30/1998,06/30/1998,03/31/1998
TotalRevenue,"507,137,000","119,277,000","134,515,000","127,994,000","125,351,000","122,902,000","131,319,000","127,408,000","110,584,000","111,424,000","133,531,000","119,693,000","117,737,000","115,366,000","131,917,000","122,152,000","120,602,000","122,967,000","138,145,000","125,212,000","120,610,000","120,576,000","140,108,000","129,896,000","123,142,000","119,015,000","143,522,000","129,536,000","132,940,000","123,871,000","148,871,000","151,202,000","141,853,000","137,904,000","165,881,000","141,919,000","137,905,000","130,183,000","164,453,000","143,230,000","141,838,000","145,085,000","160,266,000","141,704,000","138,151,000","122,029,000","139,120,000","114,530,000","107,537,000","93,390,000","105,771,000","104,017,000","87,759,000","80,240,000","95,005,000","90,628,000","88,856,000","83,539,000","97,596,000","95,844,000","84,806,000","72,428,000","92,554,000","77,665,000","74,106,000","69,498,000","77,429,000","65,810,000","65,437,000","59,986,000","71,592,000","60,626,000","49,884,000","49,106,000","51,672,000","42,837,000","43,633,000","37,435,000","41,969,000","33,369,000","36,830,000","35,659,000","35,625,000","44,198,000","49,209,000","51,384,000","58,116,000","64,855,000","50,344,000","50,615,000","15,258,000","54,600,000","45,600,000","35,800,000","35,700,000","27,000,000","23,800,000","19,900,000"
	OperatingRevenue,"420,636,000","96,509,000","113,537,000","107,070,000","103,520,000","101,955,000","110,444,000","109,230,000","92,875,000","91,710,000","112,061,000","99,751,000","100,203,000","96,885,000","111,946,000","101,967,000","100,552,000","99,378,000","115,843,000","102,164,000","98,230,000","99,274,000","118,483,000","109,731,000","102,692,000","98,250,000","119,359,000","105,449,000","107,187,000","96,727,000","115,383,000","114,981,000","109,835,000","103,778,000","27,627,000","141,919,000","137,905,000","130,183,000","164,453,000","143,230,000","141,838,000","145,085,000","160,266,000","141,704,000","138,151,000","122,029,000","139,120,000","114,530,000","107,537,000","93,390,000","105,771,000","104,017,000","87,759,000","80,240,000","95,005,000","90,628,000","88,856,000","83,539,000","97,596,000","95,844,000","84,806,000","72,428,000","92,554,000","77,665,000","74,106,000","69,498,000","77,429,000","65,810,000","65,437,000","59,986,000","71,592,000","60,626,000","49,884,000","49,106,000","51,672,000","42,837,000","43,633,000","37,435,000","41,969,000","33,369,000","36,830,000","35,659,000","35,625,000","44,198,000","49,209,000","51,384,000","58,116,000","64,855,000","50,344,000","50,615,000","15,258,000","54,600,000","45,600,000","35,800,000","35,700,000","27,000,000","23,800,000","19,900,000"
CostOfRevenue,"95,037,000","25,677,000","24,003,000","22,319,000","23,038,000","22,549,000","20,785,000","21,736,000","23,989,000","24,545,000","24,636,000","23,815,000","25,350,000","26,173,000","25,885,000","23,389,000","25,040,000","25,185,000","24,753,000","24,389,000","24,375,000","23,132,000","23,288,000","22,935,000","24,101,000","22,823,000","23,414,000","24,684,000","25,912,000","27,098,000","31,635,000","34,953,000","35,613,000","33,009,000","32,969,000","33,253,000","36,446,000","35,901,000","39,682,000","37,485,000","36,636,000","38,989,000","37,652,000","36,664,000","34,543,000","33,161,000","32,878,000","27,240,000","24,349,000","21,624,000","19,466,000","16,539,000","15,937,000","14,661,000","16,066,000","16,726,000","16,109,000","14,045,000","14,054,000","16,007,000","18,114,000","12,319,000","12,512,000","11,709,000","10,631,000","9,534,000","9,382,000","9,279,000","9,097,000","8,693,000","8,475,000","8,502,000","8,139,000","7,755,000","7,287,000","6,792,000","7,158,000","6,748,000","6,963,000","6,718,000","7,058,000","7,161,000","-2,293,000","12,881,000","15,006,000","20,049,000","29,605,000","16,726,000","18,220,000","14,074,000","8,725,000","7,600,000","7,100,000","5,600,000","4,900,000","4,500,000","4,100,000",
GrossProfit,"412,100,000","93,600,000","110,512,000","105,675,000","102,313,000","100,353,000","110,534,000","105,672,000","86,595,000","86,879,000","108,895,000","95,878,000","92,387,000","89,193,000","106,032,000","98,763,000","95,562,000","97,782,000","113,392,000","100,823,000","96,235,000","97,444,000","116,820,000","106,961,000","99,041,000","96,192,000","120,108,000","104,852,000","107,028,000","96,773,000","117,236,000","116,249,000","106,240,000","104,895,000","132,912,000","108,666,000","101,459,000","94,282,000","124,771,000","105,745,000","105,202,000","106,096,000","122,614,000","105,040,000","103,608,000","88,868,000","106,242,000","87,290,000","83,188,000","71,766,000","86,305,000","87,478,000","71,822,000","65,579,000","78,939,000","73,902,000","72,747,000","69,494,000","83,542,000","79,837,000","66,692,000","60,109,000","80,042,000","65,956,000","63,475,000","59,964,000","68,047,000","56,531,000","56,340,000","51,293,000","63,117,000","52,124,000","41,745,000","41,351,000","44,385,000","36,045,000","36,475,000","30,687,000","35,006,000","26,651,000","29,772,000","28,498,000","37,918,000","31,317,000","34,203,000","31,335,000","28,511,000","48,129,000","32,124,000","36,541,000","6,533,000","47,000,000","38,500,000","30,200,000","30,800,000","22,500,000","19,700,000",
OperatingExpense,"376,818,000","93,469,000","101,392,000","90,171,000","91,786,000","89,410,000","83,688,000","81,701,000","80,267,000","86,951,000","99,267,000","91,292,000","97,217,000","99,579,000","108,189,000","91,543,000","97,359,000","97,067,000","94,636,000","80,248,000","80,562,000","78,093,000","80,078,000","76,941,000","77,954,000","76,371,000","74,196,000","74,035,000","72,186,000","74,043,000","80,911,000","111,665,000","118,966,000","113,242,000","114,389,000","97,040,000","103,507,000","102,943,000","111,278,000","99,032,000","95,713,000","105,638,000","113,660,000","103,503,000","100,135,000","87,790,000","87,379,000","77,493,000","68,847,000","64,178,000","59,750,000","57,093,000","55,325,000","52,713,000","57,623,000","56,554,000","57,688,000","55,118,000","56,978,000","51,235,000","48,317,000","45,428,000","48,084,000","42,799,000","39,779,000","29,986,000","38,468,000","33,669,000","33,385,000","32,822,000","35,908,000","33,298,000","29,574,000","31,107,000","31,865,000","29,068,000","30,058,000","26,930,000","29,084,000","24,739,000","25,935,000","25,548,000","16,867,000","38,315,000","46,807,000","60,041,000","71,587,000","79,105,000","79,731,000","76,028,000","50,966,000","41,400,000","34,000,000","27,700,000","26,600,000","19,800,000","18,000,000",
	SellingGeneralAndAdministration,"255,661,000","59,946,000","70,517,000","61,960,000","63,238,000","59,927,000","58,733,000","55,063,000","54,400,000","60,850,000","73,280,000","63,835,000","69,453,000","71,364,000","80,161,000","65,714,000","72,277,000","73,507,000","73,217,000","60,888,000","61,001,000","59,667,000","61,740,000","58,872,000","58,794,000","58,796,000","57,041,000","56,246,000","57,322,000","58,645,000","67,025,000","83,006,000","86,218,000","85,180,000","88,354,000","75,063,000","79,280,000","77,126,000","84,570,000","75,567,000","75,056,000","81,903,000","91,348,000","83,069,000","83,261,000","74,792,000","73,631,000","63,818,000","58,035,000","51,847,000","48,361,000","45,693,000","44,157,000","44,874,000","51,501,000","50,632,000","49,485,000","45,382,000","46,559,000","41,591,000","38,678,000","38,397,000","39,709,000","33,987,000","31,029,000","30,718,000","30,079,000","25,831,000","25,306,000","25,586,000","31,568,000","25,933,000","23,041,000","24,359,000","25,801,000","22,145,000","22,242,000","19,867,000","20,721,000","17,638,000","18,223,000","19,232,000","12,082,000","25,253,000","32,845,000","41,780,000","46,972,000","53,527,000","55,728,000","53,630,000","39,660,000","30,700,000","26,500,000","21,100,000","21,300,000","15,900,000","14,600,000",
		GeneralAndAdministrativeExpense,"100,478,000","26,706,000","27,104,000","23,751,000","22,917,000","21,729,000","19,622,000","19,733,000","19,449,000","21,332,000","23,013,000","19,900,000","21,180,000","22,604,000","22,378,000","20,285,000","21,299,000","22,172,000","21,240,000","19,082,000","19,582,000","20,257,000","16,448,000","19,703,000","21,092,000","22,219,000","17,661,000","19,843,000","21,103,000","22,125,000","19,967,000","24,811,000","25,262,000","26,303,000","27,463,000","24,265,000","26,594,000","26,412,000","25,340,000","23,498,000","23,939,000","24,474,000","22,223,000","21,618,000","22,319,000","23,281,000","22,649,000","21,816,000","18,674,000","18,460,000","13,265,000","14,204,000","12,800,000","14,344,000",,,,,,,,,,,,,,,,,,,,,,,,,,,,,,,,,,,,,,,,,,,,
			OtherGandA,"100,478,000","26,706,000","27,104,000","23,751,000","22,917,000","21,729,000","19,622,000","19,733,000","19,449,000","21,332,000","23,013,000","19,900,000","21,180,000","22,604,000","22,378,000","20,285,000","21,299,000","22,172,000","21,240,000","19,082,000","19,582,000","20,257,000","16,448,000","19,703,000","21,092,000","22,219,000","17,661,000","19,843,000","21,103,000","22,125,000","19,967,000","24,811,000","25,262,000","26,303,000","27,463,000","24,265,000","26,594,000","26,412,000","25,340,000","23,498,000","23,939,000","24,474,000","22,223,000","21,618,000","22,319,000","23,281,000","22,649,000","21,816,000","18,674,000","18,460,000","13,265,000","14,204,000","12,800,000","14,344,000",,,,,,,,,,,,,,,,,,,,,,,,,,,,,,,,,,,,,,,,,,,,
		SellingAndMarketingExpense,"155,183,000","33,240,000","43,413,000","38,209,000","40,321,000","38,198,000","39,111,000","35,330,000","34,951,000","39,518,000","50,267,000","43,935,000","48,273,000","48,760,000","57,783,000","45,429,000","50,978,000","51,335,000","51,977,000","41,806,000","41,419,000","39,410,000","45,292,000","39,169,000","37,702,000","36,577,000","39,380,000","36,403,000","36,219,000","36,520,000","47,058,000","58,195,000","60,956,000","58,877,000","60,891,000","50,798,000","52,686,000","50,714,000","59,230,000","52,069,000","51,117,000","57,429,000","69,125,000","61,451,000","60,942,000","51,511,000","50,982,000","42,002,000","39,361,000","33,387,000","35,096,000","31,489,000","31,357,000","30,530,000",,,,,,,,,,,,,,,,,,,,,,,,,,,,,,,,,,,,,,,,,,,,
	ResearchAndDevelopment,"121,157,000","33,523,000","30,875,000","28,211,000","28,548,000","29,483,000","24,955,000","26,638,000","25,867,000","26,101,000","25,987,000","27,457,000","27,764,000","28,215,000","28,028,000","25,829,000","25,082,000","23,560,000","21,419,000","19,360,000","19,561,000","18,426,000","18,338,000","18,069,000","19,160,000","17,575,000","17,155,000","17,789,000","14,864,000","15,398,000","13,886,000","28,659,000","32,748,000","28,062,000","26,035,000","21,977,000","24,227,000","25,817,000","26,708,000","23,465,000","20,657,000","23,735,000","22,312,000","20,434,000","16,874,000","12,998,000","13,748,000","13,675,000","10,812,000","12,331,000","11,389,000","11,400,000","11,168,000","7,839,000","6,122,000","5,922,000","8,203,000","9,736,000","10,402,000","9,626,000","9,621,000","7,013,000","8,357,000","8,794,000","8,732,000","8,250,000","8,372,000","7,820,000","8,061,000","7,218,000","4,322,000","7,347,000","6,516,000","6,730,000","6,048,000","6,905,000","7,798,000","6,933,000","7,851,000","6,245,000","6,850,000","5,351,000","280,000","8,814,000","9,713,000","14,012,000","13,389,000","16,031,000","15,813,000","16,200,000","8,398,000","8,400,000","6,100,000","5,100,000","4,000,000","3,200,000","2,800,000",
	DepreciationAmortizationDepletionIncomeStatement,,,,,,,,,,,,,,,,,,,,,,,,,,,,,,,,,,,,,,,,,,,,,,,,,,,,,,,,,,,"17,000","18,000","18,000","18,000","18,000","18,000","18,000","18,000","17,000","18,000","18,000","18,000","18,000","18,000","17,000","18,000","16,000","18,000","18,000","130,000","512,000","856,000","862,000","965,000","4,505,000","4,248,000","4,249,000","4,249,000","11,226,000","9,547,000","8,190,000","6,198,000","2,908,000","2,300,000","1,400,000","1,500,000","1,300,000","700,000","600,000",
		DepreciationAndAmortizationInIncomeStatement,,,,,,,,,,,,,,,,,,,,,,,,,,,,,,,,,,,,,,,,,,,,,,,,,,,,,,,,,,,"17,000","18,000","18,000","18,000","18,000","18,000","18,000","18,000","17,000","18,000","18,000","18,000","18,000","18,000","17,000","18,000","16,000","18,000","18,000","130,000","512,000","856,000","862,000","965,000","4,505,000","4,248,000","4,249,000","4,249,000","11,226,000","9,547,000","8,190,000","6,198,000","2,908,000","2,300,000","1,400,000","1,500,000","1,300,000","700,000","600,000",
			Amortization,,,,,,,,,,,,,,,,,,,,,,,,,,,,,,,,,,,,,,,,,,,,,,,,,,,,,,,,,,,"17,000","18,000","18,000","18,000","18,000","18,000","18,000","18,000","17,000","18,000","18,000","18,000","18,000","18,000","17,000","18,000","16,000","18,000","18,000","130,000","512,000","856,000","862,000","965,000","4,505,000","4,248,000","4,249,000","4,249,000",,,,,,,,,,,,
				AmortizationOfIntangiblesIncomeStatement,,,,,,,,,,,,,,,,,,,,,,,,,,,,,,,,,,,,,,,,,,,,,,,,,,,,,,,,,,,"17,000","18,000","18,000","18,000","18,000","18,000","18,000","18,000","17,000","18,000","18,000","18,000","18,000","18,000","17,000","18,000","16,000","18,000","18,000","130,000","512,000","856,000","862,000","965,000","4,505,000","4,248,000","4,249,000","4,249,000",,,,,,,,,,,,
	OtherOperatingExpenses,,,,,,,,,,,,,,,,,,,,,,,,,,,,,,,,,,,,,,,,,,,,,,,,,,,,,,,,,,,,,,,,,,"-9,000,000",,,,,,,,,,,,,,,,,,,,,,,,,,,,,,,,
OperatingIncome,"35,282,000","131,000","9,120,000","15,504,000","10,527,000","10,943,000","26,846,000","23,971,000","6,328,000","-72,000","9,628,000","4,586,000","-4,830,000","-10,386,000","-2,157,000","7,220,000","-1,797,000","715,000","18,756,000","20,575,000","15,673,000","19,351,000","36,742,000","30,020,000","21,087,000","19,821,000","45,912,000","30,817,000","34,842,000","22,730,000","36,325,000","4,584,000","-12,726,000","-8,347,000","18,523,000","11,626,000","-2,048,000","-8,661,000","13,493,000","6,713,000","9,489,000","458,000","8,954,000","1,537,000","3,473,000","1,078,000","18,863,000","9,797,000","14,341,000","7,588,000","26,555,000","30,385,000","16,497,000","12,866,000","21,316,000","17,348,000","15,059,000","14,376,000","26,564,000","28,602,000","18,375,000","14,681,000","31,958,000","23,157,000","23,696,000","29,978,000","29,579,000","22,862,000","22,955,000","18,471,000","27,209,000","18,826,000","12,171,000","10,244,000","12,520,000","6,977,000","6,417,000","3,757,000","5,922,000","1,912,000","3,837,000","2,950,000","21,051,000","-6,998,000","-12,604,000","-28,706,000","-43,076,000","-30,976,000","-47,607,000","-39,487,000","-44,433,000","5,600,000","4,500,000","2,500,000","4,200,000","2,700,000","1,700,000","19,900,000"
NetNonOperatingInterestIncomeExpense,"-37,792,000","-11,039,000","-11,629,000","-10,723,000","-4,401,000","-2,396,000","-1,917,000","209,000","563,000","1,855,000","2,389,000","2,941,000","3,013,000","2,566,000","3,157,000","3,441,000","3,223,000","2,034,000","1,756,000","1,449,000","1,163,000","837,000","754,000","507,000","539,000","403,000","155,000","116,000","11,000","2,000","29,000","53,000","32,000","48,000","34,000","80,000","322,000","61,000","50,000","41,000","35,000","15,000","60,000","18,000","39,000","82,000","80,000","192,000","15,000","102,000","439,000","121,000","251,000","145,000",,,,,,,,,,,,,,,,,,,,,,,,,,,,,,,,,,,,,,,,,,,,
	InterestIncomeNonOperating,,,,,,,"-1,917,000","209,000","563,000","1,855,000","2,389,000","2,941,000","3,013,000","2,566,000","3,157,000","3,441,000","3,223,000","2,034,000","1,756,000","1,449,000","1,163,000","837,000","754,000","507,000","539,000","403,000","155,000","116,000","11,000","2,000","29,000","53,000","32,000","48,000","34,000","80,000","322,000","61,000","50,000",,,,,,,,,,,,,,,,,,,,,,,,,,,,,,,,,,,,,,,,,,,,,,,,,,,,,,,,,,,
	TotalOtherFinanceCost,"37,792,000","11,039,000","11,629,000","10,723,000","4,401,000","2,396,000","1,917,000",,,,"-2,389,000","-2,941,000","-3,013,000","-2,566,000","-3,157,000","-3,441,000","-3,223,000","-2,034,000","-1,756,000","-1,449,000","-1,163,000","-837,000","-754,000","-507,000","-539,000","-403,000","-155,000","-116,000","-11,000","-2,000","-29,000","-53,000","-32,000","-48,000","-34,000","-80,000","-322,000","-61,000","-50,000","-41,000","-35,000","-15,000","-60,000","-18,000","-39,000","-82,000","-80,000","-192,000","-15,000","-102,000","-439,000","-121,000","-251,000","-145,000",,,,,,,,,,,,,,,,,,,,,,,,,,,,,,,,,,,,,,,,,,,,
OtherIncomeExpense,"-803,369,000","-167,866,000","-145,931,000","-63,901,000","-425,671,000","-192,831,000","-28,962,000","-47,213,000","-1,995,000","434,000","-2,361,000","1,882,000","29,431,000","-596,000","981,000","798,000","4,461,000","-1,594,000","-576,000","-1,903,000","-2,618,000","-1,856,000","3,604,000","-485,000","1,747,000","-1,693,000","939,000","680,000","-3,005,000","4,665,000","-705,000","-6,650,000","-474,000","-1,118,000","-1,262,000","-3,213,000","-419,000","1,708,000","-1,801,000","-113,000","1,011,000","-160,000","666,000","4,340,000","-316,000","-631,000","806,000","-1,817,000","2,144,000","2,849,000",,"-422,000",,"536,000","974,000","694,000","-102,000","-861,000","121,000","-809,000","-18,000","23,000","-386,000","-194,000","-515,000","-151,000","-113,000","252,000","1,008,000","276,000","-616,000","-162,000","-326,000","806,000","449,000","-30,466,000","-2,424,000","-20,000","1,011,000","3,962,000","25,575,000","1,823,000","-37,911,000","3,770,000","-18,814,000","8,478,000","35,116,000","-138,262,000","-4,969,000","6,430,000",,,"700,000","500,000","1,000,000","500,000",,
	GainOnSaleOfSecurity,,,,,,,,,,,,,,,,,,,,,,,,,,,,,,,,,,,,,,,,,,,"0","3,371,000",,,,,,,,,,,,,,,,,,,,,,,,,,,,,,,,,,,,,,,,,,,,,,,,,,,,,,
	SpecialIncomeCharges,"-806,617,000","-170,091,000","-146,587,000","-65,165,000","-424,774,000","-194,095,000","-26,456,000","-44,242,000",,,,,,,,,,,"0","0","0","0","0","-12,000","-8,000","-25,000","-18,000","-86,000","-90,000","-85,000","-3,154,000","-11,578,000",,,,,,,,"-113,000","1,011,000","-160,000","666,000","969,000","-316,000","-631,000","806,000","-1,817,000","2,144,000","2,849,000",,"-422,000",,"536,000","974,000","694,000","-102,000","-861,000","121,000","-809,000","-18,000","23,000","-386,000","-194,000","-515,000","-151,000","-113,000","252,000","1,008,000","276,000","-616,000","-162,000","-326,000","806,000","449,000","-30,466,000","-2,424,000","-20,000","1,011,000","3,962,000","25,575,000","1,823,000","-37,911,000","3,770,000","-18,814,000","8,478,000","35,116,000","-138,262,000","-4,969,000","6,430,000",,,"700,000","500,000","1,000,000","500,000",,
		RestructuringAndMergernAcquisition,,,,,,,,,,,,,,,,,,,"0","0","0","0","0","12,000","8,000","25,000","18,000","86,000","90,000","85,000","3,154,000","11,578,000",,,,,,,,,,,,,,,,,,,,,,,,,,,,,,,,,,,,,,,,,,,"0",,"1,699,000",,"1,434,000","370,000","1,162,000","1,232,000","-6,547,000","2,907,000","43,103,000",,,,,,,,,,,,,
		ImpairmentOfCapitalAssets,"806,617,000","170,091,000","146,587,000","65,165,000","424,774,000","194,095,000","26,456,000","44,242,000",,,,,,,,,,,,,,,,,,,,,,,,,,,,,,,,,,,,,,,,,,,,,,,,,,,,,,,,,,,,,,,,,,,,,,,,,,,,,,,,,,,,,,,,,,
		OtherSpecialCharges,,,,,,,,,,,,,,,,,,,,,,,,,,,,,,,,,,,,,,,,,,,,,,,,,,,,,,,,,,,,,,,,,,,,,,,,,,,"-449,000",,"725,000",,"-2,445,000","-4,332,000","-26,737,000","-3,055,000","44,458,000","-6,677,000","-24,289,000",,,,,,,,,,,,,
	OtherNonOperatingIncomeExpenses,"3,248,000","2,225,000","656,000","1,264,000","-897,000","1,264,000","-2,506,000","-2,971,000","-1,995,000","434,000","-2,361,000","1,882,000","29,431,000","-596,000","981,000","798,000","4,461,000","-1,594,000","-576,000","-1,903,000","-2,618,000","-1,856,000","3,604,000","-473,000","1,755,000","-1,668,000","957,000","766,000","-2,915,000","4,750,000","2,449,000","4,928,000","-474,000","-1,118,000","-1,262,000","-3,213,000","-419,000","1,708,000","-1,801,000",,,,,,,,,,,,,,,,,,,,,,,,,,,,,,,,,,,,,,,,,,,,,,,,,,,,,,,,,,,
PretaxIncome,"-805,879,000","-178,774,000","-148,440,000","-59,120,000","-419,545,000","-184,284,000","-4,033,000","-23,033,000","4,896,000","2,217,000","9,656,000","9,409,000","27,614,000","-8,416,000","1,981,000","11,459,000","5,887,000","1,155,000","19,936,000","20,121,000","14,218,000","18,332,000","41,100,000","30,042,000","23,373,000","18,531,000","47,006,000","31,613,000","31,848,000","27,397,000","35,649,000","-2,013,000","-13,168,000","-9,417,000","17,295,000","8,493,000","-2,145,000","-6,892,000","11,742,000","6,641,000","10,535,000","313,000","9,680,000","5,895,000","3,196,000","529,000","19,749,000","8,172,000","16,500,000","10,539,000","27,161,000","30,084,000","15,008,000","13,547,000","22,475,000","18,665,000","15,617,000","14,314,000","27,551,000","28,720,000","19,231,000","15,685,000","32,330,000","23,546,000","23,829,000","21,657,000","30,310,000","23,589,000","24,667,000","19,604,000","27,138,000","19,023,000","12,008,000","11,151,000","13,007,000","-24,016,000","2,225,000","1,529,000","4,689,000","3,302,000","27,932,000","3,384,000","12,934,000","-4,996,000","-33,250,000","-20,282,000","-7,286,000","-167,878,000",,"-32,600,000","-46,797,000","6,100,000","5,200,000","3,000,000","5,100,000","3,100,000","1,500,000",
TaxProvision,"-249,668,000","-48,023,000","-58,463,000","-22,984,000","-120,198,000","-74,264,000","-6,694,000","-8,804,000","1,509,000","1,560,000","-2,511,000","-291,000","7,220,000","-510,000","-1,320,000","-1,240,000","1,059,000","-518,000","46,160,000","2,197,000","3,142,000","3,465,000","9,976,000","3,414,000","4,489,000","4,259,000","7,895,000","7,720,000","9,381,000","6,937,000","12,950,000","-1,168,000","-2,831,000","-2,935,000","1,147,000","-8,653,000","-592,000","-1,701,000","3,502,000","1,878,000","3,264,000","41,000","680,000","974,000","311,000","-605,000","1,827,000","821,000","4,882,000","3,638,000","6,620,000","8,730,000","5,056,000","4,888,000","8,638,000","7,593,000","7,719,000","5,171,000","9,876,000","9,385,000","7,618,000","5,840,000","9,977,000","6,574,000","7,271,000","6,664,000","11,460,000","10,336,000","7,080,000","4,551,000","2,620,000","-102,966,000","581,000","772,000","-3,722,000","342,000","-71,000","864,000","59,000","312,000","420,000","399,000","1,120,000","1,003,000","48,000","289,000","800,000","350,000",,"250,000","-4,154,000","2,300,000","2,000,000","1,100,000","1,600,000","1,200,000","600,000",
NetIncomeCommonStockholders,"-556,211,000","-130,751,000","-89,977,000","-36,136,000","-299,347,000","-110,020,000","2,661,000","-14,229,000","3,387,000","657,000","12,167,000","9,700,000","20,394,000","-7,906,000","3,301,000","12,699,000","4,828,000","1,673,000","-26,224,000","17,924,000","11,076,000","14,867,000","31,124,000","26,628,000","18,884,000","14,272,000","39,111,000","23,893,000","22,467,000","20,460,000","22,699,000","-845,000","-10,337,000","-6,482,000","16,148,000","17,146,000","-1,553,000","51,591,000","8,240,000","4,763,000","7,271,000","272,000","9,000,000","4,921,000","2,885,000","1,134,000","17,922,000","7,351,000","11,618,000","6,901,000","20,541,000","21,354,000","9,967,000","22,975,000","14,285,000","11,124,000","8,126,000","9,988,000","17,675,000","19,335,000","11,613,000","9,845,000","22,353,000","16,972,000","16,558,000","14,993,000","18,850,000","13,253,000","17,587,000","15,053,000","24,518,000","121,989,000","11,427,000","10,379,000","17,494,000","-24,358,000","2,296,000","665,000","4,630,000","1,239,000","24,946,000","428,000","-98,335,000","36,135,000","-35,662,000","-22,729,000","-10,273,000","-170,416,000","-52,454,000","-32,850,000","-42,643,000","3,800,000","3,200,000","1,900,000","3,500,000","1,900,000","900,000","600,000"
	NetIncome,"-556,211,000","-130,751,000","-89,977,000","-36,136,000","-299,347,000","-110,020,000","2,661,000","-14,229,000","3,387,000","657,000","12,167,000","9,700,000","20,394,000","-7,906,000","3,301,000","12,699,000","4,828,000","1,673,000","-26,224,000","17,924,000","11,076,000","14,867,000","31,124,000","26,628,000","18,884,000","14,272,000","39,111,000","23,893,000","22,467,000","20,460,000","22,699,000","-845,000","-10,337,000","-6,482,000","16,148,000","17,146,000","-1,553,000","51,591,000","8,240,000","4,763,000","7,271,000","272,000","9,000,000","4,921,000","2,885,000","1,134,000","17,922,000","7,351,000","11,618,000","6,901,000","20,541,000","21,354,000","9,967,000","22,975,000","14,285,000","11,124,000","8,126,000","9,988,000","17,675,000","19,335,000","11,613,000","9,845,000","22,353,000","16,972,000","16,558,000","14,993,000","18,850,000","13,253,000","17,587,000","15,053,000","24,518,000","121,989,000","11,427,000","10,379,000","17,494,000","-24,358,000","2,296,000","665,000","4,630,000","2,990,000","27,512,000","2,985,000","-95,293,000","38,924,000","-33,298,000","-20,571,000","-8,086,000","-168,228,000","-52,142,000","-32,850,000","-42,643,000","3,800,000","3,200,000","1,900,000","3,500,000","1,900,000","900,000","600,000"
		NetIncomeIncludingNoncontrollingInterests,"-556,211,000","-130,751,000","-89,977,000","-36,136,000","-299,347,000","-110,020,000","2,661,000","-14,229,000","3,387,000","657,000","12,167,000","9,700,000","20,394,000","-7,906,000","3,301,000","12,699,000","4,828,000","1,673,000","-26,224,000","17,924,000","11,076,000","14,867,000","31,124,000","26,628,000","18,884,000","14,272,000","39,111,000","23,893,000","22,467,000","20,460,000","22,699,000","-845,000","-10,337,000","-6,482,000","16,148,000","17,146,000","-1,553,000","51,591,000","8,240,000","4,763,000","7,271,000","272,000","9,000,000","4,921,000","2,885,000","1,134,000","17,922,000","7,351,000","11,618,000","6,901,000","20,541,000","21,354,000","9,967,000","22,975,000","14,285,000","11,124,000","8,126,000","9,988,000","17,675,000","19,335,000","11,613,000","9,845,000","22,353,000","16,972,000","16,558,000","14,993,000","18,850,000","13,253,000","17,587,000","15,053,000","24,518,000","121,989,000","11,427,000","10,379,000","17,494,000","-24,358,000","2,296,000","665,000","4,630,000","2,990,000","27,512,000","2,985,000","-98,401,000","39,703,000","-32,117,000","-19,423,000","-7,373,000","-168,228,000","-52,142,000","-32,850,000","-42,643,000","3,800,000","3,200,000","1,900,000","3,500,000","1,900,000","900,000","600,000"
			NetIncomeContinuousOperations,"-556,211,000","-130,751,000","-89,977,000","-36,136,000","-299,347,000","-110,020,000","2,661,000","-14,229,000","3,387,000","657,000","12,167,000","9,700,000","20,394,000","-7,906,000","3,301,000","12,699,000","4,828,000","1,673,000","-26,224,000","17,924,000","11,076,000","14,867,000","31,124,000","26,628,000","18,884,000","14,272,000","39,111,000","23,893,000","22,467,000","20,460,000","22,699,000","-845,000","-10,337,000","-6,482,000","16,148,000","17,146,000","-1,553,000","-5,191,000","8,240,000","4,763,000","7,271,000","272,000","9,000,000","4,921,000","2,885,000","1,134,000","17,922,000","7,351,000","11,618,000","6,901,000","20,541,000","21,354,000","9,952,000","8,659,000","13,837,000","11,072,000","7,898,000","9,143,000","17,675,000","19,335,000","11,613,000","9,845,000","22,353,000","16,972,000","16,558,000","14,993,000","18,850,000","13,253,000","17,587,000","15,053,000","24,518,000","121,989,000","11,427,000","10,379,000","16,729,000","-24,358,000","2,296,000","665,000","4,630,000","2,990,000","27,512,000","2,985,000","-62,479,000","38,924,000","-33,298,000","-20,571,000","-8,086,000","-168,228,000","-52,142,000","-32,850,000","-42,643,000","3,800,000","3,200,000","1,900,000","3,500,000","1,900,000","900,000","600,000"
			NetIncomeDiscontinuousOperations,,,,,,,,,,,,,,,,,,,,,,,,,,,,,,,"0","0","0","0","0","0","0","56,782,000",,,,,,,,,"0","0","0","0","0","0","15,000","14,316,000","448,000","52,000","228,000","845,000",,,,,,,,,,,,,,,,,,,,,,,,,,,,,,,,,,,,,,,,
		MinorityInterests,,,,,,,,,,,,,,,,,,,,,,,,,,,,,,,,,,,,,,,,,,,,,,,,,,,,,,,,,,,,,,,,,,,,,,,,,,,,,,,,,,,,"-779,000","-1,181,000","-1,148,000",,,,,,,,,,,,
	PreferredStockDividends,,,,,,,,,,,,,,,,,,,,,,,,,,,,,,,,,,,,,,,,,,,,,,,,,,,,,,,,,,,,,,,,,,,,,,,,,,,,,,,"0","1,751,000","2,566,000","2,557,000","3,042,000","2,789,000","2,364,000","2,158,000","2,187,000","2,188,000","312,000",,,,,,,,,
DilutedNIAvailtoComStockholders,"-556,211,000","-130,751,000","-89,977,000","-36,136,000","-299,347,000","-110,020,000","2,661,000","-14,229,000","3,387,000","657,000","12,167,000","9,700,000","20,394,000","-7,906,000","3,301,000","12,699,000","4,828,000","1,673,000","-26,224,000","17,924,000","11,076,000","14,867,000","31,124,000","26,628,000","18,884,000","14,272,000","39,111,000","23,893,000","22,467,000","20,460,000","22,699,000","-845,000","-10,337,000","-6,482,000","16,148,000","17,146,000","-1,553,000","51,591,000","8,240,000","4,763,000","7,271,000","272,000","9,000,000","4,921,000","2,885,000","1,134,000","17,922,000","7,351,000","11,618,000","6,901,000","20,541,000","21,354,000","9,967,000","22,975,000","14,285,000","11,124,000","8,126,000","9,988,000","17,675,000","19,335,000","11,613,000","9,845,000","22,353,000","16,972,000","16,558,000","14,993,000","18,850,000","13,253,000","17,587,000","15,053,000","24,518,000","121,989,000","11,427,000","10,379,000","17,494,000","-24,358,000","2,296,000","665,000","4,630,000","1,239,000","24,946,000","428,000","-98,335,000","36,135,000","-35,662,000","-22,729,000","-10,273,000","-170,416,000","-52,454,000","-32,850,000","-42,643,000","3,800,000","3,200,000","1,900,000","3,500,000","1,900,000","900,000","600,000"
BasicEPS,,"-11.58","-8.43","-3.61","-30.71","-11.4","0.28","-1.48","0.35","0.07","1.19","0.95","1.99","-0.77","0.3","1.11","0.42","0.15","-2.29","1.57","0.97","1.3","2.72","2.33","1.65","1.25","3.44","2.1","1.98","1.81","2.01","-0.07","-0.91","-0.57","1.43","1.52","-0.14","4.57","0.73","0.43","0.67","0.03","0.84","0.46","0.27","0.11",,"0.66","1","0.58",,"1.79","0.84","1.93",,"0.94","0.68","0.7",,"1.57","0.94","0.78",,"1.34","1.27","1.11",,"0.96","1.16","0.93",,"7.6","0.71","0.65",,"-1.59","0.16","0.05",,"0.19","24.3","0",,"3.8","-0.8","-2.8",,"-21.3","-9","-4.2",,"2.5","2","1.5",,"1.5","1","0.5"
DilutedEPS,,"-11.58","-8.43","-3.61","-30.71","-11.4","0.27","-1.48","0.35","0.07","1.18","0.94","1.98","-0.77","0.3","1.1","0.42","0.15","-2.29","1.56","0.96","1.28","2.69","2.31","1.64","1.24","3.38","2.06","1.95","1.79","1.99","-0.07","-0.91","-0.57","1.43","1.52","-0.14","4.57","0.73","0.43","0.65","0.02","0.81","0.44","0.26","0.1",,"0.63","0.97","0.56",,"1.73","0.81","1.88",,"0.9","0.66","0.67",,"1.51","0.9","0.75",,"1.27","1.21","1.05",,"0.91","1.12","0.89",,"7.22","0.67","0.6",,"-1.59","0.15","0.05",,"0.18","24.1","-0.8",,"3.7","-0.8","-2.8",,"-21.3","-9","-4.2",,"2.5","2","1.5",,"1.5","1","0.5"
BasicAverageShares,,"11,289,000","10,679,000","9,999,000","9,746,000","9,647,000","9,408,000","9,616,000","9,739,000","9,976,000","10,208,000","10,251,000","10,240,000","10,328,000","11,129,000","11,467,000","11,459,000","11,447,000","11,447,000","11,447,000","11,444,000","11,439,000","11,433,000","11,431,000","11,428,000","11,408,000","11,386,000","11,365,000","11,349,000","11,321,000","11,302,000","11,301,000","11,301,000","11,301,000","11,301,000","11,301,000","11,301,000","11,295,000","11,245,000","11,050,000","10,875,000","10,806,000","10,767,000","10,729,000","10,709,000","10,671,000",,"11,206,000","11,629,000","11,890,000",,"11,909,000","11,895,000","11,890,000",,"11,887,000","11,870,000","11,927,000",,"12,286,000","12,404,000","12,567,000",,"12,707,000","13,024,000","13,568,000",,"13,868,000","15,149,000","16,224,000",,"16,053,000","16,056,000","16,010,000",,"15,359,000","14,088,000","13,788,000",,"11,959,000","1,044,000","9,337,700",,"9,693,500","8,325,300","8,126,900",,"7,997,500","7,975,700","7,892,600",,"7,688,600","7,634,000","7,598,400",,"7,117,600","7,067,200","6,947,200"
DilutedAverageShares,,"11,289,000","10,679,000","9,999,000","9,746,000","9,647,000","9,849,000","9,616,000","9,741,000","10,031,000","10,301,000","10,309,000","10,310,000","10,328,000","11,151,000","11,538,000","11,493,000","11,488,000","11,447,000","11,499,000","11,592,000","11,593,000","11,558,000","11,521,000","11,523,000","11,479,000","11,577,000","11,589,000","11,510,000","11,455,000","11,409,000","11,301,000","11,301,000","11,301,000","11,301,000","11,301,000","11,301,000","11,295,000","11,281,000","11,197,000","11,121,000","11,092,000","11,078,000","11,072,000","11,068,000","11,045,000",,"11,603,000","12,029,000","12,303,000",,"12,311,000","12,256,000","12,219,000",,"12,306,000","12,324,000","12,381,000",,"12,771,000","12,940,000","13,159,000",,"13,325,000","13,678,000","14,304,000",,"14,537,000","15,767,000","16,965,000",,"16,903,000","17,128,000","17,253,000",,"15,359,000","14,940,000","14,056,000",,"12,629,000","1,049,800","11,882,400",,"9,909,700","8,325,300","8,126,900",,"7,997,500","7,975,700","7,892,600",,"7,688,600","7,634,000","7,598,400",,"7,117,600","7,067,200","6,947,200"
TotalOperatingIncomeAsReported,"-771,335,000","-169,960,000","-137,467,000","-49,661,000","-414,247,000","-183,152,000","390,000","-20,271,000","6,328,000","-72,000","9,628,000","4,586,000","-4,830,000","-10,386,000","-2,157,000","7,220,000","-1,797,000","715,000","18,756,000","20,575,000","15,673,000","19,351,000","36,742,000","30,008,000","21,079,000","19,796,000","45,894,000","30,731,000","34,752,000","22,645,000","33,171,000","-6,994,000","-12,726,000","-8,347,000","18,523,000","11,626,000","-2,048,000","-8,661,000","13,493,000","6,713,000","9,489,000","458,000","8,954,000","1,537,000","3,473,000","1,078,000","18,863,000","9,797,000","14,341,000","7,588,000","26,555,000","30,385,000","16,497,000","12,866,000","21,316,000","17,348,000","15,059,000","14,376,000","26,564,000","28,602,000","18,375,000","14,681,000","31,958,000","23,157,000","23,696,000","29,978,000","29,579,000","22,862,000","22,955,000","18,471,000","27,209,000","18,826,000","12,171,000","10,244,000","12,520,000","6,977,000","4,718,000","3,757,000","4,488,000","1,542,000","2,675,000","1,718,000","27,598,000","-9,905,000","-55,707,000","-28,706,000","-43,076,000","-30,976,000","-47,607,000","-39,487,000","-44,433,000","5,600,000","4,500,000","2,500,000","4,200,000","2,700,000","1,700,000",
TotalExpenses,"471,855,000","119,146,000","125,395,000","112,490,000","114,824,000","111,959,000","104,473,000","103,437,000","104,256,000","111,496,000","123,903,000","115,107,000","122,567,000","125,752,000","134,074,000","114,932,000","122,399,000","122,252,000","119,389,000","104,637,000","104,937,000","101,225,000","103,366,000","99,876,000","102,055,000","99,194,000","97,610,000","98,719,000","98,098,000","101,141,000","112,546,000","146,618,000","154,579,000","146,251,000","147,358,000","130,293,000","139,953,000","138,844,000","150,960,000","136,517,000","132,349,000","144,627,000","151,312,000","140,167,000","134,678,000","120,951,000","120,257,000","104,733,000","93,196,000","85,802,000","79,216,000","73,632,000","71,262,000","67,374,000","73,689,000","73,280,000","73,797,000","69,163,000","71,032,000","67,242,000","66,431,000","57,747,000","60,596,000","54,508,000","50,410,000","39,520,000","47,850,000","42,948,000","42,482,000","41,515,000","44,383,000","41,800,000","37,713,000","38,862,000","39,152,000","35,860,000","37,216,000","33,678,000","36,047,000","31,457,000","32,993,000","32,709,000","14,574,000","51,196,000","61,813,000","80,090,000","101,192,000","95,831,000","97,951,000","90,102,000","59,691,000","49,000,000","41,100,000","33,300,000","31,500,000","24,300,000","22,100,000",
NetIncomeFromContinuingAndDiscontinuedOperation,"-556,211,000","-130,751,000","-89,977,000","-36,136,000","-299,347,000","-110,020,000","2,661,000","-14,229,000","3,387,000","657,000","12,167,000","9,700,000","20,394,000","-7,906,000","3,301,000","12,699,000","4,828,000","1,673,000","-26,224,000","17,924,000","11,076,000","14,867,000","31,124,000","26,628,000","18,884,000","14,272,000","39,111,000","23,893,000","22,467,000","20,460,000","22,699,000","-845,000","-10,337,000","-6,482,000","16,148,000","17,146,000","-1,553,000","51,591,000","8,240,000","4,763,000","7,271,000","272,000","9,000,000","4,921,000","2,885,000","1,134,000","17,922,000","7,351,000","11,618,000","6,901,000","20,541,000","21,354,000","9,967,000","22,975,000","14,285,000","11,124,000","8,126,000","9,988,000","17,675,000","19,335,000","11,613,000","9,845,000","22,353,000","16,972,000","16,558,000","14,993,000","18,850,000","13,253,000","17,587,000","15,053,000","24,518,000","121,989,000","11,427,000","10,379,000","17,494,000","-24,358,000","2,296,000","665,000","4,630,000","2,990,000","27,512,000","2,985,000","-95,293,000","38,924,000","-33,298,000","-20,571,000","-8,086,000","-168,228,000","-52,142,000","-32,850,000","-42,643,000","3,800,000","3,200,000","1,900,000","3,500,000","1,900,000","900,000","600,000"
NormalizedIncome,"509,361.477","-6,414,479","-1,123,197.123","3,694,893.775","3,730,911.971","6,437,000","21,973,880","13,102,195.155","3,387,000","657,000","12,167,000","9,700,000","20,394,000","-7,906,000","3,301,000","12,699,000","4,828,000","1,673,000","-26,224,000","17,924,000","11,076,000","14,867,000","31,124,000","26,638,636.309","18,890,463.526","14,291,250","39,125,976.769","23,957,998.513","22,530,490.015","20,523,495","24,707,265.197","6,680,700","-10,337,000","-6,482,000","16,148,000","17,146,000","-1,553,000","-5,191,000","8,240,000","4,844,044.873","6,573,232.463","411,040","8,380,785.124","1,298,075.488","3,170,250.313","1,544,150","17,190,563.877","8,985,455.091","10,108,364.121","5,035,457.823","20,541,000","21,653,540.886","9,952,000","8,316,398.391","13,237,345.362","10,620,900","7,964,300","9,692,959.69","17,597,373.961","19,879,638.405","11,623,869.638","9,830,563.596","22,619,880.854","17,111,835.556","16,915,856.813","15,097,536.316","18,920,275.487","13,101,800","16,868,319.334","14,841,072.434","25,074,529.147","122,086,200","11,737,226.682","9,628,800.556","16,459,600","-6,078,400","3,750,400","677,000","3,631,721.049","-597,637.795","2,321,558.929","1,376,945.922","-27,850,845.214","36,662,000","-22,009,600","-25,657,800","-29,155,600","-85,270,800","-49,160,600","-36,708,000","-42,643,000","3,800,000","2,769,230.769","1,583,333.333","2,813,725.49","1,593,548.387","900,000","600,000"
InterestIncome,,,,,,,"-1,917,000","209,000","563,000","1,855,000","2,389,000","2,941,000","3,013,000","2,566,000","3,157,000","3,441,000","3,223,000","2,034,000","1,756,000","1,449,000","1,163,000","837,000","754,000","507,000","539,000","403,000","155,000","116,000","11,000","2,000","29,000","53,000","32,000","48,000","34,000","80,000","322,000","61,000","50,000",,,,,,,,,,,,,,,,,,,,,,,,,,,,,,,,,,,,,,,,,,,,,,,,,,,,,,,,,,,
NetInterestIncome,"-37,792,000","-11,039,000","-11,629,000","-10,723,000","-4,401,000","-2,396,000","-1,917,000","209,000","563,000","1,855,000","2,389,000","2,941,000","3,013,000","2,566,000","3,157,000","3,441,000","3,223,000","2,034,000","1,756,000","1,449,000","1,163,000","837,000","754,000","507,000","539,000","403,000","155,000","116,000","11,000","2,000","29,000","53,000","32,000","48,000","34,000","80,000","322,000","61,000","50,000","41,000","35,000","15,000","60,000","18,000","39,000","82,000","80,000","192,000","15,000","102,000","439,000","121,000","251,000","145,000",,,,,,,,,,,,,,,,,,,,,,,,,,,,,,,,,,,,,,,,,,,,
EBIT,"35,282,000","131,000","9,120,000","15,504,000","10,527,000","10,943,000","26,846,000","23,971,000","6,328,000","-72,000","9,628,000","4,586,000","-4,830,000","-10,386,000","-2,157,000","7,220,000","-1,797,000","715,000","18,756,000","20,575,000","15,673,000","19,351,000","36,742,000","30,020,000","21,087,000","19,821,000","45,912,000","30,817,000","34,842,000","22,730,000","36,325,000","4,584,000","-12,726,000","-8,347,000","18,523,000","11,626,000","-2,048,000","-8,661,000","13,493,000","6,713,000","9,489,000","458,000","8,954,000","1,537,000","3,473,000","1,078,000","18,863,000","9,797,000","14,341,000","7,588,000","26,555,000","30,385,000","16,497,000","12,866,000","21,316,000","17,348,000","15,059,000","14,376,000","26,564,000","28,602,000","18,375,000","14,681,000","31,958,000","23,157,000","23,696,000","29,978,000","29,579,000","22,862,000","22,955,000","18,471,000","27,209,000","18,826,000","12,171,000","10,244,000","12,520,000","6,977,000","6,417,000","3,757,000","5,922,000","1,912,000","3,837,000","2,950,000","21,051,000","-6,998,000","-12,604,000","-28,706,000","-43,076,000","-30,976,000","-47,607,000","-39,487,000","-44,433,000","5,600,000","4,500,000","2,500,000","4,200,000","2,700,000","1,700,000","19,900,000"
EBITDA,"46,549,000"
ReconciledCostOfRevenue,"95,037,000","25,677,000","24,003,000","22,319,000","23,038,000","22,549,000","20,785,000","21,736,000","23,989,000","24,545,000","24,636,000","23,815,000","25,350,000","26,173,000","25,885,000","23,389,000","25,040,000","25,185,000","24,753,000","24,389,000","24,375,000","23,132,000","23,288,000","22,935,000","24,101,000","22,823,000","23,414,000","24,684,000","25,912,000","27,098,000","31,635,000","34,953,000","35,613,000","33,009,000","32,969,000","33,253,000","36,446,000","35,901,000","39,682,000","37,485,000","36,636,000","38,989,000","37,652,000","36,664,000","34,543,000","33,161,000","32,878,000","27,240,000","24,349,000","21,624,000","19,466,000","16,539,000","15,937,000","14,661,000","16,066,000","16,726,000","16,109,000","14,045,000","12,213,000","14,142,000","16,110,000","10,504,000","10,650,000","9,858,000","8,833,000","7,482,000","7,308,000","7,413,000","6,967,000","6,338,000","6,380,000","6,477,000","6,050,000","5,712,000","5,298,000","6,579,000","4,028,000","3,428,000","4,653,000","4,199,000","4,499,000","4,633,000","-2,293,000","9,711,000","9,515,000","14,590,000","29,605,000","16,726,000","18,220,000","14,074,000","8,725,000","7,600,000","7,100,000","5,600,000","4,900,000","4,500,000","4,100,000",
ReconciledDepreciation,"11,267,000","2,691,000","2,719,000","2,642,000","3,215,000","2,782,000","3,990,000","3,514,000","3,072,000","2,756,000","5,156,000","3,856,000","4,023,000","3,664,000","218,000","-387,000","572,000","3,298,000","2,734,000","2,705,000","3,315,000","3,818,000","4,106,000","4,257,000","4,279,000","4,553,000","5,042,000","5,856,000","5,213,000","5,103,000","5,990,000","6,045,000","6,558,000","6,702,000","6,779,000","6,509,000","6,655,000","6,456,000","6,817,000","5,890,000","5,384,000","6,428,000","5,621,000","5,054,000","4,233,000","3,618,000","3,486,000","3,194,000","2,937,000","3,182,000","2,950,000","2,920,000","2,991,000","1,770,000","1,574,000","1,723,000","1,540,000","1,562,000","1,858,000","1,883,000","2,022,000","1,833,000","1,880,000","1,869,000","1,816,000","2,070,000","2,091,000","1,884,000","2,148,000","2,373,000","2,113,000","2,043,000","2,106,000","2,061,000","2,005,000","231,000","3,148,000","3,450,000","2,822,000","3,375,000","3,421,000","3,493,000","2,694,000","7,418,000","9,740,000","9,708,000","11,226,000","9,547,000","8,190,000","6,198,000","2,908,000","2,300,000","1,400,000","1,500,000","1,300,000","700,000","600,000",
NetIncomeFromContinuingOperationNetMinorityInterest,"-556,211,000","-130,751,000","-89,977,000","-36,136,000","-299,347,000","-110,020,000","2,661,000","-14,229,000","3,387,000","657,000","12,167,000","9,700,000","20,394,000","-7,906,000","3,301,000","12,699,000","4,828,000","1,673,000","-26,224,000","17,924,000","11,076,000","14,867,000","31,124,000","26,628,000","18,884,000","14,272,000","39,111,000","23,893,000","22,467,000","20,460,000","22,699,000","-845,000","-10,337,000","-6,482,000","16,148,000","17,146,000","-1,553,000","-5,191,000","8,240,000","4,763,000","7,271,000","272,000","9,000,000","4,921,000","2,885,000","1,134,000","17,922,000","7,351,000","11,618,000","6,901,000","20,541,000","21,354,000","9,952,000","8,659,000","13,837,000","11,072,000","7,898,000","9,143,000","17,675,000","19,335,000","11,613,000","9,845,000","22,353,000","16,972,000","16,558,000","14,993,000","18,850,000","13,253,000","17,587,000","15,053,000","24,518,000","121,989,000","11,427,000","10,379,000","16,729,000","-24,358,000","2,296,000","665,000","4,630,000","2,990,000","27,512,000","2,985,000","-62,479,000","38,924,000","-33,298,000","-20,571,000","-8,086,000","-168,228,000","-52,142,000","-32,850,000","-42,643,000","3,800,000","3,200,000","1,900,000","3,500,000","1,900,000","900,000","600,000"
TotalUnusualItemsExcludingGoodwill,"-806,617,000","-170,091,000","-146,587,000","-65,165,000","-424,774,000","-194,095,000","-26,456,000","-44,242,000",,,,,,,,,,,"0","0","0","0","0","-12,000","-8,000","-25,000","-18,000","-86,000","-90,000","-85,000","-3,154,000","-11,578,000",,,,,,,,"-113,000","1,011,000","-160,000","666,000","4,340,000","-316,000","-631,000","806,000","-1,817,000","2,144,000","2,849,000",,"-422,000",,"536,000","974,000","694,000","-102,000","-861,000","121,000","-809,000","-18,000","23,000","-386,000","-194,000","-515,000","-151,000","-113,000","252,000","1,008,000","276,000","-616,000","-162,000","-326,000","806,000","449,000","-30,466,000","-2,424,000","-20,000","1,011,000","3,962,000","25,575,000","1,823,000","-37,911,000","3,770,000","-18,814,000","8,478,000","35,116,000","-138,262,000","-4,969,000","6,430,000",,,"700,000","500,000","1,000,000","500,000",,
TotalUnusualItems,"-806,617,000","-170,091,000","-146,587,000","-65,165,000","-424,774,000","-194,095,000","-26,456,000","-44,242,000",,,,,,,,,,,"0","0","0","0","0","-12,000","-8,000","-25,000","-18,000","-86,000","-90,000","-85,000","-3,154,000","-11,578,000",,,,,,,,"-113,000","1,011,000","-160,000","666,000","4,340,000","-316,000","-631,000","806,000","-1,817,000","2,144,000","2,849,000",,"-422,000",,"536,000","974,000","694,000","-102,000","-861,000","121,000","-809,000","-18,000","23,000","-386,000","-194,000","-515,000","-151,000","-113,000","252,000","1,008,000","276,000","-616,000","-162,000","-326,000","806,000","449,000","-30,466,000","-2,424,000","-20,000","1,011,000","3,962,000","25,575,000","1,823,000","-37,911,000","3,770,000","-18,814,000","8,478,000","35,116,000","-138,262,000","-4,969,000","6,430,000",,,"700,000","500,000","1,000,000","500,000",,
NormalizedEBITDA,"853,166,000","172,913,000","158,426,000","83,311,000","438,516,000","207,820,000","57,292,000","71,727,000","9,400,000","2,684,000","14,784,000","8,442,000","-807,000","-6,722,000","-1,939,000","7,220,000","-1,225,000","4,013,000","21,490,000","23,280,000","18,988,000","23,169,000","40,848,000","34,289,000","25,374,000","24,399,000","50,972,000","36,759,000","40,145,000","27,918,000","45,469,000","22,207,000","-6,168,000","-1,645,000","25,302,000","18,135,000","4,607,000","-2,205,000","20,310,000","12,716,000","13,862,000","7,046,000","13,909,000","2,251,000","8,022,000","5,327,000","21,543,000","14,808,000","15,134,000","7,921,000","29,505,000","33,727,000","19,488,000","14,100,000","21,916,000","18,377,000","16,701,000","16,799,000","28,301,000","31,294,000","20,415,000","16,491,000","34,224,000","25,220,000","26,027,000","32,199,000","31,783,000","24,494,000","24,095,000","20,568,000","29,938,000","21,031,000","14,603,000","11,499,000","14,076,000","37,674,000","11,989,000","7,227,000","7,733,000","1,325,000","-18,317,000","4,620,000","63,467,000","-3,350,000","15,950,000","-27,476,000","-66,966,000","116,833,000","-34,448,000","-39,719,000","-41,525,000","7,900,000","5,200,000","3,500,000","4,500,000","2,900,000","2,300,000","19,900,000"
TaxRateForCalcs,"0.31","0.269","0.394","0.389","0.286","0.4","0.27","0.382","0.308","0.27","0.27","0.27","0.261","0.061","0.27","0.27","0.18","0.27","0.4","0.109","0.221","0.189","0.243","0.114","0.192","0.23","0.168","0.244","0.295","0.253","0.363","0.35","0.215","0.312","0.066","0.35","0.276","0.247","0.298","0.283","0.31","0.131","0.07","0.165","0.097","0.35","0.093","0.1","0.296","0.345","0.244","0.29","0.337","0.361","0.384","0.35","0.35","0.361","0.358","0.327","0.396","0.372","0.309","0.279","0.305","0.308","0.378","0.4","0.287","0.232","0.097","0.4","0.048","0.069","0.4","0.4","0.4","0.4","0.013","0.094","0.015","0.118","0.087","0.4","0.4","0.4","0.4","0.4","0.4","0.4","0.089","0.377","0.385","0.367","0.314","0.387","0.4","0.4"
TaxEffectOfUnusualItems,"-249,896,638.523","-45,754,479","-57,733,197.123","-25,334,106.225","-121,696,088.029","-77,638,000","-7,143,120","-16,910,804.845","0","0","0","0","0","0","0","0","0","0","0","0","0","0","0","-1,363.691","-1,536.474","-5,750","-3,023.231","-21,001.487","-26,509.985","-21,505","-1,145,734.803","-4,052,300","0","0","0","0","0","0","0","-31,955.127","313,232.463","-20,960","46,785.124","717,075.488","-30,749.687","-220,850","74,563.877","-182,544.909","634,364.121","983,457.823","0","-122,459.114","0","193,398.391","374,345.362","242,900","-35,700","-311,040.31","43,373.961","-264,361.595","-7,130.362","8,563.596","-119,119.146","-54,164.444","-157,143.187","-46,463.684","-42,724.513","100,800","289,319.334","64,072.434","-59,470.853","-64,800","-15,773.318","55,800.556","179,600","-12,186,400","-969,600","-8,000","12,721.049","374,362.205","384,558.929","214,945.922","-3,282,845.214","1,508,000","-7,525,600","3,391,200","14,046,400","-55,304,800","-1,987,600","2,572,000","0","0","269,230.769","183,333.333","313,725.49","193,548.387","0","0"