name,ttm,03/31/2022,12/31/2021,09/30/2021,06/30/2021,03/31/2021,12/31/2020,09/30/2020,06/30/2020,03/31/2020,12/31/2019,09/30/2019,06/30/2019,03/31/2019,12/31/2018,09/30/2018,06/30/2018,03/31/2018,12/31/2017,09/30/2017,06/30/2017,03/31/2017,12/31/2016,09/30/2016,06/30/2016,03/31/2016,12/31/2015,09/30/2015,06/30/2015,03/31/2015,12/31/2014,09/30/2014,06/30/2014,03/31/2014,12/31/2013,09/30/2013,06/30/2013,03/31/2013,12/31/2012,09/30/2012,06/30/2012,03/31/2012,12/31/2011,09/30/2011,06/30/2011,03/31/2011,12/31/2010,09/30/2010,06/30/2010,03/31/2010,12/31/2009,09/30/2009,06/30/2009,03/31/2009,12/31/2008,09/30/2008,06/30/2008,03/31/2008,12/31/2007,09/30/2007,06/30/2007,03/31/2007,12/31/2006,09/30/2006,06/30/2006,03/31/2006,12/31/2005,06/30/2005,03/31/2005,12/31/2004
TotalRevenue,"1,188,900,000","310,500,000","272,300,000","295,600,000","310,500,000","267,500,000","237,400,000","265,300,000","228,500,000","257,700,000","212,600,000","266,900,000","274,300,000","234,000,000","192,800,000","254,300,000","250,200,000","233,200,000","178,300,000","226,900,000","232,200,000","199,700,000","167,200,000","302,500,000","310,100,000","283,600,000","242,700,000","311,400,000","301,000,000","290,300,000","261,800,000","320,700,000","318,500,000","288,100,000","257,400,000","293,200,000","299,400,000","283,100,000","245,100,000","281,100,000","275,900,000","251,500,000","311,500,000","373,600,000","366,700,000","311,300,000","287,600,000","346,700,000","375,900,000","301,800,000","313,100,000","374,800,000","363,200,000","322,200,000","367,700,000","496,900,000","528,500,000","421,600,000","412,300,000","474,900,000","502,500,000","459,700,000","411,900,000","518,100,000","500,000,000","434,900,000","480,400,000","162,000,000","124,700,000","130,300,000"
	OperatingRevenue,"1,188,900,000","310,500,000","272,300,000","295,600,000","310,500,000","267,500,000","237,400,000","265,300,000","228,500,000","257,700,000","212,600,000","266,900,000","274,300,000","234,000,000","192,800,000","254,300,000","250,200,000","233,200,000","178,300,000","226,900,000","232,200,000","199,700,000","167,200,000","302,500,000","310,100,000","283,600,000","242,700,000","311,400,000","301,000,000","290,300,000","261,800,000","320,700,000","318,500,000","288,100,000","257,400,000","293,200,000","299,400,000","283,100,000","245,100,000","281,100,000","275,900,000","251,500,000","311,500,000","373,600,000","366,700,000","311,300,000","287,600,000","346,700,000","375,900,000","301,800,000","313,100,000","374,800,000","363,200,000","322,200,000","367,700,000","496,900,000","528,500,000","421,600,000","412,300,000","474,900,000","502,500,000","459,700,000","411,900,000","518,100,000","500,000,000","434,900,000","480,400,000","162,000,000","124,700,000","130,300,000"
CostOfRevenue,"816,800,000","217,700,000","184,700,000","209,300,000","205,100,000","179,100,000","159,000,000","171,400,000","152,800,000","171,700,000","140,000,000","178,100,000","177,100,000","159,200,000","132,700,000","168,800,000","175,700,000","158,700,000","122,900,000","146,000,000","149,700,000","147,300,000","115,500,000","198,900,000","203,000,000","198,700,000","174,000,000","213,700,000","204,800,000","208,200,000","190,500,000","219,400,000","221,200,000","205,900,000","190,300,000","204,400,000","209,400,000","205,800,000","188,000,000","204,500,000","196,300,000","189,400,000","259,700,000","309,400,000","296,400,000","261,300,000","238,000,000","275,000,000","305,300,000","263,600,000","257,200,000","305,600,000","305,400,000","267,300,000","292,700,000","374,500,000","405,100,000","322,800,000","317,900,000","356,700,000","383,000,000","341,900,000","304,200,000","383,000,000","365,500,000","340,300,000","436,900,000","139,200,000","114,100,000","117,600,000"
GrossProfit,"372,100,000","92,800,000","87,600,000","86,300,000","105,400,000","88,400,000","78,400,000","93,900,000","75,700,000","86,000,000","72,600,000","88,800,000","97,200,000","74,800,000","60,100,000","85,500,000","74,500,000","74,500,000","55,400,000","80,900,000","82,500,000","52,400,000","51,700,000","103,600,000","107,100,000","84,900,000","68,700,000","97,700,000","96,200,000","82,100,000","71,300,000","101,300,000","97,300,000","82,200,000","67,100,000","88,800,000","90,000,000","77,300,000","57,100,000","76,600,000","79,600,000","62,100,000","51,800,000","64,200,000","70,300,000","50,000,000","49,600,000","71,700,000","70,600,000","38,200,000","55,900,000","69,200,000","57,800,000","54,900,000","75,000,000","122,400,000","123,400,000","98,800,000","94,400,000","118,200,000","119,500,000","117,800,000","107,700,000","135,100,000","134,500,000","94,600,000","43,500,000","22,800,000","10,600,000","12,700,000"
OperatingExpense,"229,700,000","58,000,000","56,300,000","56,600,000","58,800,000","54,200,000","49,200,000","65,100,000","47,100,000","49,300,000","49,900,000","64,800,000","47,500,000","45,700,000","41,000,000","53,400,000","41,300,000","42,700,000","39,800,000","47,600,000","39,900,000","41,500,000","37,800,000","56,900,000","77,400,000","54,700,000","53,000,000","53,200,000","64,500,000","55,800,000","55,000,000","58,200,000","55,300,000","54,200,000","53,000,000","55,400,000","56,900,000","52,600,000","49,500,000","53,900,000","53,200,000","50,600,000","53,400,000","58,400,000","54,700,000","54,800,000","52,000,000","56,300,000","57,200,000","50,600,000","55,200,000","54,400,000","62,400,000","60,000,000","62,300,000","73,900,000","69,600,000","69,300,000","61,800,000","31,000,000","62,100,000","64,900,000","58,700,000","63,500,000","64,900,000","62,800,000","83,000,000","12,500,000","6,900,000","15,100,000"
	SellingGeneralAndAdministration,"229,700,000","58,000,000","56,300,000","56,600,000","58,800,000","54,200,000","49,200,000","52,100,000","47,100,000","49,300,000","49,900,000","48,500,000","47,500,000","45,700,000","41,000,000","42,900,000","41,300,000","42,700,000","39,800,000","42,200,000","38,700,000","39,000,000","36,500,000","55,200,000","72,500,000","54,700,000","53,000,000","53,200,000","52,900,000","55,800,000","55,000,000","58,200,000","55,300,000","54,200,000","53,000,000","55,400,000","56,900,000","52,600,000","49,500,000","53,900,000","53,200,000","50,600,000","53,400,000","58,400,000","54,700,000","54,800,000","52,000,000","56,300,000","57,200,000","50,600,000","55,200,000","54,400,000","62,400,000","60,000,000","62,300,000","73,900,000","69,600,000","69,300,000","61,800,000","69,100,000","62,100,000","64,900,000","58,700,000","69,600,000","62,600,000","62,800,000","57,100,000","10,700,000","5,100,000","13,200,000"
		GeneralAndAdministrativeExpense,,,,,,,,,,,,"48,500,000","47,500,000","45,700,000","41,000,000","42,900,000","41,300,000","42,700,000","39,800,000","42,200,000","38,700,000","39,000,000","36,500,000","55,200,000","72,500,000","54,700,000","53,000,000","53,200,000","52,900,000","55,800,000","55,000,000","58,200,000","55,300,000","54,200,000","53,000,000","55,400,000","56,900,000","52,600,000","49,500,000","53,900,000",,,,,,,,,,,,,,,,,,,,,,,,,,,,,,
			SalariesAndWages,,,,,,,,,,,,,,,,,,,,"0","0",,,"0","16,600,000",,,,,,,,,,,,,,,,,,,,,,,,,,,,,,,,,,,,,,,,,,,,,
			OtherGandA,,,,,,,,,,,,"48,500,000","47,500,000","45,700,000","41,000,000","42,900,000","41,300,000","42,700,000","39,800,000","42,200,000","38,700,000","39,000,000","36,500,000","55,200,000","55,900,000","54,700,000","53,000,000","53,200,000","52,900,000","55,800,000","55,000,000","58,200,000","55,300,000","54,200,000","53,000,000","55,400,000","56,900,000","52,600,000","49,500,000","53,900,000",,,,,,,,,,,,,,,,,,,,,,,,,,,,,,
	DepreciationAmortizationDepletionIncomeStatement,,,,,,,,,,,,,,,,,,,,,,,,,,,,,,,,,,,,,,,,,,,,,,,,,,,,,,,,,,,,,"600,000","600,000",,,,"1,300,000",,,,
		DepreciationAndAmortizationInIncomeStatement,,,,,,,,,,,,,,,,,,,,,,,,,,,,,,,,,,,,,,,,,,,,,,,,,,,,,,,,,,,,,"600,000","600,000",,,,"1,300,000",,,,
	OtherTaxes,,,,,,,,,,,,,,,,,,,,,,,,,"0",,,"0","11,600,000",,,,,,,,,,,,,,,,,,,,,,,,,,,,,,,,,,,,,,,,,
	OtherOperatingExpenses,,,,,,,,,,,,,,,,,,,,"5,400,000","1,200,000","2,500,000","1,300,000","1,700,000","4,900,000",,,,,,,,,,,,,,,,,,,,,,,,,,,,,,,,,,,"-36,200,000","-600,000","-600,000",,,"2,300,000","-1,300,000","25,900,000","1,800,000","1,800,000","1,900,000"
OperatingIncome,"142,400,000","34,800,000","31,300,000","29,700,000","46,600,000","34,200,000","29,200,000","28,800,000","28,600,000","36,700,000","22,700,000","24,000,000","49,700,000","29,100,000","19,100,000","32,100,000","33,200,000","31,800,000","15,600,000","33,300,000","42,600,000","10,900,000","13,900,000","46,700,000","29,700,000","30,200,000","15,700,000","44,500,000","31,700,000","26,300,000","16,300,000","43,100,000","42,000,000","28,000,000","14,100,000","33,400,000","33,100,000","24,700,000","7,600,000","22,700,000","26,400,000","11,500,000","-1,600,000","5,800,000","15,600,000","-4,800,000","-2,400,000","15,400,000","13,400,000","-12,400,000","700,000","14,800,000","-4,600,000","-5,100,000","12,700,000","48,500,000","53,800,000","29,500,000","32,600,000","87,200,000","57,400,000","52,900,000","49,000,000","71,600,000","69,600,000","31,800,000","-39,500,000","10,300,000","3,700,000","-2,400,000"
NetNonOperatingInterestIncomeExpense,"-20,000,000","-4,500,000","-4,300,000","-4,300,000","-6,800,000","-6,100,000","-6,100,000","-6,100,000","-6,100,000","-6,000,000","-7,400,000","-4,300,000","-4,200,000","-5,900,000","-5,500,000","-5,200,000","-5,300,000","-5,000,000","-4,800,000","-4,800,000","-4,700,000","-5,000,000","-5,800,000","-5,600,000","-6,000,000","-5,900,000","-6,100,000","-5,800,000","-6,300,000","-6,100,000","-9,400,000","-12,000,000","-12,500,000","-12,500,000","-12,600,000","-12,700,000","-12,700,000","-12,800,000","-13,500,000","-8,800,000","-14,900,000","0","-15,700,000","-16,600,000","-16,800,000","-16,300,000","-15,900,000","11,100,000","-15,800,000","-14,800,000","-16,800,000","-27,200,000","-17,200,000","-16,600,000","-17,300,000",,,,,,,,,,,,,,,
	InterestIncomeNonOperating,"300,000","100,000","100,000","100,000","100,000","100,000","200,000","100,000","100,000",,"500,000","700,000","600,000","700,000","1,400,000","1,500,000","1,200,000","900,000","800,000","800,000","600,000","500,000","100,000","200,000","100,000","100,000","0","200,000","0","0","100,000","100,000","100,000","100,000","100,000","100,000",,"200,000","0","100,000","0","15,700,000","100,000",,,,,,,,,,,"300,000","800,000",,,,,,,,,,,,,,,
	InterestExpenseNonOperating,"19,300,000","4,300,000","4,200,000","4,100,000","6,600,000","5,900,000","6,000,000","5,900,000","6,000,000","6,000,000","7,600,000","3,800,000","4,800,000","6,400,000","6,600,000","6,400,000","6,100,000","5,500,000","5,100,000","5,100,000","4,800,000","5,100,000","5,500,000","5,300,000","5,600,000","5,600,000","5,600,000","5,500,000","5,800,000","5,600,000","9,000,000","11,600,000","12,100,000","12,100,000","12,200,000","12,400,000","12,200,000","12,500,000","12,900,000","6,600,000","14,900,000","15,700,000","15,800,000","16,900,000","16,800,000","16,300,000","15,900,000","-10,800,000","15,800,000","14,800,000","16,800,000","27,200,000","17,200,000","16,900,000","18,100,000",,,,,,,,,,,,,,,
	TotalOtherFinanceCost,"1,000,000","300,000","200,000","300,000","300,000","300,000","300,000","300,000","200,000",,"300,000","4,200,000","4,200,000","200,000","300,000","300,000","400,000","400,000","500,000","500,000","500,000","400,000","400,000","500,000","500,000","400,000","500,000","500,000","500,000","500,000","500,000","500,000","500,000","500,000","500,000","400,000","500,000","500,000","600,000","13,900,000",,"15,600,000","15,700,000",,"16,800,000",,"-15,900,000",,,,"-16,800,000",,,,"-17,300,000",,,,,,,,,,,,,,,
OtherIncomeExpense,"-21,800,000","400,000","-1,400,000","-1,000,000","-19,800,000",,"-600,000","12,700,000","-7,900,000","-100,000","-1,900,000","31,800,000","-2,900,000","-8,400,000","-40,500,000","7,800,000","-6,600,000","-2,400,000","4,500,000","-400,000","-400,000","-500,000","-600,000",,,"-900,000","-800,000","-100,000","-200,000","-700,000","-39,500,000","-1,100,000","-200,000","-2,700,000","-100,000","-200,000","-200,000","-1,800,000","-700,000","-5,800,000","-2,200,000","-900,000","-1,300,000","-1,800,000","-1,700,000","-2,100,000","-1,900,000","-37,100,000","-900,000","-11,000,000","-400,000","-7,200,000","-3,900,000","-613,100,000","-398,300,000","-400,000","-200,000","-1,500,000","-16,200,000","-35,000,000","-36,400,000","800,000",,"6,100,000","-2,500,000","-4,200,000",,,,
	GainOnSaleOfSecurity,,,,,,,,,,,,,,,,"0","2,400,000","-200,000","-400,000","-400,000","-400,000","-500,000","-600,000",,,,,,,,,,,,,,,,,,,,,,,,,,,,,,,,,,,,,,,,,,,,,,,
	SpecialIncomeCharges,"-25,500,000","-600,000","-2,400,000","-1,900,000","-20,600,000","-800,000","-1,400,000","11,900,000","-8,600,000","-900,000","-2,400,000","15,000,000","-2,500,000","-6,900,000","-3,200,000","8,100,000","-8,800,000","-1,900,000","5,100,000",,,,,,"0","-900,000","-800,000","-100,000","-200,000","-700,000","-39,500,000","-1,100,000","-200,000","-2,700,000","-100,000","-200,000","-200,000","-1,800,000","-700,000","-800,000","-2,200,000","-900,000","-1,300,000","-1,800,000","-1,700,000","-2,100,000","-1,900,000","-37,100,000","-900,000","-11,000,000","-400,000","-7,200,000","-3,900,000","-613,100,000","-398,300,000","-400,000","-200,000","-1,500,000","-16,200,000","-35,000,000","-36,400,000","800,000",,"6,100,000","-2,500,000","-4,200,000",,,,
		RestructuringAndMergernAcquisition,"8,800,000","600,000","2,400,000","1,900,000","3,900,000","800,000","1,400,000","1,100,000","8,600,000","900,000","2,400,000","3,700,000","2,500,000","6,900,000","3,200,000","2,100,000","2,600,000","1,900,000","3,900,000",,,,,,,"900,000","800,000","100,000","200,000","700,000","8,200,000","100,000","200,000","2,700,000","100,000","200,000","200,000","400,000","700,000","800,000","700,000","900,000","1,300,000","1,800,000","1,700,000","2,100,000","1,900,000","1,300,000","900,000","10,500,000","400,000","1,900,000","3,900,000","42,200,000","-200,000","400,000","200,000","1,500,000","16,200,000",,,,,"0","200,000","4,300,000",,,,
		ImpairmentOfCapitalAssets,,,,,,,,,,,,,,,,,,,,,,,,,,,,,,,,,,,,,,,,,,,,,,,,"0","0","0","0","0","0","570,900,000","400,000,000",,,,,,,,,,,,,,,
		OtherSpecialCharges,,,,"0","16,700,000",,,,,,,,,,,"300,000","6,200,000",,,,,,,,,,,"0",,,"31,300,000","1,000,000",,,,"0",,"1,400,000",,"0","1,500,000",,,,,,,"35,800,000",,"500,000",,"5,300,000",,,"-1,500,000",,,,,,,,,,"2,300,000","-100,000",,,,
		GainOnSaleOfPPE,,,,,,,,"0",,,,"2,400,000","0","0","0","0","0","0","9,000,000",,,,,,,,,,,,,,,,,,,,,,,,,,,,,,,,,,,,,,,,,,,,,,,,,,,
	OtherNonOperatingIncomeExpenses,"3,700,000","1,000,000","1,000,000","900,000","800,000","800,000","800,000","800,000","700,000","800,000","500,000","16,800,000","-400,000","-1,500,000","-37,300,000","-300,000","-200,000","-300,000","-200,000",,,,,,,,,,,,,,,,,,,,,,,,,,,,,,,,,,,,,,,,,,,,,,,,,,,
PretaxIncome,"100,600,000","30,700,000","25,600,000","24,300,000","20,000,000","28,100,000","22,500,000","35,500,000","14,600,000","30,600,000","13,400,000","51,600,000","42,600,000","14,800,000","-26,900,000","34,700,000","21,300,000","24,400,000","15,300,000","28,100,000","37,500,000","5,400,000","7,500,000","41,100,000","23,700,000","23,400,000","8,800,000","38,600,000","25,200,000","19,500,000","-32,600,000","30,000,000","29,300,000","12,800,000","1,400,000","20,500,000","20,200,000","10,100,000","-6,600,000","8,100,000","9,300,000","-5,000,000","-18,600,000","-12,600,000","-2,900,000","-23,200,000","-20,200,000","-10,600,000","-3,300,000","-38,200,000","-16,500,000","-17,300,000","-28,000,000","-634,800,000","-402,900,000","30,500,000","36,100,000","9,900,000","-2,800,000","28,600,000","-2,300,000","31,800,000","28,600,000","49,900,000","37,500,000","-2,600,000","-71,700,000","5,400,000","-1,600,000","-8,400,000"
TaxProvision,"24,800,000","7,100,000","6,200,000","5,900,000","5,600,000","7,200,000","5,800,000","8,800,000","3,400,000","6,800,000","3,100,000","11,400,000","8,900,000","3,900,000","-5,900,000","9,700,000","6,000,000","14,200,000","-39,800,000","8,000,000","13,400,000","700,000","2,100,000","14,600,000","8,200,000","7,700,000","2,600,000","16,300,000","8,700,000","7,200,000","-12,400,000","3,800,000","10,800,000","3,100,000","300,000","3,700,000","4,200,000","2,500,000","-1,600,000","3,800,000","3,400,000","3,900,000","-6,700,000","-3,000,000","-200,000","-9,500,000","-8,100,000","-3,600,000","500,000","-14,500,000","-5,800,000","-6,400,000","-9,000,000","-68,000,000","-2,900,000","12,900,000","15,800,000","4,200,000","-1,200,000","14,000,000","-1,000,000","13,900,000","11,600,000","33,000,000","-1,300,000","-800,000","-22,900,000","1,800,000","-400,000","1,100,000"
NetIncomeCommonStockholders,"75,800,000","23,600,000","19,400,000","18,400,000","14,400,000","20,900,000","16,700,000","26,700,000","11,200,000","23,800,000","10,300,000","40,200,000","33,700,000","10,900,000","-21,000,000","25,000,000","15,300,000","10,200,000","55,100,000","19,300,000","24,000,000","73,300,000","6,700,000","26,500,000","15,500,000","15,700,000","6,200,000","22,300,000","16,500,000","12,300,000","-20,200,000","26,200,000","18,500,000","9,700,000","1,100,000","13,500,000","14,100,000","6,200,000","7,000,000","3,500,000","9,800,000","-109,800,000","-11,900,000","-9,600,000","-2,700,000","-13,700,000","-12,100,000","-7,000,000","-3,800,000","-23,700,000","-10,700,000","-10,900,000","-19,000,000","-566,800,000","-400,000,000","17,600,000","20,300,000","5,700,000","-1,600,000","14,600,000","-1,300,000","17,900,000","17,000,000","16,900,000","38,800,000","-1,800,000","-48,800,000","3,600,000","-1,200,000","-9,500,000"
	NetIncome,"75,800,000","23,600,000","19,400,000","18,400,000","14,400,000","20,900,000","16,700,000","26,700,000","11,200,000","23,800,000","10,300,000","40,200,000","33,700,000","10,900,000","-21,000,000","25,000,000","15,300,000","10,200,000","55,100,000","19,300,000","24,000,000","73,300,000","6,700,000","26,500,000","15,500,000","15,700,000","6,200,000","22,300,000","16,500,000","12,300,000","-20,200,000","26,200,000","18,500,000","9,700,000","1,100,000","13,500,000","14,100,000","6,200,000","7,000,000","3,500,000","9,800,000","-109,800,000","-11,900,000","-9,600,000","-2,700,000","-13,700,000","-12,100,000","-7,000,000","-3,800,000","-23,700,000","-10,700,000","-10,900,000","-19,000,000","-566,800,000","-400,000,000","17,600,000","20,300,000","5,700,000","-1,600,000","14,600,000","-1,300,000","17,900,000","17,000,000","16,900,000","38,800,000","-1,800,000","-48,800,000","3,600,000","-1,200,000","-9,500,000"
		NetIncomeIncludingNoncontrollingInterests,"75,800,000","23,600,000","19,400,000","18,400,000","14,400,000","20,900,000","16,700,000","26,700,000","11,200,000","23,800,000","10,300,000","40,200,000","33,700,000","10,900,000","-21,000,000","25,000,000","15,300,000","10,200,000","55,100,000","19,300,000","24,000,000","73,300,000","6,700,000","26,500,000","15,500,000","15,700,000","6,200,000","22,300,000","16,500,000","12,300,000","-20,200,000","26,200,000","18,500,000","9,700,000","1,100,000","13,500,000","14,100,000","6,200,000","7,000,000","3,500,000","9,800,000","-109,800,000","-11,900,000","-9,600,000","-2,700,000","-13,700,000","-12,100,000","-7,000,000","-3,800,000","-23,700,000","-10,700,000","-10,900,000","-19,000,000","-566,800,000","-400,000,000","17,600,000","20,300,000","5,700,000","-1,600,000","14,600,000","-1,300,000","17,900,000","17,000,000","16,900,000","38,800,000","-1,800,000","-48,800,000","3,600,000","-1,200,000","-9,500,000"
			NetIncomeContinuousOperations,"75,800,000","23,600,000","19,400,000","18,400,000","14,400,000","20,900,000","16,700,000","26,700,000","11,200,000","23,800,000","10,300,000","40,200,000","33,700,000","10,900,000","-21,000,000","25,000,000","15,300,000","10,200,000","55,100,000","20,100,000","24,100,000","4,700,000","5,400,000","26,500,000","15,500,000","15,700,000","6,200,000","22,300,000","16,500,000","12,300,000","-20,200,000","26,200,000","18,500,000","9,700,000","1,100,000","16,800,000","16,000,000","7,600,000","-5,000,000","4,300,000","5,900,000","-8,900,000","-11,900,000","-9,600,000","-2,700,000","-13,700,000","-12,100,000","-7,000,000","-3,800,000","-23,700,000","-10,700,000","-10,900,000","-19,000,000","-566,800,000","-400,000,000","17,600,000","20,300,000","5,700,000","-1,600,000","14,600,000","-1,300,000","17,900,000","17,000,000","16,900,000","38,800,000","-1,800,000","-48,800,000","3,600,000","-1,200,000","-9,500,000"
			NetIncomeDiscontinuousOperations,,,,,,,,,,,,,,,,"0","0","0","0","-800,000","-100,000","68,600,000","1,300,000","6,700,000",,,,,,,,"0","0","0","0","-3,300,000","-1,900,000","-1,400,000","12,000,000","-800,000","3,900,000","-100,900,000",,,,,,,,,,,,,,,,,,,,,,,,,,,,
DilutedNIAvailtoComStockholders,"75,800,000","23,600,000","19,400,000","18,400,000","14,400,000","20,900,000","16,700,000","26,700,000","11,200,000","23,800,000","10,300,000","40,200,000","33,700,000","10,900,000","-21,000,000","25,000,000","15,300,000","10,200,000","55,100,000","19,300,000","24,000,000","73,300,000","6,700,000","26,500,000","15,500,000","15,700,000","6,200,000","22,300,000","16,500,000","12,300,000","-20,200,000","26,200,000","18,500,000","9,700,000","1,100,000","13,500,000","14,100,000","6,200,000","7,000,000","3,500,000","9,800,000","-109,800,000","-11,900,000","-9,600,000","-2,700,000","-13,700,000","-12,100,000","-7,000,000","-3,800,000","-23,700,000","-10,700,000","-10,900,000","-19,000,000","-566,800,000","-400,000,000","17,600,000","20,300,000","5,700,000","-1,600,000","14,600,000","-1,300,000","17,900,000","17,000,000","16,900,000","38,800,000","-1,800,000","-48,800,000","3,600,000","-1,200,000","-9,500,000"
BasicEPS,,"0.15","0.12","0.12","0.09","0.13","0.11","0.17","0.07","0.15","0.07","0.26","0.21","0.07","-0.13","0.16","0.1","0.06","0.35","0.12","0.15","0.46","0.04","0.16","0.1","0.1","0.04","0.14","0.1","0.08","-0.13","0.16","0.12","0.06","0.01","0.09","0.09","0.04","0.04","0.03","0.06","-0.7","-0.08",,"-0.02","-0.09","-0.08",,"-0.02","-0.15","-0.07",,"-0.16","-4.9","-3.47",,"0.18","0.05","-0.01",,"-0.01","0.16","0.15",,"0.41","-0.016","-0.44","0.04","-0.011","-0.086"
DilutedEPS,,"0.15","0.12","0.12","0.09","0.13","0.11","0.17","0.07","0.15","0.06","0.25","0.21","0.07","-0.13","0.16","0.1","0.06","0.34","0.12","0.15","0.45","0.04","0.16","0.09","0.1","0.04","0.14","0.1","0.08","-0.13","0.16","0.11","0.06","0.01","0.08","0.09","0.04","0.04","0.03","0.06","-0.7","-0.08",,"-0.02","-0.09","-0.08",,"-0.02","-0.15","-0.07",,"-0.16","-4.9","-3.47",,"0.18","0.05","-0.01",,"-0.01","0.16","0.15",,"0.41","-0.016","-0.44","0.04","-0.011","-0.086"
BasicAverageShares,,"156,900,000","158,000,000","158,300,000","158,500,000","158,400,000","158,100,000","157,900,000","157,800,000","157,900,000","157,700,000","157,400,000","157,800,000","158,200,000","157,700,000","157,800,000","158,100,000","158,300,000","158,500,000","158,600,000","159,100,000","160,900,000","161,800,000","161,700,000","161,600,000","161,300,000","160,800,000","160,500,000","160,800,000","160,700,000","160,100,000","159,700,000","159,500,000","159,200,000","158,500,000","158,200,000","158,000,000","157,700,000","157,100,000","156,800,000","156,700,000","156,500,000","156,000,000",,"155,500,000","155,400,000","154,900,000",,"154,500,000","154,400,000","154,000,000",,"116,000,000","115,600,000","115,400,000",,"115,200,000","115,100,000","114,900,000",,"130,000,000","111,875,000","113,333,333",,"94,634,146","110,844,920","110,844,920","90,000,000","110,844,920","110,844,920"
DilutedAverageShares,,"157,500,000","158,900,000","159,300,000","159,300,000","159,100,000","158,800,000","158,700,000","158,500,000","158,700,000","158,700,000","158,600,000","158,800,000","159,200,000","158,800,000","159,200,000","159,200,000","159,400,000","160,000,000","160,200,000","160,600,000","162,500,000","164,600,000","163,900,000","163,600,000","163,100,000","163,200,000","163,100,000","163,500,000","163,300,000","160,100,000","162,600,000","162,200,000","161,900,000","161,700,000","161,200,000","160,700,000","160,000,000","159,200,000","158,500,000","158,000,000","156,500,000","156,000,000",,"155,500,000","155,400,000","154,900,000",,"154,500,000","154,400,000","154,000,000",,"116,000,000","115,600,000","115,400,000",,"115,800,000","115,400,000","115,400,000",,"130,000,000","111,875,000","113,333,333",,"110,844,920","110,844,920","110,844,920","90,000,000","110,844,920","110,844,920"
TotalOperatingIncomeAsReported,"133,600,000","34,200,000","28,900,000","27,800,000","42,700,000","33,400,000","27,800,000","40,700,000","20,000,000","35,800,000","20,300,000","39,000,000","47,200,000","22,200,000","15,900,000","40,500,000","30,600,000","29,900,000","20,700,000","33,300,000","42,600,000","10,900,000","13,900,000","46,700,000","29,700,000","29,300,000","14,900,000","44,400,000","31,500,000","25,600,000","8,100,000","43,000,000","41,800,000","25,300,000","14,000,000","33,200,000","32,900,000","24,300,000","6,900,000","21,900,000","25,700,000","10,600,000","-2,900,000","4,000,000","13,900,000","-6,900,000","-4,300,000","14,100,000","12,500,000","-22,900,000","300,000","12,900,000","-8,500,000","-618,200,000","-387,100,000","48,100,000","53,600,000","28,000,000","16,400,000","50,700,000","57,400,000","52,900,000","49,000,000","71,600,000","69,400,000","27,500,000","-39,500,000","10,300,000","3,700,000","-2,400,000"
TotalExpenses,"1,046,500,000","275,700,000","241,000,000","265,900,000","263,900,000","233,300,000","208,200,000","236,500,000","199,900,000","221,000,000","189,900,000","242,900,000","224,600,000","204,900,000","173,700,000","222,200,000","217,000,000","201,400,000","162,700,000","193,600,000","189,600,000","188,800,000","153,300,000","255,800,000","280,400,000","253,400,000","227,000,000","266,900,000","269,300,000","264,000,000","245,500,000","277,600,000","276,500,000","260,100,000","243,300,000","259,800,000","266,300,000","258,400,000","237,500,000","258,400,000","249,500,000","240,000,000","313,100,000","367,800,000","351,100,000","316,100,000","290,000,000","331,300,000","362,500,000","314,200,000","312,400,000","360,000,000","367,800,000","327,300,000","355,000,000","448,400,000","474,700,000","392,100,000","379,700,000","387,700,000","445,100,000","406,800,000","362,900,000","446,500,000","430,400,000","403,100,000","519,900,000","151,700,000","121,000,000","132,700,000"
NetIncomeFromContinuingAndDiscontinuedOperation,"75,800,000","23,600,000","19,400,000","18,400,000","14,400,000","20,900,000","16,700,000","26,700,000","11,200,000","23,800,000","10,300,000","40,200,000","33,700,000","10,900,000","-21,000,000","25,000,000","15,300,000","10,200,000","55,100,000","19,300,000","24,000,000","73,300,000","6,700,000","26,500,000","15,500,000","15,700,000","6,200,000","22,300,000","16,500,000","12,300,000","-20,200,000","26,200,000","18,500,000","9,700,000","1,100,000","13,500,000","14,100,000","6,200,000","7,000,000","3,500,000","9,800,000","-109,800,000","-11,900,000","-9,600,000","-2,700,000","-13,700,000","-12,100,000","-7,000,000","-3,800,000","-23,700,000","-10,700,000","-10,900,000","-19,000,000","-566,800,000","-400,000,000","17,600,000","20,300,000","5,700,000","-1,600,000","14,600,000","-1,300,000","17,900,000","17,000,000","16,900,000","38,800,000","-1,800,000","-48,800,000","3,600,000","-1,200,000","-9,500,000"
NormalizedIncome,"95,013,717.694","24,061,400","21,219,200","19,838,683.128","29,232,000","21,495,200","17,738,800","17,749,859.155","17,796,200","24,500,200","12,152,800","28,513,953.488","35,677,500","15,978,400","-18,500,800","19,164,265.13","19,895,200","11,733,000","52,280,000","20,386,120.996","24,357,200","5,135,000","5,832,000","26,500,000","15,500,000","16,303,846.154","6,763,636.364","22,360,000","16,630,952.381","12,741,538.462","4,275,460.123","27,160,666.667","18,626,279.863","11,746,093.75","1,178,571.429","16,963,902.439","16,158,415.842","8,954,455.446","-4,469,696.97","8,070,000","7,295,698.925","-8,315,000","-11,068,279.57","-8,228,571.429","-1,117,241.379","-12,335,000","-10,960,000","17,500,000","-3,215,000","-16,875,392.67","-10,440,606.061","-6,363,583.815","-16,353,571.429","-19,375,488.343","-4,566,890.047","17,860,000","20,430,000","6,675,000","8,930,000","37,350,000","22,360,000","17,380,000","17,000,000","13,240,000","40,300,000","1,107,692.308","-48,800,000","3,600,000","-1,200,000","-9,500,000"
InterestIncome,"300,000","100,000","100,000","100,000","100,000","100,000","200,000","100,000","100,000",,"500,000","700,000","600,000","700,000","1,400,000","1,500,000","1,200,000","900,000","800,000","800,000","600,000","500,000","100,000","200,000","100,000","100,000","0","200,000","0","0","100,000","100,000","100,000","100,000","100,000","100,000",,"200,000","0","100,000","0","15,700,000","100,000",,,,,,,,,,,"300,000","800,000",,,,,,,,,,,,,,,
InterestExpense,"19,300,000","4,300,000","4,200,000","4,100,000","6,600,000","5,900,000","6,000,000","5,900,000","6,000,000","6,000,000","7,600,000","3,800,000","4,800,000","6,400,000","6,600,000","6,400,000","6,100,000","5,500,000","5,100,000","5,100,000","4,800,000","5,100,000","5,500,000","5,300,000","5,600,000","5,600,000","5,600,000","5,500,000","5,800,000","5,600,000","9,000,000","11,600,000","12,100,000","12,100,000","12,200,000","12,400,000","12,200,000","12,500,000","12,900,000","6,600,000","14,900,000","15,700,000","15,800,000","16,900,000","16,800,000","16,300,000","15,900,000","-10,800,000","15,800,000","14,800,000","16,800,000","27,200,000","17,200,000","16,900,000","18,100,000",,,,,,,,,,,,,,,
NetInterestIncome,"-20,000,000","-4,500,000","-4,300,000","-4,300,000","-6,800,000","-6,100,000","-6,100,000","-6,100,000","-6,100,000","-6,000,000","-7,400,000","-4,300,000","-4,200,000","-5,900,000","-5,500,000","-5,200,000","-5,300,000","-5,000,000","-4,800,000","-4,800,000","-4,700,000","-5,000,000","-5,800,000","-5,600,000","-6,000,000","-5,900,000","-6,100,000","-5,800,000","-6,300,000","-6,100,000","-9,400,000","-12,000,000","-12,500,000","-12,500,000","-12,600,000","-12,700,000","-12,700,000","-12,800,000","-13,500,000","-8,800,000","-14,900,000","0","-15,700,000","-16,600,000","-16,800,000","-16,300,000","-15,900,000","11,100,000","-15,800,000","-14,800,000","-16,800,000","-27,200,000","-17,200,000","-16,600,000","-17,300,000",,,,,,,,,,,,,,,
EBIT,"119,900,000","35,000,000","29,800,000","28,400,000","26,600,000","34,000,000","28,500,000","41,400,000","20,600,000","36,600,000","21,000,000","55,400,000","47,400,000","21,200,000","-20,300,000","41,100,000","27,400,000","29,900,000","20,400,000","33,200,000","42,300,000","10,500,000","13,000,000","46,400,000","29,300,000","29,000,000","14,400,000","44,100,000","31,000,000","25,100,000","-23,600,000","41,600,000","41,400,000","24,900,000","13,600,000","32,900,000","32,400,000","22,600,000","6,300,000","14,700,000","24,200,000","10,700,000","-2,800,000","4,300,000","13,900,000","-6,900,000","-4,300,000","-21,400,000","12,500,000","-23,400,000","300,000","9,900,000","-10,800,000","-617,900,000","-384,800,000","48,500,000","53,800,000","29,500,000","32,600,000","87,200,000","57,400,000","52,900,000","49,000,000","71,600,000","69,600,000","31,800,000","-39,500,000","10,300,000","3,700,000","-2,400,000"
EBITDA,"180,100,000"
ReconciledCostOfRevenue,"816,800,000","217,700,000","184,700,000","209,300,000","205,100,000","179,100,000","159,000,000","171,400,000","152,800,000","171,700,000","140,000,000","178,100,000","177,100,000","159,200,000","132,700,000","168,800,000","175,700,000","158,700,000","122,900,000","146,000,000","149,700,000","147,300,000","115,500,000","198,900,000","203,000,000","198,700,000","174,000,000","213,700,000","204,800,000","208,200,000","190,500,000","219,400,000","221,200,000","205,900,000","190,300,000","204,400,000","209,400,000","205,800,000","188,000,000","204,500,000","196,300,000","189,400,000","259,700,000","309,400,000","296,400,000","261,300,000","238,000,000","275,000,000","305,300,000","263,600,000","257,200,000","305,600,000","305,400,000","267,300,000","292,700,000","374,500,000","405,100,000","322,800,000","317,900,000","356,700,000","357,200,000","316,800,000","304,200,000","383,000,000","365,500,000","314,900,000","436,900,000","139,200,000","114,100,000","117,600,000"
ReconciledDepreciation,"60,200,000","14,800,000","15,200,000","15,000,000","15,200,000","14,700,000","14,700,000","15,000,000","14,500,000","14,300,000","14,000,000","14,200,000","13,300,000","13,400,000","12,100,000","11,400,000","10,800,000","10,900,000","10,600,000","10,800,000","10,200,000","10,600,000","10,300,000","13,400,000","13,100,000","13,100,000","13,000,000","14,900,000","14,500,000","14,400,000","14,300,000","14,200,000","14,000,000","13,800,000","14,700,000","14,800,000","14,600,000","15,000,000","14,800,000","15,400,000","15,000,000","10,800,000","19,400,000","20,600,000","20,300,000","20,600,000","20,100,000","21,300,000","21,100,000","21,400,000","20,800,000","21,900,000","21,600,000","23,900,000","22,800,000","23,800,000","22,800,000","22,900,000","23,600,000","26,700,000","26,400,000","25,700,000","25,100,000","19,600,000","29,900,000","26,700,000","23,800,000","6,600,000","6,600,000","6,500,000"
NetIncomeFromContinuingOperationNetMinorityInterest,"75,800,000","23,600,000","19,400,000","18,400,000","14,400,000","20,900,000","16,700,000","26,700,000","11,200,000","23,800,000","10,300,000","40,200,000","33,700,000","10,900,000","-21,000,000","25,000,000","15,300,000","10,200,000","55,100,000","20,100,000","24,100,000","4,700,000","5,400,000","26,500,000","15,500,000","15,700,000","6,200,000","22,300,000","16,500,000","12,300,000","-20,200,000","26,200,000","18,500,000","9,700,000","1,100,000","16,800,000","16,000,000","7,600,000","-5,000,000","4,300,000","5,900,000","-8,900,000","-11,900,000","-9,600,000","-2,700,000","-13,700,000","-12,100,000","-7,000,000","-3,800,000","-23,700,000","-10,700,000","-10,900,000","-19,000,000","-566,800,000","-400,000,000","17,600,000","20,300,000","5,700,000","-1,600,000","14,600,000","-1,300,000","17,900,000","17,000,000","16,900,000","38,800,000","-1,800,000","-48,800,000","3,600,000","-1,200,000","-9,500,000"
TotalUnusualItemsExcludingGoodwill,"-25,500,000","-600,000","-2,400,000","-1,900,000","-20,600,000","-800,000","-1,400,000","11,900,000","-8,600,000","-900,000","-2,400,000","15,000,000","-2,500,000","-6,900,000","-3,200,000","8,100,000","-6,400,000","-2,100,000","4,700,000","-400,000","-400,000","-500,000","-600,000",,"0","-900,000","-800,000","-100,000","-200,000","-700,000","-39,500,000","-1,100,000","-200,000","-2,700,000","-100,000","-200,000","-200,000","-1,800,000","-700,000","-5,800,000","-2,200,000","-900,000","-1,300,000","-1,800,000","-1,700,000","-2,100,000","-1,900,000","-37,100,000","-900,000","-11,000,000","-400,000","-7,200,000","-3,900,000","-613,100,000","-398,300,000","-400,000","-200,000","-1,500,000","-16,200,000","-35,000,000","-36,400,000","800,000",,"6,100,000","-2,500,000","-4,200,000",,,,
TotalUnusualItems,"-25,500,000","-600,000","-2,400,000","-1,900,000","-20,600,000","-800,000","-1,400,000","11,900,000","-8,600,000","-900,000","-2,400,000","15,000,000","-2,500,000","-6,900,000","-3,200,000","8,100,000","-6,400,000","-2,100,000","4,700,000","-400,000","-400,000","-500,000","-600,000",,"0","-900,000","-800,000","-100,000","-200,000","-700,000","-39,500,000","-1,100,000","-200,000","-2,700,000","-100,000","-200,000","-200,000","-1,800,000","-700,000","-5,800,000","-2,200,000","-900,000","-1,300,000","-1,800,000","-1,700,000","-2,100,000","-1,900,000","-37,100,000","-900,000","-11,000,000","-400,000","-7,200,000","-3,900,000","-613,100,000","-398,300,000","-400,000","-200,000","-1,500,000","-16,200,000","-35,000,000","-36,400,000","800,000",,"6,100,000","-2,500,000","-4,200,000",,,,
NormalizedEBITDA,"205,600,000","50,400,000","47,400,000","45,300,000","62,400,000","49,500,000","44,600,000","44,500,000","43,700,000","51,800,000","37,400,000","54,600,000","63,200,000","41,500,000","-5,000,000","44,400,000","44,600,000","42,900,000","26,300,000","44,400,000","52,900,000","21,600,000","23,900,000","59,800,000","42,400,000","43,000,000","28,200,000","59,100,000","45,700,000","40,200,000","30,200,000","56,900,000","55,600,000","41,400,000","28,400,000","47,900,000","47,200,000","39,400,000","21,800,000","35,900,000","41,400,000","22,400,000","17,900,000","26,700,000","35,900,000","15,800,000","17,700,000","37,000,000","34,500,000","9,000,000","21,500,000","39,000,000","14,700,000","19,100,000","36,300,000","72,700,000","76,800,000","53,900,000","72,400,000","148,900,000","120,200,000","77,800,000","74,100,000","85,100,000","102,000,000","62,700,000","-15,700,000","16,900,000","10,300,000","4,100,000"
TaxRateForCalcs,"0.247","0.231","0.242","0.243","0.28","0.256","0.258","0.248","0.233","0.222","0.228","0.221","0.209","0.264","0.219","0.28","0.282","0.27","0.4","0.285","0.357","0.13","0.28","0.355","0.346","0.329","0.295","0.4","0.345","0.369","0.38","0.127","0.369","0.242","0.214","0.18","0.208","0.248","0.242","0.35","0.366","0.35","0.36","0.238","0.069","0.35","0.4","0.34","0.35","0.38","0.352","0.37","0.321","0.107","0.007","0.35","0.35","0.35","0.35","0.35","0.35","0.35","0.4","0.4","0.4","0.308","0.319","0.333","0.25","0.4"
TaxEffectOfUnusualItems,"-6,286,282.306","-138,600","-580,800","-461,316.872","-5,768,000","-204,800","-361,200","2,949,859.155","-2,003,800","-199,800","-547,200","3,313,953.488","-522,500","-1,821,600","-700,800","2,264,265.13","-1,804,800","-567,000","1,880,000","-113,879.004","-142,800","-65,000","-168,000","0","0","-296,153.846","-236,363.636","-40,000","-69,047.619","-258,461.538","-15,024,539.877","-139,333.333","-73,720.137","-653,906.25","-21,428.571","-36,097.561","-41,584.158","-445,544.554","-169,696.97","-2,030,000","-804,301.075","-315,000","-468,279.57","-428,571.429","-117,241.379","-735,000","-760,000","-12,600,000","-315,000","-4,175,392.67","-140,606.061","-2,663,583.815","-1,253,571.429","-65,675,488.343","-2,866,890.047","-140,000","-70,000","-525,000","-5,670,000","-12,250,000","-12,740,000","280,000","0","2,440,000","-1,000,000","-1,292,307.692","0","0","0","0"