name,ttm,03/31/2022,12/31/2021,09/30/2021,06/30/2021,03/31/2021,12/31/2020,09/30/2020,06/30/2020,03/31/2020,12/31/2019,09/30/2019,06/30/2019,03/31/2019,12/31/2018,09/30/2018,06/30/2018,03/31/2018,12/31/2017,09/30/2017,06/30/2017,03/31/2017,12/31/2016,09/30/2016,06/30/2016,03/31/2016,12/31/2015,09/30/2015,06/30/2015,03/31/2015,12/31/2014,09/30/2014,06/30/2014,03/31/2014,12/31/2013,09/30/2013,06/30/2013,03/31/2013,12/31/2012,09/30/2012,06/30/2012,03/31/2012,12/31/2011,09/30/2011,06/30/2011,03/31/2011,12/31/2010,09/30/2010,06/30/2010,03/31/2010,12/31/2009,09/30/2009,06/30/2009,03/31/2009,12/31/2008,09/30/2008,06/30/2008,03/31/2008,12/31/2007,09/30/2007,06/30/2007,03/31/2007,12/31/2006,09/30/2006,06/30/2006,03/31/2006,12/31/2005,09/30/2005,06/30/2005,03/31/2005,12/31/2004,09/30/2004,06/30/2004,03/31/2004,12/31/2003,09/30/2003,06/30/2003,03/31/2003,12/31/2002,09/30/2002,06/30/2002,03/31/2002,12/31/2001,09/30/2001,06/30/2001,03/31/2001,12/31/2000,09/30/2000,06/30/2000,03/31/2000,03/31/1999
TotalRevenue,"485,965,000","117,169,000","125,732,000","121,340,000","121,724,000","115,533,000","125,997,000","125,444,000","86,977,000","106,030,000","106,868,000","104,672,000","101,713,000","95,577,000","76,475,000","69,096,000","67,746,000","63,423,000","67,793,000","63,052,000","66,090,000","61,676,000","60,490,000","60,761,000","63,129,000","59,704,000","27,279,000","25,126,000","24,370,000","23,026,000","24,999,000","23,217,000","20,670,000","18,182,000","18,323,000","16,884,000","15,603,000","15,657,000","14,894,000","14,202,000","15,611,000","15,160,000","12,893,000","11,320,000","10,466,000","8,805,000","8,755,000","8,708,000","8,490,000","8,418,000","7,799,409","7,296,800","7,459,326","6,913,520","5,920,360","5,050,796","4,881,402","4,162,762","3,795,317","3,122,714","2,344,032","2,242,661","1,762,824","1,601,880","1,767,492","1,343,800","750,895","559,349","344,888","230,192","135,820","121,859","121,532","178,863","136,554","90,240","73,009","70,169","57,138","27,869","8,484",,,,"1","1","0","1","126,238","126,165","0"
	OperatingRevenue,"485,965,000","117,169,000","125,732,000","121,340,000","121,724,000","115,533,000","125,997,000","125,444,000","86,977,000","106,030,000","106,868,000","104,672,000","101,713,000","95,577,000","76,475,000","69,096,000","67,746,000","63,423,000","96,945,000","85,429,000","93,862,000","83,938,000","116,821,000","114,902,000","129,235,000","132,720,000","57,532,000","57,192,000","56,702,000","53,631,000","64,795,000","60,660,000","57,805,000","41,200,000","-63,158,000","45,159,000","15,603,000","15,657,000","14,894,000","14,202,000","15,611,000","15,160,000","12,893,000","11,320,000","10,466,000","8,805,000","8,755,000","8,708,000","8,490,000","8,418,000","7,799,409","7,296,800","7,459,326","6,913,520","5,920,360","5,050,796","4,881,402","4,162,762","3,795,317","3,122,714","2,344,032","2,242,661","1,762,824","1,601,880","1,767,492","1,343,800","750,895","559,349","344,888","230,192","135,820","121,859","121,532","178,863","136,554","90,240","73,009","70,169","57,138","27,869","8,484",,,,"1","1","0","1","126,238","126,165","0"
CostOfRevenue,"302,247,000","78,937,000","80,475,000","74,101,000","68,734,000","73,959,000","68,544,000","71,379,000","58,971,000","59,661,000","56,945,000","53,840,000","52,747,000","48,462,000","39,365,000","36,775,000","37,216,000","36,120,000","34,661,000","34,242,000","34,912,000","34,480,000","33,233,000","33,416,000","34,524,000","32,531,000","15,051,000","13,955,000","13,557,000","13,482,000","13,529,000","12,923,000","10,431,000","9,473,000","9,160,000","8,713,000","8,446,000","8,411,000","8,460,000","8,310,000","8,244,000","8,016,000","7,060,000","6,246,000","5,810,000","4,940,000","4,851,000","4,818,000","4,575,000","4,344,000","4,107,461","3,672,289","3,384,035","3,090,442","2,776,303","2,535,318","2,183,758","1,858,474","1,898,915","1,521,313","1,165,813","936,734","735,711","720,866","725,816","576,797","504,708","313,176","193,680","176,838","159,734","132,773","138,374","145,986","145,959","127,418","111,173","97,043","53,196","61,033","70,894",,,,,,"0",,"35,173","39,117","0"
GrossProfit,"183,718,000","38,232,000","45,257,000","47,239,000","52,990,000","41,574,000","57,453,000","54,065,000","28,006,000","46,369,000","49,923,000","50,832,000","48,966,000","47,115,000","37,110,000","32,321,000","30,530,000","27,303,000","33,132,000","28,810,000","31,178,000","27,196,000","27,257,000","27,345,000","28,605,000","27,173,000","12,228,000","11,171,000","10,813,000","9,544,000","11,470,000","10,294,000","10,239,000","8,709,000","9,163,000","8,171,000","7,157,000","7,246,000","6,434,000","5,892,000","7,367,000","7,144,000","5,833,000","5,074,000","4,656,000","3,865,000","3,904,000","3,890,000","3,915,000","4,074,000","3,691,948","3,624,511","4,075,291","3,823,078","3,144,057","2,515,478","2,697,644","2,304,288","1,896,402","1,601,401","1,178,219","1,305,927","1,027,113","881,014","1,041,676","767,003","246,187","246,173","151,208","53,354","-23,914","-10,914","-16,842","32,877","-9,405","-37,178","-38,164","-26,874","3,942","-33,164","-62,410",,,,,,"0",,"91,065","87,048","0"
OperatingExpense,"339,393,000","90,260,000","86,824,000","86,952,000","75,357,000","56,681,000","51,914,000","49,396,000","46,913,000","51,662,000","47,602,000","47,173,000","44,488,000","44,567,000","34,289,000","28,401,000","29,736,000","24,798,000","28,645,000","31,114,000","29,864,000","27,311,000","26,728,000","25,950,000","26,412,000","25,251,000","17,444,000","11,057,000","10,785,000","10,105,000","10,151,000","10,367,000","9,661,000","8,315,000","7,960,000","7,011,000","6,652,000","6,941,000","6,238,000","6,576,000","6,528,000","6,283,000","5,458,000","5,032,000","4,770,000","4,576,000","4,467,000","4,902,000","4,712,000","4,665,000","5,079,544","4,250,933","3,936,779","3,675,084","3,839,172","2,635,608","2,556,121","2,514,555","3,458,869","2,178,339","2,059,166","1,525,472","1,418,341","765,687","802,100","590,684","550,928","424,470","280,542","241,346","263,261","137,091","128,650","181,770","118,981","88,390","91,678","83,663","-1,461,064","698,123","152,223","580,841","7,230,204","289,344","214,598","344,820","445,375","142,299","308,044","253,321","99,048"
	SellingGeneralAndAdministration,"312,263,000","82,547,000","78,311,000","79,543,000","71,862,000","54,225,000","49,814,000","47,432,000","44,808,000","49,602,000","45,522,000","44,562,000","41,901,000","43,358,000","33,763,000","27,955,000","28,663,000","23,842,000","28,089,000","29,844,000","28,917,000","26,449,000","25,798,000","24,983,000","25,106,000","23,805,000","15,588,000","10,186,000","9,982,000","9,436,000","9,737,000","9,353,000","9,028,000","7,687,000","7,311,000","6,671,000","6,036,000","6,106,000","5,790,000","5,768,000","6,000,000","5,786,000","5,458,000","5,032,000","4,770,000","4,576,000","4,467,000","4,902,000","4,712,000","4,665,000","5,079,544","4,250,933","3,936,779","3,675,084","3,839,172","2,635,608","2,556,121","2,514,555","3,458,869","2,178,339","2,059,166","1,426,548","1,418,341","765,687","802,100","590,684","550,928","424,470","280,542","241,346","263,261","137,091","128,650","181,770","118,981","88,390","91,678","75,488","-1,473,288","682,865","134,499","580,841","7,230,204","289,344","214,598","344,820","445,375","142,299","295,594","239,371","99,048"
		GeneralAndAdministrativeExpense,"247,119,000","66,248,000","62,394,000","63,839,000","54,638,000","40,476,000","36,709,000","36,128,000","34,613,000","36,344,000","33,220,000","33,054,000","29,577,000","32,142,000","25,716,000","21,055,000","20,983,000","17,067,000","22,012,000","23,267,000","22,675,000","20,801,000","19,972,000","19,025,000","18,779,000","18,005,000","12,595,000","7,438,000","7,075,000","6,522,000","6,513,000","6,370,000","5,870,000","5,054,000","4,824,000","4,335,000","4,064,000","4,175,000","4,098,000","3,929,000","4,066,000","3,750,000","3,657,000","3,307,000","3,086,000","2,823,000","2,677,000","2,919,000","2,769,000","2,902,000","3,043,618","2,457,978",,,,,,,,,,,,,,,,,,,,,,,,,,,,,,,,,,,,,,,"99,048"
			OtherGandA,"247,119,000","66,248,000","62,394,000","63,839,000","54,638,000","40,476,000","36,709,000","36,128,000","34,613,000","36,344,000","33,220,000","33,054,000","29,577,000","32,142,000","25,716,000","21,055,000","20,983,000","17,067,000","22,012,000","23,267,000","22,675,000","20,801,000","19,972,000","19,025,000","18,779,000","18,005,000","12,595,000","7,438,000","7,075,000","6,522,000","6,513,000","6,370,000","5,870,000","5,054,000","4,824,000","4,335,000","4,064,000","4,175,000","4,098,000","3,929,000","4,066,000","3,750,000","3,657,000","3,307,000","3,086,000","2,823,000","2,677,000","2,919,000","2,769,000","2,902,000","3,043,618","2,457,978",,,,,,,,,,,,,,,,,,,,,,,,,,,,,,,,,,,,,,,"99,048"
		SellingAndMarketingExpense,"65,144,000","16,299,000","15,917,000","15,704,000","17,224,000","13,749,000","13,105,000","11,304,000","10,195,000","13,258,000","12,302,000","11,508,000","12,324,000","11,216,000","8,047,000","6,900,000","7,680,000","6,775,000","6,077,000","6,577,000","6,242,000","5,648,000","5,826,000","5,958,000","6,327,000","5,800,000","2,993,000","2,748,000","2,907,000","2,914,000","3,224,000","2,983,000","3,158,000","2,633,000","2,487,000","2,336,000","1,972,000","1,931,000","1,692,000","1,839,000","1,934,000","2,036,000","1,801,000","1,725,000","1,684,000","1,753,000","1,790,000","1,983,000","1,943,000","1,763,000","2,035,926","1,792,955",,,,,,,,,,,,,,,,,,,,,,,,,,,,,,,,,,,,,,,"0"
	ResearchAndDevelopment,"27,130,000","7,713,000","8,513,000","7,409,000","3,495,000","2,456,000","2,100,000","1,964,000","2,105,000","2,060,000","2,080,000","2,611,000","2,587,000","1,209,000","526,000","446,000","1,073,000","956,000","556,000","1,270,000","947,000","862,000","930,000","967,000","1,306,000","1,446,000","1,856,000","871,000","803,000","669,000","414,000","1,014,000","633,000","628,000","649,000","340,000","616,000","835,000","448,000","808,000","528,000","497,000",,,,,,,,,,,,,,,,,,,,,,,,,,,,,,,,,,,,"8,175","12,224","15,258","17,724",,,,,,,,,,
	DepreciationAmortizationDepletionIncomeStatement,,,,,,,,,,,,,,,,,,,,,,,,,,,,,,,,,,,,,,,,,,,,,,,,,,,,,,,,,,,,,,,,,,,,,,,,,,,,,,,,,,,,,,,"0",,"12,450","13,950",
		DepreciationAndAmortizationInIncomeStatement,,,,,,,,,,,,,,,,,,,,,,,,,,,,,,,,,,,,,,,,,,,,,,,,,,,,,,,,,,,,,,,,,,,,,,,,,,,,,,,,,,,,,,,"0",,"12,450","13,950",
	OtherOperatingExpenses,,,,,,,,,,,,,,,,,,,,,,,,,,,,,,,,,,,,,,,,,,,,,,,,,,,,,,,,,,,,,,"98,924",,,,,,,,,,,,,,,,,,,,,,,,,,,,,
OperatingIncome,"-155,675,000","-52,028,000","-41,567,000","-39,713,000","-22,367,000","-15,107,000","5,539,000","4,669,000","-18,907,000","-5,293,000","2,321,000","3,659,000","4,478,000","2,548,000","2,821,000","3,920,000","794,000","2,505,000","4,487,000","-2,304,000","1,314,000","-115,000","529,000","1,395,000","2,193,000","1,922,000","-5,216,000","114,000","28,000","-561,000","1,319,000","-73,000","578,000","394,000","1,203,000","1,160,000","505,000","305,000","196,000","-684,000","839,000","861,000","375,000","42,000","-114,000","-711,000","-563,000","-1,012,000","-797,000","-591,000","-1,387,596","-626,422","138,512","147,994","-695,115","-120,130","141,523","-210,267","-1,562,467","-576,938","-880,947","-219,545","-391,228","115,327","239,576","176,319","-304,741","-178,297","-129,334","-187,992","-287,175","-148,005","-145,492","-148,893","-128,386","-125,568","-129,842","-110,537","1,465,006","-731,287","-214,633","-580,841","-7,229,204","-289,344","-214,597","-344,819","-445,375","-142,298","-216,979","-166,273","-99,048"
NetNonOperatingInterestIncomeExpense,"-5,206,000","-1,301,000","-1,707,000","-1,296,000","-902,000","-1,177,000","-2,194,000","-2,458,000","-1,548,000","-819,000","-380,000","-203,000","-1,304,000","-1,826,000","-1,464,000","-1,873,000","-1,407,000","-1,486,000","-1,367,000","-1,398,000","-1,411,000","-1,364,000","-5,489,000","-1,468,000","-1,448,000","-1,593,000","-231,000","-239,000","-189,000","-195,000","-193,000","-218,000","-253,000","-265,000","-240,000","-231,000","-232,000","-285,000","-309,000","-291,000","-288,000","-258,000","-223,000","-185,000","-179,000","-182,000","-184,000","-186,000","-181,000","-159,000","-158,240","-128,883","-130,452","-114,816",,,,,,,,,,,,,,,,,,,,,,,,,,,,,,,,,,,,,
	InterestExpenseNonOperating,,,"1,707,000","1,296,000","902,000","1,177,000","2,194,000","2,458,000","1,548,000","819,000","380,000","203,000","1,304,000","1,826,000","1,464,000","1,873,000","1,407,000","1,486,000","1,367,000","1,398,000","1,411,000","1,364,000","5,489,000","1,468,000","1,448,000","1,593,000","231,000","239,000","189,000","195,000","193,000","218,000","253,000","265,000","240,000","231,000","232,000","285,000",,,"288,000","258,000",,,,,,,,,"158,240","128,883","130,452","114,816",,,,,,,,,,,,,,,,,,,,,,,,,,,,,,,,,,,,,
	TotalOtherFinanceCost,,"1,301,000",,,,,,,,,"380,000","203,000","1,304,000","1,826,000","1,464,000","1,873,000","1,407,000","1,486,000","1,367,000","1,398,000","1,411,000","1,364,000","5,489,000","1,468,000","1,448,000","1,593,000","231,000","239,000","189,000","195,000","193,000","218,000","253,000","265,000","240,000","231,000","232,000","285,000","309,000","291,000",,,,"185,000","179,000","182,000",,"186,000","181,000","159,000",,,,,,,,,,,,,,,,,,,,,,,,,,,,,,,,,,,,,,,,,
OtherIncomeExpense,"113,783,000","168,000","-930,000","17,839,000","96,705,000","-4,854,000","4,222,000","11,000","2,499,000","223,000","494,000","35,000","-1,008,000","-5,169,000","45,000","30,000","-124,000","63,000","-265,000","-1,058,000",,,"-3,464,000",,,,"2,000,000",,,,,,,,"0",,,,,,,,,,,,,,,"-159,000",,,,,,,,,,,,,,,,,,,,,,,,,,,,,,,"-521,916",,,,,,"208,965","-208,965",,"646",
	GainOnSaleOfSecurity,,,,,,,"0",,"-3,506,000",,,,,,,,,,,,,,,,,,,,,,,,,,,,,,,,,,,,,,,,,,,,,,,,,,,,,,,,,,,,,,,,,,,,,,,,,,,,,,,,,,
	EarningsFromEquityInterest,,,"0","17,750,000","96,534,000",,,,,,,,,,,,,,,,,,,,,,,,,,,,,,,,,,,,,,,,,,,,,,,,,,,,,,,,,,,,,,,,,,,,,,,,,,,,,,,,,,,,,,
	SpecialIncomeCharges,,,"0","0","0",,"0","0","-1,400,000",,"0","0","-1,018,000",,"0","0",,,"0","-1,058,000",,,"-3,464,000",,,,,,,,,,,,,,,,,,,,,,,,,,,"-159,000",,,,,,,,,,,,,,,,,,,,,,,,,,,,,,,"-521,916",,,,,,"208,965","-208,965",,"646","0"
		ImpairmentOfCapitalAssets,,,,,,,,,,,,,,,,"0",,,"0",,,,"3,464,000",,,,,,,,,,,,,,,,,,,,,,,,,,,,,,,,,,,,,,,,,,,,,,,,,,,,,,,,,,,,,,,,,,,,
		OtherSpecialCharges,,,,,,,"0",,"1,400,000",,"0",,"1,018,000",,,,,,,,,,,,,,,,,,,,,,,,,,,,,,,,,,,,,,,,,,,,,,,,,,,,,,,,,,,,,,,,,,,,,,,,,,,,,,
		GainOnSaleOfBusiness,,,,,,,,,,,,,,,"0","0",,,"0","-1,058,000",,,,,,,,,,,,,,,,,,,,,,,,,,,,,,,,,,,,,,,,,,,,,,,,,,,,,,,,,,,,,,,,,,,,,,,
	OtherNonOperatingIncomeExpenses,"4,523,000","168,000","-930,000","89,000","171,000","-4,854,000","4,222,000","11,000","7,405,000","223,000","494,000","35,000","10,000","-5,169,000","45,000","30,000","-124,000","63,000","-264,000","-1,058,000",,,,,,,"2,000,000",,,,,,,,,,,,,,,,,,,,,,,,,,,,,,,,,,,,,,,,,,,,,,,,,,,,,,,,,,,,,,,,
PretaxIncome,"-47,098,000","-53,161,000","-44,204,000","-23,170,000","73,436,000","-21,138,000","7,567,000","2,222,000","-17,956,000","-5,889,000","2,435,000","3,491,000","2,166,000","-4,447,000","1,402,000","2,077,000","-737,000","1,082,000","2,855,000","-4,760,000","-97,000","-1,479,000","-8,424,000","-73,000","745,000","329,000","-3,447,000","-125,000","-161,000","-756,000","1,126,000","-291,000","325,000","129,000","963,000","929,000","273,000","20,000","-113,000","-975,000","551,000","603,000",,,,,,,,,,,,,,,,,,,,,,,,,,,,,,,,,,,,,,,,,,,"-214,598",,,,,,"-99,048"
TaxProvision,"-11,457,000","-3,753,000","-2,445,000","-2,822,000","-2,437,000","976,000","-7,850,000","-335,000","-11,132,000","1,089,000","-3,861,000","1,348,000","175,000","-2,023,000","1,049,000","54,000","-357,000","438,000","-2,096,000","340,000","-54,000","-825,000","-2,201,000","-6,000","332,000","174,000","-1,974,000","0","15,000","5,000","79,000","0","51,000","27,000","106,000","29,000","0","17,000","0","0","0","0",,,,,,,,,,,,,,,,,,,,,,,,,,,,,,,,,,,,,,,,,,,,,,,,,"0"
NetIncomeCommonStockholders,"-35,641,000","-49,408,000","-41,759,000","-20,348,000","75,873,000","-22,114,000","15,417,000","2,557,000","-6,824,000","-6,978,000","6,296,000","2,143,000","1,991,000","-2,424,000","353,000","2,023,000","5,924,000","-2,212,000","2,260,000","-7,751,000","-2,682,000","-3,220,000","-14,197,000","-5,634,000","-5,154,000","-5,412,000","-1,595,000","-125,000","-176,000","-761,000","1,047,000","-291,000","274,000","102,000","857,000","900,000","273,000","3,000","-113,000","-975,000","551,000","603,000","152,000","-143,000","-293,000","-893,000","-377,000","-1,198,000","-978,000","-750,000","-1,528,745","-755,305","8,060","33,178","-994,376","-195,125","72,277","-265,363","-1,595,861","-591,263","-973,503","-219,545","-429,245","31,895","161,255","106,434","-360,692","-239,937","-181,358","-215,174","-309,776","-170,856","-168,745","-169,609","-144,048","-138,114","-138,796","-114,806","1,462,763","-732,198","-740,247","-580,841","-7,229,204","-289,344","-214,598","-344,820","-236,410","-351,264","-216,979","-165,627","-99,048"
	NetIncome,"-35,641,000","-49,408,000","-41,759,000","-20,348,000","75,873,000","-22,114,000","15,417,000","2,557,000","-6,824,000","-6,978,000","6,296,000","2,143,000","1,991,000","-2,424,000","353,000","2,023,000","-380,000","644,000","4,951,000","-5,100,000","-43,000","-654,000","-6,223,000","-67,000","413,000","155,000","-1,473,000","-125,000","-176,000","-761,000","1,047,000","-291,000","274,000","102,000","857,000","900,000","273,000","3,000","-113,000","-975,000","551,000","603,000","152,000","-143,000","-293,000","-893,000","-377,000","-1,198,000","-978,000","-750,000","-1,528,745","-755,305","8,060","33,178","-994,376","-195,125","72,277","-265,363","-1,595,861","-591,263","-973,503","-219,545","-429,245","31,895","161,255","106,434","-360,692","-239,937","-181,358","-215,174","-309,776","-170,856","-168,745","-169,609","-144,048","-138,114","-138,796","-114,806","1,462,763","-732,198","-740,247","-580,841","-7,229,204","-289,344","-214,598","-344,820","-236,410","-351,264","-216,979","-165,627","-99,048"
		NetIncomeIncludingNoncontrollingInterests,"-35,641,000","-49,408,000","-41,759,000","-20,348,000","75,873,000","-22,114,000","15,417,000","2,557,000","-6,824,000","-6,978,000","6,296,000","2,143,000","1,991,000","-2,424,000","353,000","2,023,000","-380,000","644,000","4,951,000","-5,100,000","-43,000","-654,000","-6,223,000","-67,000","413,000","155,000","-1,473,000","-125,000","-176,000","-761,000","1,047,000","-291,000","274,000","102,000","857,000","900,000","273,000","3,000","-113,000","-975,000","551,000","603,000","152,000","-143,000","-293,000","-893,000","-377,000","-1,198,000","-978,000","-750,000","-1,528,745","-755,305","8,060","33,178","-994,376","-195,125","72,277","-265,363","-1,595,861","-591,263","-973,503","-219,545","-429,245","31,895","161,255","106,434","-360,692","-239,937","-181,358","-215,174","-309,776","-170,856","-168,745","-169,609","-144,048","-138,114","-138,796","-114,806","1,462,763","-732,198","-740,247","-580,841","-7,229,204","-289,344","-214,598","-344,820","-236,410","-351,264","-216,979","-165,627","-99,048"
			NetIncomeContinuousOperations,"-35,641,000","-49,408,000","-41,759,000","-20,348,000","75,873,000","-22,114,000","15,417,000","2,557,000","-6,824,000","-6,978,000","6,296,000","2,143,000","1,991,000","-2,424,000","353,000","2,023,000","-380,000","644,000","4,951,000","-5,100,000","-43,000","-654,000","-6,223,000","-67,000","413,000","155,000","-1,473,000","-125,000","-176,000","-761,000","1,047,000","-291,000","274,000","102,000","857,000","900,000","273,000","3,000","-113,000","-975,000","551,000","603,000","152,000","-143,000","-293,000","-893,000","-377,000","-1,198,000","-978,000","-750,000","-1,528,745","-755,305","8,060","33,178","-994,376","-195,125","72,277","-265,363","-1,595,861","-591,263","-973,503","-219,545","-429,245","31,895","161,255","106,434","-360,692","-239,937","-181,358","-215,174","-309,776","-170,856","-168,745","-169,609","-144,048","-138,114","-138,796","-114,806","1,462,763","-732,198","-740,247","-580,841","-7,229,204","-289,344","-214,598","-344,820","-236,410","-351,264","-216,979","-165,627","-99,048"
	PreferredStockDividends,,,,,,,,,,,,,,,"8,248,000",,"947,000","1,003,000","911,000","912,000","929,000","894,000","12,491,000","1,840,000","1,840,000","1,840,000","40,000",,,,,,,,,,,,,,,,,,,,,,,,,,,,,,,,,,,,,,,,,,,,,,,,,,,,,,,,,,,,,,,,
	OtherunderPreferredStockDividend,,,,,,,,"-1,975,000",,,"0","0","0","0","-8,248,000","0","-7,251,000","1,853,000","1,780,000","1,739,000","1,710,000","1,672,000","-4,517,000","3,727,000","3,727,000","3,727,000","82,000",,,,,,,,,,,,,,,,,,,,,,,,,,,,,,,,,,,,,,,,,,,,,,,,,,,,,,,,,,,,,,,,
AverageDilutionEarnings,,,,"0","1,552,000",,,"1,975,000",,,,,,,,,,,,,,,,,,,,,,,,,,,,,,,,,,,,,,,,,,,,,,,,,,,,,,,,,,,,,,,,,,,,,,,,,,,,,,,,,,,
DilutedNIAvailtoComStockholders,"-35,641,000","-49,408,000","-41,759,000","-20,348,000","77,425,000","-22,114,000","15,417,000","4,532,000","-6,824,000","-6,978,000","6,296,000","2,143,000","1,991,000","-2,424,000","353,000","2,023,000","5,924,000","-2,212,000","2,260,000","-7,751,000","-2,682,000","-3,220,000","-14,197,000","-5,634,000","-5,154,000","-5,412,000","-1,595,000","-125,000","-176,000","-761,000","1,047,000","-291,000","274,000","102,000","857,000","900,000","273,000","3,000","-113,000","-975,000","551,000","603,000","152,000","-143,000","-293,000","-893,000","-377,000","-1,198,000","-978,000","-750,000","-1,528,745","-755,305","8,060","33,178","-994,376","-195,125","72,277","-265,363","-1,595,861","-591,263","-973,503","-219,545","-429,245","31,895","161,255","106,434","-360,692","-239,937","-181,358","-215,174","-309,776","-170,856","-168,745","-169,609","-144,048","-138,114","-138,796","-114,806","1,462,763","-732,198","-740,247","-580,841","-7,229,204","-289,344","-214,598","-344,820","-236,410","-351,264","-216,979","-165,627","-99,048"
BasicEPS,,"-0.4","-0.34","-0.17","0.64","-0.19","0.14","0.02","-0.06","-0.07","0.06","0.02","0.02","-0.03","0.004","0.02","0.07","-0.03","0.03","-0.1","-0.03","-0.04","-0.18","-0.07","-0.07","-0.07","-0.03","-0.002","-0.003","-0.01","0.02","-0.01","0.01","0.002","0.02","0.02","0.01","0",,"-0.02","0.01","0.01",,"0","-0.01","-0.02",,"-0.03","-0.03","-0.02",,"-0.02","0","0",,"-0.01","0","-0.01",,"-0.02","-0.03","-0.01",,"0.001","0.01","0.004",,"-0.01","-0.01","-0.01",,"-0.01","-0.01","-0.01",,"-0.01","-0.01","-0.03",,"-0.2","-0.2","-0.1",,"-0.2","-0.2","-0.352",,"-2","-1.187","-0.25","-0.25"
DilutedEPS,,"-0.4","-0.34","-0.17","0.59","-0.19","0.13","0.02","-0.06","-0.07","0.06","0.02","0.02","-0.03","0.004","0.02","0.07","-0.03","0.03","-0.1","-0.03","-0.04","-0.18","-0.07","-0.07","-0.07","-0.03","-0.002","-0.003","-0.01","0.02","-0.01","0.01","0.002","0.02","0.02","0.01","0",,"-0.02","0.01","0.01",,"0","-0.01","-0.02",,"-0.03","-0.03","-0.02",,"-0.02","0","0",,"-0.01","0","-0.01",,"-0.02","-0.03","-0.01",,"0.001","0.01","0.004",,"-0.01","-0.01","-0.01",,"-0.01","-0.01","-0.01",,"-0.01","-0.01","-0.03",,"-0.2","-0.2","-0.1",,"-0.2","-0.2","-0.352",,"-2","-1.187","-0.25","-0.25"
BasicAverageShares,,"123,630,000","123,082,000","122,559,000","118,287,000","116,199,000","111,200,000","110,461,000","107,887,000","104,484,000","104,393,000","103,899,000","98,297,000","94,740,000","93,270,000","87,253,000","81,017,000","79,876,000","86,676,000","79,617,000","79,413,000","78,650,000","78,490,000","78,145,000","77,448,000","75,820,000","60,859,000","60,537,000","60,425,000","60,277,000","60,043,000","54,444,000","49,890,000","49,277,000","49,021,000","48,933,000","48,793,000","46,624,000",,"45,175,000","44,954,000","44,697,000",,"43,103,707","42,856,578","41,734,000",,"37,376,676","37,307,232","37,220,000",,"36,000,083","33,066,941","32,173,698",,"31,440,327","31,367,144","31,400,947",,"31,309,353","28,941,466","27,371,233",,"26,599,981","26,301,619","24,752,083",,"22,526,370","22,157,538","21,744,273",,"20,785,612","18,801,943","18,449,416",,"18,449,416","15,960,702","4,482,354",,"4,287,841","4,073,736","4,050,000",,"1,183,931","1,094,865","979,501",,"184,652","182,870","720,960","420,000"
DilutedAverageShares,,"123,630,000","123,082,000","122,559,000","131,237,000","116,199,000","114,236,000","119,191,000","107,887,000","104,484,000","107,816,000","107,880,000","102,336,000","94,740,000","96,874,000","90,899,000","90,168,000","79,876,000","88,611,000","79,617,000","79,413,000","78,650,000","78,490,000","78,145,000","77,448,000","75,820,000","60,859,000","60,537,000","60,425,000","60,277,000","62,732,000","54,444,000","53,733,000","53,469,000","53,638,000","53,173,000","53,744,000","50,923,000",,"45,175,000","47,650,000","47,424,000",,"43,103,707","42,856,578","41,734,000",,"37,376,676","37,307,232","37,220,000",,"36,000,083","38,485,914","35,630,058",,"31,440,327","38,243,857","31,400,947",,"31,309,353","28,941,466","27,371,233",,"31,172,953","29,709,673","25,512,363",,"22,526,370","22,157,538","21,744,273",,"20,785,612","18,801,943","18,449,416",,"18,449,416","15,960,702","4,482,354",,"4,287,841","4,073,736","4,050,000",,"1,183,931","1,094,865","979,501",,"184,652","182,870","720,960","420,000"
TotalOperatingIncomeAsReported,"-155,675,000","-52,028,000","-41,567,000","-39,713,000","-22,367,000","-15,107,000","5,539,000","4,669,000","-18,907,000","-5,293,000","2,321,000","3,659,000","4,478,000","2,548,000","2,821,000","3,920,000","794,000","2,505,000","4,487,000","-3,362,000","1,314,000","-115,000","-2,935,000","1,395,000","2,193,000","1,922,000","-5,216,000","114,000","28,000","-561,000","1,319,000","-73,000","578,000","394,000","1,203,000","1,160,000","505,000","305,000","196,000","-684,000","839,000","861,000","375,000","42,000","-114,000","-711,000","-563,000","-1,012,000","-797,000","-591,000",,,,,"-695,115","-120,130","141,523","-210,267","-1,562,467","-576,938","-880,947","-219,545","-391,228","115,327","239,576","176,319","-304,741","-178,297","-129,334","-187,992","-287,175","-148,005","-145,492","-148,893","-128,386","-125,568","-129,842","-110,537","1,465,006","-731,287","-214,633","-580,841","-7,229,204","-289,344","-214,597","-344,819","-445,375","-142,298","-216,979","-166,273","-99,048"
TotalExpenses,"641,640,000","169,197,000","167,299,000","161,053,000","144,091,000","130,640,000","120,458,000","120,775,000","105,884,000","111,323,000","104,547,000","101,013,000","97,235,000","93,029,000","73,654,000","65,176,000","66,952,000","60,918,000","63,306,000","65,356,000","64,776,000","61,791,000","59,961,000","59,366,000","60,936,000","57,782,000","32,495,000","25,012,000","24,342,000","23,587,000","23,680,000","23,290,000","20,092,000","17,788,000","17,120,000","15,724,000","15,098,000","15,352,000","14,698,000","14,886,000","14,772,000","14,299,000","12,518,000","11,278,000","10,580,000","9,516,000","9,318,000","9,720,000","9,287,000","9,009,000","9,187,005","7,923,222","7,320,814","6,765,526","6,615,475","5,170,926","4,739,879","4,373,029","5,357,784","3,699,652","3,224,979","2,462,206","2,154,052","1,486,553","1,527,916","1,167,481","1,055,636","737,646","474,222","418,184","422,995","269,864","267,024","327,756","264,940","215,808","202,851","180,706","-1,407,868","759,156","223,117","580,841","7,230,204","289,344","214,598","344,820","445,375","142,299","343,217","292,438","99,048"
NetIncomeFromContinuingAndDiscontinuedOperation,"-35,641,000","-49,408,000","-41,759,000","-20,348,000","75,873,000","-22,114,000","15,417,000","2,557,000","-6,824,000","-6,978,000","6,296,000","2,143,000","1,991,000","-2,424,000","353,000","2,023,000","-380,000","644,000","4,951,000","-5,100,000","-43,000","-654,000","-6,223,000","-67,000","413,000","155,000","-1,473,000","-125,000","-176,000","-761,000","1,047,000","-291,000","274,000","102,000","857,000","900,000","273,000","3,000","-113,000","-975,000","551,000","603,000","152,000","-143,000","-293,000","-893,000","-377,000","-1,198,000","-978,000","-750,000","-1,528,745","-755,305","8,060","33,178","-994,376","-195,125","72,277","-265,363","-1,595,861","-591,263","-973,503","-219,545","-429,245","31,895","161,255","106,434","-360,692","-239,937","-181,358","-215,174","-309,776","-170,856","-168,745","-169,609","-144,048","-138,114","-138,796","-114,806","1,462,763","-732,198","-740,247","-580,841","-7,229,204","-289,344","-214,598","-344,820","-236,410","-351,264","-216,979","-165,627","-99,048"
NormalizedIncome,"-35,641,000","-49,408,000","-41,759,000","-20,348,000","75,873,000","-22,114,000","15,417,000","2,557,000","-3,242,620","-6,978,000","6,296,000","2,143,000","2,926,751.616","-2,424,000","353,000","2,023,000","-380,000","644,000","4,951,000","-4,465,200","-43,000","-654,000","-6,223,000","-67,000","413,000","155,000","-1,473,000","-125,000","-176,000","-761,000","1,047,000","-291,000","274,000","102,000","857,000","900,000","273,000","3,000","-113,000","-975,000","551,000","603,000","152,000","-143,000","-293,000","-893,000","-377,000","-1,198,000","-978,000","-750,000","-1,528,745","-755,305","8,060","33,178","-994,376","-195,125","72,277","-265,363","-1,595,861","-591,263","-973,503","-219,545","-429,245","31,895","161,255","106,434","-360,692","-239,937","-181,358","-215,174","-309,776","-170,856","-168,745","-169,609","-144,048","-138,114","-138,796","-114,806","1,462,763","-732,198","-427,097.4","-580,841","-7,229,204","-289,344","-214,598","-344,820","-361,789","-225,885","-216,979","-166,014.6","-99,048"
InterestExpense,,,"1,707,000","1,296,000","902,000","1,177,000","2,194,000","2,458,000","1,548,000","819,000","380,000","203,000","1,304,000","1,826,000","1,464,000","1,873,000","1,407,000","1,486,000","1,367,000","1,398,000","1,411,000","1,364,000","5,489,000","1,468,000","1,448,000","1,593,000","231,000","239,000","189,000","195,000","193,000","218,000","253,000","265,000","240,000","231,000","232,000","285,000",,,"288,000","258,000",,,,,,,,,"158,240","128,883","130,452","114,816",,"74,995",,,,,"92,556",,"93,987",,,,"55,951",,"52,024",,,,,"20,716","15,662","12,546",,,,,"3,698",,,,,,,,,,
NetInterestIncome,"-5,206,000","-1,301,000","-1,707,000","-1,296,000","-902,000","-1,177,000","-2,194,000","-2,458,000","-1,548,000","-819,000","-380,000","-203,000","-1,304,000","-1,826,000","-1,464,000","-1,873,000","-1,407,000","-1,486,000","-1,367,000","-1,398,000","-1,411,000","-1,364,000","-5,489,000","-1,468,000","-1,448,000","-1,593,000","-231,000","-239,000","-189,000","-195,000","-193,000","-218,000","-253,000","-265,000","-240,000","-231,000","-232,000","-285,000","-309,000","-291,000","-288,000","-258,000","-223,000","-185,000","-179,000","-182,000","-184,000","-186,000","-181,000","-159,000","-158,240","-128,883","-130,452","-114,816",,"-74,995",,,,,"-92,556",,"-93,987",,,,"-55,951",,"-52,024",,,,,"-20,716","-15,662","-12,546",,,,,"-3,698",,,,,,,,,,
EBIT,"-46,914,000","-52,028,000","-42,497,000","-21,874,000","74,338,000","-19,961,000","9,761,000","4,680,000","-16,408,000","-5,070,000","2,815,000","3,694,000","3,470,000","-2,621,000","2,866,000","3,950,000","670,000","2,568,000","4,222,000","-3,362,000","1,314,000","-115,000","-2,935,000","1,395,000","2,193,000","1,922,000","-3,216,000","114,000","28,000","-561,000","1,319,000","-73,000","578,000","394,000","1,203,000","1,160,000","505,000","305,000","196,000","-684,000","839,000","861,000","375,000","42,000","-114,000","-711,000","-563,000","-1,012,000","-797,000","-591,000","-1,387,596","-626,422","138,512","147,994","-695,115","-120,130","141,523","-210,267","-1,562,467","-576,938","-880,947","-219,545","-391,228","115,327","239,576","176,319","-304,741","-178,297","-129,334","-187,992","-287,175","-148,005","-145,492","-148,893","-128,386","-125,568","-129,842","-110,537","1,465,006","-731,287","-214,633","-580,841","-7,229,204","-289,344","-214,597","-344,819","-445,375","-142,298","-216,979","-166,273","-99,048"
EBITDA,"14,185,000"
ReconciledCostOfRevenue,"302,247,000","78,937,000","80,475,000","74,101,000","68,734,000","73,959,000","68,544,000","71,379,000","58,971,000","59,661,000","56,945,000","53,840,000","52,747,000","48,462,000","39,365,000","36,775,000","37,216,000","36,120,000","34,661,000","34,242,000","34,912,000","34,480,000","33,233,000","33,416,000","34,524,000","32,531,000","15,051,000","13,955,000","13,557,000","13,482,000","13,529,000","12,923,000","10,431,000","9,473,000","9,160,000","8,713,000","8,446,000","8,411,000","8,460,000","8,310,000","8,244,000","8,016,000","7,060,000","6,246,000","5,810,000","4,940,000","4,851,000","4,818,000","4,575,000","4,344,000","4,107,461","3,672,289","3,384,035","3,090,442","2,776,303","2,535,318","2,183,758","1,858,474","1,898,915","1,521,313","1,165,813","936,734","735,711","720,866","725,816","576,797","504,708","313,176","193,680","176,838","159,734","132,773","138,374","145,986","145,959","127,418","111,173","97,043","53,196","61,033","70,894",,,,,,"0",,"35,173","39,117","0"
ReconciledDepreciation,"61,099,000","16,885,000","16,862,000","16,652,000","10,700,000","9,138,000","9,629,000","8,996,000","8,404,000","8,692,000","7,589,000","7,228,000","7,624,000","7,830,000","6,000,000","5,454,000","5,232,000","5,046,000","5,651,000","5,584,000","5,652,000","5,704,000","6,205,000","6,039,000","5,354,000","5,611,000","1,888,000","1,815,000","1,760,000","1,679,000","1,502,000","1,627,000","1,304,000","1,207,000","1,129,000","1,120,000","1,117,000","1,046,000","1,143,000","1,000,000","912,000","763,000","601,000","521,000","475,000","488,000","484,000","459,000","423,000","415,000","370,258","310,849","265,943","237,059","179,388","237,456","167,304","156,416","138,196","31,131","249,692","87,340","92,783","86,143","73,130","54,532","30,502","87,601","35,973","26,990","39,355","25,007","24,707","15,194","11,206","12,953","12,014","11,864","-1,714,559","507,704","502,476","497,072",,,,,"0","0","12,450","13,950",
NetIncomeFromContinuingOperationNetMinorityInterest,"-35,641,000","-49,408,000","-41,759,000","-20,348,000","75,873,000","-22,114,000","15,417,000","2,557,000","-6,824,000","-6,978,000","6,296,000","2,143,000","1,991,000","-2,424,000","353,000","2,023,000","-380,000","644,000","4,951,000","-5,100,000","-43,000","-654,000","-6,223,000","-67,000","413,000","155,000","-1,473,000","-125,000","-176,000","-761,000","1,047,000","-291,000","274,000","102,000","857,000","900,000","273,000","3,000","-113,000","-975,000","551,000","603,000","152,000","-143,000","-293,000","-893,000","-377,000","-1,198,000","-978,000","-750,000","-1,528,745","-755,305","8,060","33,178","-994,376","-195,125","72,277","-265,363","-1,595,861","-591,263","-973,503","-219,545","-429,245","31,895","161,255","106,434","-360,692","-239,937","-181,358","-215,174","-309,776","-170,856","-168,745","-169,609","-144,048","-138,114","-138,796","-114,806","1,462,763","-732,198","-740,247","-580,841","-7,229,204","-289,344","-214,598","-344,820","-236,410","-351,264","-216,979","-165,627","-99,048"
TotalUnusualItemsExcludingGoodwill,"0",,"0","0","0",,"0","0","-4,906,000",,"0","0","-1,018,000",,"0","0",,,"0","-1,058,000",,,"-3,464,000",,,,,,,,,,,,,,,,,,,,,,,,,,,"-159,000",,,,,,,,,,,,,,,,,,,,,,,,,,,,,,,"-521,916",,,,,,"208,965","-208,965",,"646","0"
TotalUnusualItems,"0",,"0","0","0",,"0","0","-4,906,000",,"0","0","-1,018,000",,"0","0",,,"0","-1,058,000",,,"-3,464,000",,,,,,,,,,,,,,,,,,,,,,,,,,,"-159,000",,,,,,,,,,,,,,,,,,,,,,,,,,,,,,,"-521,916",,,,,,"208,965","-208,965",,"646","0"
NormalizedEBITDA,"14,185,000","-35,143,000","-25,635,000","-5,222,000","85,038,000","-10,823,000","19,390,000","13,676,000","-3,098,000","3,622,000","10,404,000","10,922,000","12,112,000","5,209,000","8,866,000","9,404,000","5,902,000","7,614,000","9,873,000","3,280,000","6,966,000","5,589,000","3,270,000","7,434,000","7,547,000","7,533,000","-1,328,000","1,929,000","1,788,000","1,118,000","2,821,000","1,554,000","1,882,000","1,601,000","2,332,000","2,280,000","1,622,000","1,351,000","1,339,000","316,000","1,751,000","1,624,000","976,000","563,000","361,000","-223,000","-79,000","-553,000","-374,000","-176,000","-1,017,338","-315,573","404,455","385,053","-515,727","117,326","308,827","-53,851","-1,424,271","-545,807","-631,255","-132,205","-298,445","201,470","312,706","230,851","-274,239","-90,696","-93,361","-161,002","-247,820","-122,998","-120,785","-133,699","-117,180","-112,615","-117,828","-98,673","1,465,006","-223,583","809,759","-83,769","-7,229,204","-289,344","-214,597","-344,819","-654,340","66,667","-204,529","-152,969","-99,048"
TaxRateForCalcs,"0.243","0.071","0.055","0.122","0.27","0.27","0.27","0.27","0.27","0.27","0.27","0.386","0.081","0.27","0.27","0.026","0.27","0.4","0.4","0.4","0.4","0.4","0.261","0.082","0.4","0.4","0.4","0","0.4","0.4","0.07","0","0.157","0.209","0.11","0.031","0","0.35","0","0","0","0","0.35","0.35","0.35","0.35","0.35","0.35","0.35","0.35","0.35","0.35","0.35","0.35","0.35","0.35","0.35","0.35","0.35","0.35","0.35","0.35","0.4","0.4","0.4","0.4","0.4","0.4","0.4","0.4","0.4","0.4","0.4","0.4","0.4","0.4","0.4","0.4","0.4","0.4","0.4","0.4","0.4","0.4","0","0.4","0.4","0.4","0.4","0.4","0"
TaxEffectOfUnusualItems,"0","0","0","0","0","0","0","0","-1,324,620","0","0","0","-82,248.384","0","0","0","0","0","0","-423,200","0","0","0","0","0","0","0","0","0","0","0","0","0","0","0","0","0","0","0","0","0","0","0","0","0","0","0","0","0","0","0","0","0","0","0","0","0","0","0","0","0","0","0","0","0","0","0","0","0","0","0","0","0","0","0","0","0","0","0","0","-208,766.4","0","0","0","0","0","83,586","-83,586","0","258.4","0"