name,ttm,03/31/2022,12/31/2021,09/30/2021,06/30/2021,03/31/2021,12/31/2020,09/30/2020,06/30/2020,03/31/2020,12/31/2019,09/30/2019,06/30/2019,03/31/2019,12/31/2018,09/30/2018,06/30/2018,03/31/2018,12/31/2017,09/30/2017,06/30/2017,03/31/2017,12/31/2016,09/30/2016,06/30/2016,03/31/2016,12/31/2015,09/30/2015,06/30/2015,03/31/2015,12/31/2014,09/30/2014,06/30/2014,03/31/2014,12/31/2013,09/30/2013,06/30/2013,03/31/2013,12/31/2012,09/30/2012,06/30/2012,03/31/2012,12/31/2011,09/30/2011,06/30/2011,03/31/2011,12/31/2010,09/30/2010,06/30/2010,03/31/2010,12/31/2009,09/30/2009,06/30/2009,03/31/2009,12/31/2008,09/30/2008,06/30/2008,03/31/2008,12/31/2007,09/30/2007,06/30/2007,03/31/2007,12/31/2006,09/30/2006,06/30/2006,03/31/2006,12/31/2005,09/30/2005,06/30/2005,03/31/2005,12/31/2004,09/30/2004,06/30/2004,03/31/2004,12/31/2003,09/30/2003,06/30/2003,03/31/2003,12/31/2002,09/30/2002,06/30/2002,03/31/2002,12/31/2001,09/30/2001,06/30/2001,03/31/2001,12/31/2000,09/30/2000,06/30/2000,03/31/2000,12/31/1999,09/30/1999,06/30/1999,03/31/1999,12/31/1998,09/30/1998,06/30/1998,03/31/1998,12/31/1997,09/30/1997,06/30/1997,03/31/1997,12/31/1996,09/30/1996,06/30/1996,03/31/1996,12/31/1995,09/30/1995,06/30/1995,03/31/1995,12/31/1994,09/30/1994,06/30/1994,03/31/1994,12/31/1993,09/30/1993,06/30/1993,03/31/1993,12/31/1992,09/30/1992,06/30/1992,03/31/1992,12/31/1991,09/30/1991,06/30/1991,03/31/1991,12/31/1990,09/30/1990,06/30/1990,03/31/1990,12/31/1989,09/30/1989,06/30/1989,03/31/1989,12/31/1988,09/30/1988,06/30/1988,03/31/1988,12/31/1987,09/30/1987,06/30/1987,03/31/1987,12/31/1986,09/30/1986,06/30/1986,03/31/1986,12/31/1985,09/30/1985
TotalRevenue,"1,998,661,000","701,720,000","546,557,000","355,988,000","394,397,000","551,115,000","441,160,000","287,990,000","323,019,000","491,095,000","444,188,000","293,341,000","357,200,000","552,544,000","490,247,000","289,195,000","342,912,000","540,905,000","419,655,000","286,937,000","348,368,000","522,075,000","422,500,000","292,473,000","335,617,000","449,132,000","375,195,000","301,062,000","339,815,000","596,127,000","523,909,000","366,623,000","440,144,000","756,242,000","550,072,000","338,863,000","440,008,000","597,826,000","452,854,000","313,260,000","328,861,000","552,309,000","432,423,000","286,034,000","380,979,000","660,881,000","450,948,000","277,985,000","354,127,000","671,380,000","457,011,000","278,933,000","367,111,000","804,645,000","607,163,000","397,858,000","548,382,000","885,853,000","568,268,000","260,025,000","463,145,000","812,156,000","504,240,000","294,470,000","415,452,000","890,981,000","710,756,000","287,065,000","400,359,000","791,329,000","544,258,000","278,196,000","419,006,000","801,678,000","532,513,000","297,169,000","449,530,000","809,065,000","479,706,000","244,609,000","350,123,000","482,932,000","394,108,000","254,485,000","406,494,000","879,869,000","559,504,000","240,722,000","289,757,000","517,810,000","377,000,000","190,800,000","248,700,000","483,400,000","340,400,000","171,900,000","242,400,000","462,600,000","371,000,000","157,600,000","246,100,000","498,700,000","363,500,000","160,000,000","239,300,000","492,400,000","316,300,000","135,800,000","191,500,000","376,700,000","271,500,000","141,200,000","216,300,000","473,700,000","310,100,000","149,700,000","185,300,000","391,400,000","294,000,000","124,900,000","176,500,000","346,100,000","272,300,000","118,100,000","146,700,000","337,800,000","262,500,000","120,900,000","155,400,000","324,700,000","291,100,000","119,900,000","148,100,000","336,300,000","251,500,000","94,900,000","133,900,000","317,900,000","222,300,000","87,400,000","130,100,000","295,200,000","224,600,000","97,200,000","155,500,000","391,600,000","261,500,000","116,700,000"
	OperatingRevenue,"1,998,661,000","701,720,000","546,557,000","355,988,000","394,397,000","551,115,000","441,160,000","287,990,000","323,019,000","491,095,000","444,188,000","293,341,000","357,200,000","552,544,000","490,247,000","289,195,000","342,912,000","540,905,000","419,655,000","286,937,000","348,368,000","522,075,000","422,500,000","292,473,000","335,617,000","449,132,000","375,195,000","301,062,000","339,815,000","596,127,000","523,909,000","366,623,000","440,144,000","756,242,000","550,072,000","338,863,000","440,008,000","597,826,000","452,854,000","313,260,000","328,861,000","552,309,000","432,423,000","286,034,000","380,979,000","660,881,000","450,948,000","277,985,000","354,127,000","671,380,000","457,011,000","278,933,000","367,111,000","804,645,000","607,163,000","397,858,000","548,382,000","885,853,000","568,268,000","260,025,000","463,145,000","812,156,000","504,240,000","294,470,000","415,452,000","890,981,000","710,756,000","287,065,000","400,359,000","791,329,000","544,258,000","278,196,000","419,006,000","801,678,000","532,513,000","297,169,000","449,530,000","809,065,000","479,706,000","244,609,000","350,123,000","482,932,000","394,108,000","254,485,000","406,494,000","879,869,000","559,504,000","240,722,000","289,757,000","517,810,000","377,000,000","190,800,000","248,700,000","483,400,000","340,400,000","171,900,000","242,400,000","462,600,000","371,000,000","157,600,000","246,100,000","498,700,000","363,500,000","160,000,000","239,300,000","492,400,000","316,300,000","135,800,000","191,500,000","376,700,000","271,500,000","141,200,000","216,300,000","473,700,000","310,100,000","149,700,000","185,300,000","391,400,000","294,000,000","124,900,000","176,500,000","346,100,000","272,300,000","118,100,000","146,700,000","337,800,000","262,500,000","120,900,000","155,400,000","324,700,000","291,100,000","119,900,000","148,100,000","336,300,000","251,500,000","94,900,000","133,900,000","317,900,000","222,300,000","87,400,000","130,100,000","295,200,000","224,600,000","97,200,000","155,500,000","391,600,000","261,500,000","116,700,000"
CostOfRevenue,"1,160,130,000","427,637,000","312,397,000","200,261,000","219,835,000","313,089,000","249,751,000","187,395,000","203,005,000","315,171,000","273,024,000","188,561,000","222,867,000","376,650,000","304,559,000","188,418,000","214,557,000","361,401,000","256,812,000","178,915,000","203,567,000","329,576,000","229,982,000","158,682,000","187,537,000","267,384,000","225,311,000","189,594,000","217,600,000","406,532,000","342,420,000","243,022,000","290,648,000","550,463,000","368,565,000","223,346,000","291,803,000","412,150,000","301,982,000","24,700,000","50,160,000","208,537,000","132,193,000","46,374,000","112,725,000","306,595,000","163,038,000","52,815,000","98,400,000","334,430,000","172,787,000","60,611,000","126,969,000","485,468,000","328,733,000","152,817,000","272,893,000","531,438,000","278,010,000","79,163,000","219,075,000","476,904,000","242,939,000","79,610,000","184,635,000","566,540,000","436,778,000","82,317,000","181,100,000","466,446,000","278,367,000","85,554,000","187,825,000","469,962,000","271,833,000","101,592,000","223,683,000","474,540,000","224,781,000","57,007,000","121,316,000","195,641,000","146,805,000","67,094,000","178,848,000","565,686,000","289,144,000","70,035,000","104,779,000","237,826,000","145,900,000","37,100,000","74,000,000","219,600,000","131,000,000","35,100,000","73,900,000","201,800,000","164,300,000","30,000,000","83,000,000","251,600,000","164,100,000","17,400,000","80,100,000","247,000,000","133,000,000","21,800,000","60,200,000","165,800,000","103,400,000","25,200,000","76,300,000","252,000,000","144,200,000",,,,,,,,,,,,,,,,,,,,,,,,,,,,,,,,,
GrossProfit,"838,531,000","274,083,000","234,160,000","155,727,000","174,562,000","238,026,000","191,409,000","100,595,000","120,014,000","175,924,000","171,164,000","104,780,000","134,333,000","175,894,000","185,688,000","100,777,000","128,355,000","179,504,000","162,843,000","108,022,000","144,801,000","192,499,000","192,518,000","133,791,000","148,080,000","181,748,000","149,884,000","111,468,000","122,215,000","189,595,000","181,489,000","123,601,000","149,496,000","205,779,000","181,507,000","115,517,000","148,205,000","185,676,000","150,872,000","288,560,000","278,701,000","343,772,000","300,230,000","239,660,000","268,254,000","354,286,000","287,910,000","225,170,000","255,727,000","336,950,000","284,224,000","218,322,000","240,142,000","319,177,000","278,430,000","245,041,000","275,489,000","354,415,000","290,258,000","180,862,000","244,070,000","335,252,000","261,301,000","214,860,000","230,817,000","324,441,000","273,978,000","204,748,000","219,259,000","324,883,000","265,891,000","192,642,000","231,181,000","331,716,000","260,680,000","195,577,000","225,847,000","334,525,000","254,925,000","187,602,000","228,807,000","287,291,000","247,303,000","187,391,000","227,646,000","314,183,000","270,360,000","170,687,000","184,978,000","279,984,000","231,100,000","153,700,000","174,700,000","263,800,000","209,400,000","136,800,000","168,500,000","260,800,000","206,700,000","127,600,000","163,100,000","247,100,000","199,400,000","142,600,000","159,200,000","245,400,000","183,300,000","114,000,000","131,300,000","210,900,000","168,100,000","116,000,000","140,000,000","221,700,000","165,900,000",,,,,,,,,,,,,,,,,,,,,,,,,,,,,,,,,
OperatingExpense,"100,164,000","27,717,000","24,501,000","23,454,000","24,492,000","23,987,000","22,781,000","21,132,000","21,381,000","22,743,000","23,144,000","20,840,000","21,506,000","22,535,000","24,005,000","20,148,000","20,595,000","22,802,000","20,848,000","20,627,000","21,447,000","22,542,000","20,379,000","19,791,000","20,261,000","21,305,000","20,357,000","21,003,000","22,717,000","24,916,000","20,929,000","21,597,000","22,483,000","25,704,000","20,926,000","18,881,000","21,201,000","22,685,000","19,664,000","181,295,000","188,408,000","211,675,000","181,836,000","164,469,000","173,449,000","200,530,000","170,499,000","152,565,000","166,581,000","184,364,000","158,111,000","153,400,000","152,056,000","180,535,000","345,249,000","165,894,000","164,541,000","184,394,000","164,248,000","122,157,000","155,686,000","187,833,000","159,311,000","196,416,000","222,276,000","185,474,000","163,855,000","173,980,000","156,231,000","186,601,000","165,954,000","164,967,000","158,857,000","183,161,000","164,863,000","183,219,000","190,436,000","177,822,000","155,297,000","159,335,000","172,861,000","164,155,000","165,796,000","340,663,000","143,109,000","158,093,000","161,880,000","149,100,000","135,056,000","148,089,000","139,200,000","128,700,000","135,600,000","145,600,000","134,700,000","123,700,000","122,900,000","286,900,000","132,700,000","114,500,000","118,500,000","142,100,000","125,100,000","126,800,000","119,900,000","142,100,000","118,200,000","104,000,000","108,100,000","129,900,000","114,100,000","105,700,000","115,100,000","137,100,000","112,200,000",,,,,,,,,,,,,,,,,,,,,,,,,,,,,,,,,
	SellingGeneralAndAdministration,,,,,,,,,,,,,,,,,,,,,,,,,,,,,,,,,,,,,,,,,,,,,,,,,,,,,"17,576,000",,,,,,,,,,,,,,,,,,,,,,,,,,,,,,,,,,,,,,,,,,,,,,,,,,,,,,,,,,,,,,,,,,,,,,,,,,,,,,,,,,,,,,,,,,,,,,,
	DepreciationAmortizationDepletionIncomeStatement,,,,,,,,,,,,,,,,,,,,,,,,,,,,,,,,,,,,,,,,"71,605,000","74,227,000","63,151,000","62,547,000","55,910,000","57,293,000","60,011,000","53,313,000","48,766,000","50,588,000","46,891,000","44,955,000","45,695,000","43,659,000","41,714,000","42,342,000","41,286,000","42,804,000","42,412,000","44,121,000","31,933,000","41,100,000","42,061,000","42,825,000","45,348,000","46,943,000","44,278,000","43,046,000","47,329,000","45,099,000","49,345,000","46,940,000","47,770,000","47,351,000","47,958,000","46,458,000","53,058,000","47,259,000","49,261,000","45,648,000","48,692,000","44,816,000","43,114,000","44,045,000","51,221,000","42,593,000","41,965,000","39,136,000","39,485,000","35,083,000","33,886,000","34,100,000","33,200,000","32,900,000","31,700,000","31,800,000","30,000,000","31,000,000","25,600,000","32,300,000","26,700,000","29,300,000","29,100,000","26,600,000","26,100,000","26,500,000","24,000,000","21,600,000","18,000,000","17,900,000","17,500,000","18,300,000","19,000,000","19,200,000","18,700,000","17,900,000",,,,,,,,,,,,,,,,,,,,,,,,,,,,,,,,,
	OtherTaxes,"100,164,000","27,717,000","24,501,000","23,454,000","24,492,000","23,987,000","22,781,000","21,132,000","21,381,000","22,743,000","23,144,000","20,840,000","21,506,000","22,535,000","24,005,000","20,148,000","20,595,000","22,802,000","20,848,000","20,627,000","21,447,000","22,542,000","20,379,000","19,791,000","20,261,000","21,305,000","20,357,000","21,003,000","22,717,000","24,916,000","20,929,000","21,597,000","22,483,000","25,704,000","20,926,000","18,881,000","21,201,000","22,685,000","19,664,000","20,150,000","20,432,000","30,477,000","19,230,000","18,188,000","20,179,000","23,798,000","19,736,000","18,133,000","18,605,000","20,454,000","18,659,000","15,454,000","17,576,000","20,372,000","18,762,000","17,379,000","19,135,000","21,398,000","17,672,000","15,511,000","17,804,000","20,233,000","17,112,000","15,795,000","16,845,000","20,120,000","17,181,000","15,525,000","16,598,000","20,774,000","18,168,000","15,939,000","17,785,000","20,165,000","18,222,000","18,420,000","20,730,000","24,477,000","18,877,000","16,280,000","18,562,000","20,108,000","17,205,000","16,317,000","18,487,000","27,473,000","21,453,000","17,683,000","14,794,000","23,610,000","22,800,000","17,600,000","20,800,000","30,700,000","22,000,000","17,200,000","20,700,000","30,700,000","24,200,000","17,100,000","23,200,000","35,700,000","24,600,000","16,500,000","23,600,000","35,600,000","23,900,000","16,100,000","20,900,000","31,800,000","23,100,000","17,900,000","23,400,000","37,200,000","25,300,000",,,,,,,,,,,,,,,,,,,,,,,,,,,,,,,,,
	OtherOperatingExpenses,,,,,,,,,"100,652,000","118,989,000","105,834,000","109,163,000","103,956,000","115,949,000","101,644,000","110,291,000","101,529,000","123,638,000","106,948,000","112,627,000","101,815,000","124,606,000","103,543,000","101,751,000","105,258,000","121,814,000","112,692,000","113,478,000","110,697,000","133,245,000","112,582,000","110,284,000","107,232,000","137,716,000","107,846,000","103,557,000","108,497,000","122,303,000","107,732,000",,,,,,,,,,,,,,,,"182,811,000",,,,,,,,,"42,368,000","62,371,000",,,,,,,"0","1,252,000","-4,645,000",,"10,962,000","31,812,000",,,"0","15,167,000",,,,,,,,,,,,,,,"0",,"130,200,000",,,,,,,,,,,,,,,,,,,,,,,,,,,,,,,,,,,,,,,,,,,,,,,,,,
OperatingIncome,"738,367,000","246,366,000","209,659,000","132,273,000","150,070,000","214,039,000","168,628,000","79,463,000","98,633,000","153,181,000","148,020,000","83,940,000","112,827,000","153,359,000","161,683,000","80,629,000","107,760,000","156,702,000","141,995,000","87,395,000","123,354,000","169,957,000","172,139,000","114,000,000","127,819,000","160,443,000","129,527,000","90,465,000","99,498,000","164,679,000","160,560,000","102,004,000","127,013,000","180,075,000","160,581,000","96,636,000","127,004,000","162,991,000","131,208,000","107,265,000","90,293,000","132,097,000","118,394,000","75,191,000","94,805,000","153,756,000","117,411,000","72,605,000","89,146,000","152,586,000","126,113,000","64,922,000","88,086,000","138,642,000","-66,819,000","79,147,000","110,948,000","170,021,000","126,010,000","58,705,000","88,384,000","147,419,000","101,990,000","18,444,000","8,541,000","138,967,000","110,123,000","30,768,000","63,028,000","138,282,000","99,937,000","27,675,000","72,324,000","148,555,000","95,817,000","12,358,000","35,411,000","156,703,000","99,628,000","28,267,000","55,946,000","123,136,000","81,507,000","-153,272,000","84,537,000","156,090,000","108,480,000","21,587,000","49,922,000","131,895,000","91,900,000","25,000,000","39,100,000","118,200,000","74,700,000","13,100,000","45,600,000","-26,100,000","74,000,000","13,100,000","44,600,000","105,000,000","74,300,000","15,800,000","39,300,000","103,300,000","65,100,000","10,000,000","23,200,000","81,000,000","54,000,000","10,300,000","24,900,000","84,600,000","53,700,000","149,700,000","185,300,000","391,400,000","294,000,000","124,900,000","176,500,000","346,100,000","272,300,000","118,100,000","146,700,000","337,800,000","262,500,000","120,900,000","155,400,000","324,700,000","291,100,000","119,900,000","148,100,000","336,300,000","251,500,000","94,900,000","133,900,000","317,900,000","222,300,000","87,400,000","130,100,000","295,200,000","224,600,000","97,200,000","155,500,000","391,600,000","261,500,000","116,700,000"
NetNonOperatingInterestIncomeExpense,"-124,552,000","-31,598,000","-31,291,000","-30,431,000","-31,232,000","-50,518,000","-34,175,000","-34,361,000","-28,560,000","-27,162,000","-26,994,000","-26,679,000","-26,505,000","-27,060,000","-26,512,000","-27,509,000","-26,551,000","-27,356,000","-26,340,000","-28,647,000","-29,218,000","-29,446,000","-28,413,000","-27,248,000","-29,654,000","-29,953,000","-29,953,000","-26,898,000","-22,893,000","-23,914,000","-21,843,000","-20,201,000","-22,882,000","-23,892,000","-23,132,000","-21,490,000","-23,984,000","-23,172,000","-21,130,000","-20,792,000","-21,967,000","-21,486,000","-18,306,000","-16,474,000","-18,710,000","-19,312,000","-20,709,000","-21,764,000","-22,420,000","-23,741,000","-22,293,000","-23,128,000","-22,835,000","-19,389,000",,,,,,,,,,,,,,,,,,,,,,,,,,,,,,,,,,,,,,,,,,,,,,,,,,,,,,,,,,,,,,,,,,,,,,,,,,,,,,,,,,,,,,,,,,,,,,
	InterestIncomeNonOperating,,,,,,,,,,,,,,,,"1,859,000","1,632,000","1,025,000","2,249,000","1,269,000","853,000","391,000","1,600,000","1,595,000","564,000","278,000","1,799,000","2,291,000","327,000","46,000","1,258,000","2,849,000","370,000","249,000","702,000","2,491,000","317,000","140,000","1,386,000","2,003,000","390,000","192,000","1,105,000","1,639,000","325,000","68,000","884,000","1,680,000","569,000","326,000","1,154,000","1,418,000","1,460,000","1,005,000",,,,,,,,,,,,,,,,,,,,,,,,,,,,,,,,,,,,,,,,,,,,,,,,,,,,,,,,,,,,,,,,,,,,,,,,,,,,,,,,,,,,,,,,,,,,,,
	InterestExpenseNonOperating,"124,552,000","31,598,000","31,291,000","30,431,000","31,232,000","50,518,000","34,175,000","34,361,000","28,560,000","27,162,000","26,994,000","26,679,000","26,505,000","27,060,000","26,512,000","29,368,000","28,183,000","28,381,000","28,589,000","29,916,000","30,071,000","29,837,000","30,013,000","28,843,000","30,218,000","30,231,000","31,752,000","29,189,000","23,220,000","23,960,000","23,101,000","23,050,000","23,252,000","24,141,000","23,834,000","23,981,000","24,301,000","23,312,000","22,516,000","22,795,000","22,357,000","21,678,000","19,411,000","18,113,000","19,035,000","19,380,000","21,593,000","23,444,000","22,989,000","24,067,000","23,447,000","24,546,000","24,295,000","20,394,000",,,,,,,,,,,,,,,,,,,,,,,,,,,,,,,,,,,,,,,,,,,,,,,,,,,,,,,,,,,,,,,,,,,,,,,,,,,,,,,,,,,,,,,,,,,,,,
OtherIncomeExpense,"6,753,000","10,018,000","-1,079,000","-160,000","-2,028,000","-10,875,000","-27,262,000","-253,284,000","-15,689,000","-195,241,000","-3,040,000","1,435,000","-1,456,000","-5,919,000","-9,602,000","1,205,000","999,000","770,000","1,722,000","2,315,000","1,370,000","1,744,000","1,614,000","-30,108,000","-81,139,000","-394,207,000","-433,033,000","-413,796,000","-586,646,000","-118,960,000","1,183,000","2,614,000","1,496,000","5,123,000","228,000","1,031,000","1,163,000","1,087,000","1,415,000","1,057,000","1,086,000","1,654,000","1,336,000","1,817,000","1,813,000","53,303,000","-107,000","1,957,000","1,475,000","1,938,000","757,000","764,000","1,291,000","1,442,000","4,641,000","3,831,000","3,210,000","3,110,000","3,528,000","2,788,000","1,713,000","3,468,000","1,946,000","2,674,000","761,000","968,000","2,005,000","6,430,000","1,769,000","6,614,000","2,435,000","1,977,000","2,384,000","1,000,000","2,114,000","111,800,000","1,031,000","2,839,000","2,066,000","2,919,000","1,290,000","899,000","2,133,000","2,143,000","3,451,000","1,498,000","8,165,000","2,772,000","2,271,000","4,151,000","1,200,000","4,400,000","1,600,000","1,600,000","4,700,000","3,500,000","5,700,000","25,600,000","1,200,000","600,000","1,300,000","600,000","700,000","900,000","1,200,000","900,000","900,000","700,000","3,200,000","600,000","800,000","900,000","1,000,000","800,000","1,000,000",,,,,,,,,,,,,,,,,,,,,,,,,,,,,,,,,
	EarningsFromEquityInterest,,,,,,,,,,,,,,,,,,,,,,,,,,,,,,,,,,,,,,,,,,,,"-61,000","-77,000","51,358,000",,"792,000","624,000","672,000","401,000","2,451,000","627,000",,,,,,,,,,,,,,,,,,,,,,,,,,,,,,,,,,,,,,,,,,,,,,,,,,,,,,,,,,,,,,,,,,,,,,,,,,,,,,,,,,,,,,,,,,,,,,,
	SpecialIncomeCharges,"0","0","0","0","0","0","-25,086,000","-253,441,000","-18,236,000","-177,761,000",,,,,,,,,,"0","0","0","0","-32,755,000","-82,658,000","-397,443,000","-435,451,000","-417,197,000","-588,712,000","-120,348,000",,,,,,,,,,"1,057,000","1,086,000","1,654,000","1,336,000","1,878,000","1,890,000","1,945,000","-107,000","1,165,000","851,000","1,266,000","356,000","-1,687,000","664,000","1,442,000","4,641,000","3,831,000","3,210,000","3,110,000","3,528,000","2,788,000","1,713,000","3,468,000","1,946,000","2,674,000","761,000","968,000","2,005,000","6,430,000","1,769,000","6,614,000","2,435,000","1,977,000","2,384,000","1,000,000","2,114,000","111,800,000","1,031,000","2,839,000","2,066,000","2,919,000","1,290,000","899,000","2,133,000","2,143,000","3,451,000","1,498,000","8,165,000","2,772,000","2,271,000","4,151,000","1,200,000","4,400,000","1,600,000","1,600,000","4,700,000","3,500,000","5,700,000","25,600,000","1,200,000","600,000","1,300,000","600,000","700,000","900,000","1,200,000","900,000","900,000","700,000","3,200,000","600,000","800,000","900,000","1,000,000","800,000","1,000,000",,,,,,,,,,,,,,,,,,,,,,,,,,,,,,,,,
		ImpairmentOfCapitalAssets,"0","0","0","0","0","0","76,152,000","253,441,000","18,236,000","177,761,000",,,,,,,,,,"0","0","0","0","32,755,000","82,658,000","397,443,000","435,451,000","417,197,000","588,712,000","120,348,000",,,,,,,,,,,,,,,,,,"0",,,"0","1,804,000","0",,,,,,,,,,,,,,,,,,,,,,,,,,,,,,,,,,,,,,,,,,,,,,,,,,,,,,,,,,,,,,,,,,,,,,,,,,,,,,,,,,,,,,,,,,,,,,,
		OtherSpecialCharges,,,,,,,,,,,,,,,,,,,,,,,,,,,,,,,,,,,,,,,,"-1,057,000","-1,086,000","-1,654,000",,"-1,878,000","-1,890,000",,,"-1,165,000",,,"-356,000","-117,000","-1,291,000",,,,,,,,,,,,,,,,,,,,,,,,,,,,,,,,,,,,,,,,,,,,,,,,,,,,,,,,,,,,,,,,,,,,,,,,,,,,,,,,,,,,,,,,,,,,,,,
		GainOnSaleOfBusiness,,,,,,,,,,,,,,,,,,,,,,,,,,,,,,,,,,,,,,,,"0","0","0",,"0","-77,000",,,,,,,,,,,,,,,,,,,,,,,,,,,,,,,,,,,,,,,,,,,,,,,,,,,,,,,,,,,,,,,,,,,,,,,,,,,,,,,,,,,,,,,,,,,,,,,,,,,,,,,
		GainOnSaleOfPPE,"0","0","0","0","0","0","51,066,000",,,,,,,,,,,,,,,,,,,,,,,,,,,,,,,,,,,,,,,,,,,,,,,,,,,,,,,,,,,,,,,,,,,,,,,,,,,,,,,,,,,,,,,,,,,,,,,,,,,,,,,,,,,,,,,,,,,,,,,,,,,,,,,,,,,,,,,,,,,,,
	OtherNonOperatingIncomeExpenses,"6,753,000","10,018,000","-1,079,000","-160,000","-2,028,000","-10,875,000","-2,176,000","157,000","2,547,000","-17,480,000","-3,040,000","1,435,000","-1,456,000","-5,919,000","-9,602,000","1,205,000","999,000","770,000","1,722,000","2,315,000","1,370,000","1,744,000","1,614,000","2,647,000","1,519,000","3,236,000","2,418,000","3,401,000","2,066,000","1,388,000","1,183,000","2,614,000","1,496,000","5,123,000","228,000","1,031,000","1,163,000","1,087,000","1,415,000",,,,,,,,,,,,,,,,,,,,,,,,,,,,,,,,,,,,,,,,,,,,,,,,,,,,,,,,,,,,,,,,,,,,,,,,,,,,,,,,,,,,,,,,,,,,,,,,,,,,,,,,,,,,,
PretaxIncome,"620,568,000","224,786,000","177,289,000","101,682,000","116,810,000","152,646,000","107,191,000","-208,182,000","54,384,000","-69,222,000","117,986,000","58,696,000","84,866,000","120,380,000","125,569,000","54,325,000","82,208,000","130,116,000","117,377,000","61,063,000","95,506,000","142,255,000","145,340,000","56,644,000","17,026,000","-263,717,000","-333,459,000","-350,229,000","-510,041,000","21,805,000","139,900,000","84,417,000","105,627,000","161,306,000","137,677,000","76,177,000","104,183,000","140,906,000","111,493,000","87,530,000","69,412,000","112,265,000","101,424,000","60,534,000","77,908,000","187,747,000","96,595,000","52,798,000","68,201,000","130,783,000","104,577,000","42,558,000","66,542,000","120,695,000","-77,967,000","67,722,000","96,577,000","156,734,000","115,618,000","41,706,000","72,008,000","132,368,000","87,407,000","7,279,000","-7,656,000","121,286,000","93,269,000","25,281,000","41,946,000","122,084,000","80,473,000","9,988,000","53,526,000","125,028,000","70,781,000","99,244,000","11,369,000","130,837,000","74,546,000","6,634,000","31,432,000","95,732,000","55,916,000","-173,084,000","61,552,000","127,793,000","86,343,000","-3,109,000","28,949,000","111,829,000","66,600,000","8,900,000","19,500,000","95,800,000","55,500,000","-4,200,000","31,000,000","-31,000,000","59,300,000","-900,000","32,200,000","91,300,000","60,800,000","3,300,000","27,000,000","89,400,000","51,200,000","-2,600,000","13,300,000","67,800,000","41,300,000","-1,300,000","14,900,000","73,700,000","42,900,000",,,,,,,,,,,,,,,,,,,,,,,,,,,,,,,,,
TaxProvision,"147,411,000","57,458,000","44,897,000","14,720,000","30,335,000","40,210,000","29,417,000","-62,637,000","13,134,000","36,846,000","31,395,000","11,415,000","21,113,000","29,785,000","22,909,000","16,331,000","19,183,000","38,269,000","-81,277,000","15,487,000","35,792,000","52,971,000","56,432,000","19,092,000","8,740,000","-116,030,000","-144,350,000","-162,526,000","-216,907,000","5,136,000","55,160,000","26,987,000","41,107,000","66,095,000","55,425,000","28,335,000","45,688,000","55,186,000","43,549,000","38,728,000","26,228,000","44,873,000","40,725,000","23,177,000","31,017,000","72,136,000","38,052,000","21,177,000","25,616,000","50,355,000","40,078,000","15,560,000","23,638,000","47,211,000","-35,289,000","24,457,000","36,722,000","61,730,000","45,014,000","19,796,000","25,210,000","53,921,000","32,887,000","5,311,000","-7,767,000","42,692,000","35,850,000","6,969,000","15,553,000","51,401,000","30,035,000","2,234,000","20,963,000","47,973,000","21,567,000","41,099,000","9,150,000","50,299,000","27,612,000","1,760,000","13,756,000","33,808,000","22,709,000","-73,705,000","24,934,000","52,518,000","33,359,000","71,000","14,481,000","40,778,000","21,700,000","4,500,000","7,700,000","34,700,000","17,900,000","-1,100,000","11,900,000","-9,700,000","22,500,000","-1,000,000","13,300,000","34,200,000","22,200,000","4,000,000","9,700,000","33,700,000","18,800,000","-2,800,000","5,500,000","25,800,000","15,400,000","-2,300,000","5,100,000","29,900,000","15,100,000",,,,,,,,,,,,,,,,,,,,,,,,,,,,,,,,,
NetIncomeCommonStockholders,"473,157,000","167,328,000","132,392,000","86,962,000","86,475,000","112,436,000","77,774,000","-145,545,000","41,250,000","-106,068,000","86,591,000","47,281,000","63,753,000","90,595,000","102,660,000","37,994,000","63,025,000","91,847,000","198,654,000","45,576,000","59,714,000","89,284,000","88,908,000","37,552,000","8,286,000","-147,687,000","-189,109,000","-187,703,000","-293,134,000","16,669,000","84,740,000","57,430,000","64,520,000","95,211,000","82,252,000","47,842,000","58,495,000","85,720,000","67,944,000","48,802,000","43,184,000","67,392,000","60,699,000","37,357,000","46,891,000","115,611,000","58,543,000","38,401,000","42,585,000","80,428,000","64,499,000","26,998,000","42,904,000","73,484,000","-42,678,000","-60,258,000","59,855,000","95,004,000","70,604,000","56,194,000","46,798,000","78,447,000","54,520,000","-23,053,000","-24,882,000","54,267,000","57,419,000","24,767,000","-5,156,000","47,319,000","27,164,000","-15,456,000","9,527,000","54,961,000","49,214,000","36,194,000","-19,665,000","59,604,000","46,296,000","4,874,000","17,676,000","61,924,000","33,207,000","-99,379,000","36,618,000","56,320,000","52,984,000","-3,180,000","14,468,000","71,051,000","44,900,000","4,400,000","11,800,000","61,100,000","37,600,000","-3,100,000","19,100,000","-21,300,000","36,800,000","100,000","18,900,000","57,100,000","38,600,000","-700,000","17,300,000","55,700,000","32,400,000","200,000","7,800,000","42,000,000","25,900,000","400,000","9,800,000","43,800,000","31,600,000","900,000","3,200,000","45,200,000","25,900,000","-8,800,000","2,000,000","40,000,000","27,000,000","-6,900,000","-1,200,000","36,000,000","21,200,000","400,000","-400,000","27,500,000","24,400,000","-4,900,000","800,000",,,,,,,,,,,,,,,
	NetIncome,"473,157,000","167,328,000","132,392,000","86,962,000","86,475,000","112,436,000","77,774,000","-145,545,000","41,250,000","-106,068,000","86,591,000","47,281,000","63,753,000","90,595,000","102,660,000","37,994,000","63,025,000","91,847,000","198,654,000","45,576,000","59,714,000","89,284,000","88,908,000","37,552,000","8,286,000","-147,687,000","-189,109,000","-187,703,000","-293,134,000","16,669,000","84,740,000","57,430,000","64,520,000","95,211,000","82,252,000","47,842,000","58,495,000","85,720,000","67,944,000","48,802,000","43,184,000","67,392,000","60,699,000","37,357,000","46,891,000","115,611,000","58,543,000","38,401,000","42,585,000","80,428,000","64,499,000","26,998,000","42,904,000","73,484,000","-42,678,000","43,265,000","59,855,000","95,004,000","70,604,000","157,690,000","46,798,000","78,447,000","54,520,000","1,968,000","111,000","78,594,000","57,419,000","49,212,000","19,156,000","70,683,000","50,438,000","7,754,000","32,563,000","77,055,000","49,214,000","58,145,000","2,219,000","80,538,000","46,296,000","4,874,000","17,676,000","61,924,000","33,207,000","-99,379,000","36,618,000","75,275,000","52,984,000","-3,180,000","14,468,000","71,051,000","44,900,000","4,400,000","11,800,000","61,100,000","37,600,000","-3,100,000","19,100,000","-21,300,000","36,800,000","100,000","18,900,000","57,100,000","38,600,000","-700,000","17,300,000","55,700,000","32,400,000","200,000","7,800,000","42,000,000","25,900,000","400,000","9,800,000","43,800,000","31,600,000","900,000","3,200,000","45,200,000","25,900,000","-8,800,000","2,000,000","40,000,000","27,000,000","-6,900,000","-1,200,000","36,000,000","21,200,000","400,000","-400,000","27,500,000","24,400,000","-4,900,000","800,000",,,,,,,,,,,,,,,
		NetIncomeIncludingNoncontrollingInterests,"473,157,000","167,328,000","132,392,000","86,962,000","86,475,000","112,436,000","77,774,000","-145,545,000","41,250,000","-106,068,000","86,591,000","47,281,000","63,753,000","90,595,000","102,660,000","37,994,000","63,025,000","91,847,000","198,654,000","45,576,000","59,714,000","89,284,000","88,908,000","37,552,000","8,286,000","-147,687,000","-189,109,000","-187,703,000","-293,134,000","16,669,000","84,740,000","57,430,000","64,520,000","95,211,000","82,252,000","47,842,000","58,495,000","85,720,000","67,944,000","48,802,000","43,184,000","67,392,000","60,699,000","37,357,000","46,891,000","115,611,000","58,543,000","38,401,000","42,585,000","80,428,000","64,499,000","26,998,000","42,904,000","73,484,000","-42,678,000","43,265,000","59,855,000","95,004,000","70,604,000","157,690,000","46,798,000","78,447,000","54,520,000","1,968,000","111,000","78,594,000","57,419,000","49,212,000","19,156,000","73,088,000","51,375,000","6,309,000","32,271,000","78,909,000","51,031,000","57,077,000","1,342,000","82,329,000","47,235,000","3,977,000","17,334,000","63,270,000","33,830,000","-100,115,000","36,481,000","76,576,000","53,899,000","-4,051,000","14,047,000","72,416,000","46,200,000","3,500,000","11,500,000","62,700,000","38,900,000","-3,900,000","19,300,000","-18,900,000","37,200,000","100,000","18,900,000","57,100,000","38,600,000","-700,000","17,300,000","55,700,000","32,400,000","200,000","7,800,000","42,000,000","25,900,000","400,000","9,800,000","43,800,000","31,600,000","900,000","3,200,000","45,200,000","25,900,000","-8,800,000","2,000,000","40,000,000","27,000,000","-6,900,000","-1,200,000","36,000,000","21,200,000","400,000","-400,000","27,500,000","24,400,000","-4,900,000","800,000","37,200,000","19,300,000","-8,600,000","1,300,000","25,000,000","15,000,000","-8,700,000","3,900,000","26,900,000","13,800,000","-1,700,000","2,100,000","27,900,000","15,100,000","-1,100,000"
			NetIncomeContinuousOperations,"473,157,000","167,328,000","132,392,000","86,962,000","86,475,000","112,436,000","77,774,000","-145,545,000","41,250,000","-106,068,000","86,591,000","47,281,000","63,753,000","90,595,000","102,660,000","37,994,000","63,025,000","91,847,000","198,654,000","45,576,000","59,714,000","89,284,000","88,908,000","37,552,000","8,286,000","-147,687,000","-189,109,000","-187,703,000","-293,134,000","16,669,000","84,740,000","57,430,000","64,520,000","95,211,000","82,252,000","47,842,000","58,495,000","85,720,000","67,944,000","48,802,000","43,184,000","67,392,000","60,699,000","37,357,000","46,891,000","115,611,000","58,543,000","31,621,000","42,585,000","80,428,000","64,499,000","26,998,000","42,904,000","73,484,000","-42,678,000","43,265,000","59,855,000","95,004,000","70,604,000","21,910,000","46,798,000","78,447,000","54,520,000","1,968,000","111,000","78,594,000","57,419,000","18,312,000","26,393,000","70,683,000","50,438,000","7,754,000","32,563,000","77,055,000","49,214,000","58,145,000","2,219,000","80,538,000","46,934,000","4,874,000","17,676,000","61,924,000","33,207,000","-99,379,000","36,618,000","75,275,000","52,984,000","-3,180,000","14,468,000","71,051,000","44,900,000","4,400,000","11,800,000","61,100,000","37,600,000","-3,100,000","19,100,000","-21,300,000","36,800,000","100,000","18,900,000","57,100,000","38,600,000","-700,000","17,300,000","55,700,000","32,400,000","200,000","7,800,000","42,000,000","25,900,000","1,000,000","9,800,000","43,800,000","27,800,000","900,000","3,200,000","45,200,000","25,900,000","-8,800,000","2,000,000","40,000,000","27,000,000","-6,900,000","-1,200,000","36,000,000","21,200,000","400,000","-400,000","27,500,000","24,400,000","-4,900,000","800,000","37,200,000","19,300,000","-8,600,000","1,300,000","25,000,000","15,000,000","-8,700,000","3,900,000","26,900,000","13,800,000","-1,700,000","2,100,000","27,900,000","15,100,000","-1,100,000"
			NetIncomeDiscontinuousOperations,,,,,,,,,,,,,,,,,,,,,,,,,,,,,,,,,,,,,,,,,,,,"0","0","0","0",,,,,,,,,,,,,,,,,,,,,"30,900,000","-7,237,000",,,,,,,,,,,,,,,,,,,,,,,,,,,,,,,,,,,,,,,,,,,,,,,,,,,,,,,,,,,,,,,,,,,,,,,,,,,,,,,
			NetIncomeExtraordinary,,,,,,,,,,,,,,,,,,,,,,,,,,,,,,,,,,,,,,,,,,,,,,,,,,,,,,,,,,,,,,,,,,,,,,,,,,,,"0",,,"-638,000",,,,,,,,,,,,,,,,,"0",,,,,,,,,,,,,,,,"-600,000",,,"3,800,000",,,,,,,,,,,,,,,,,,,,,,,,,,,,,,,,,
		MinorityInterests,,,,,,,,,,,,,,,,,,,,,,,,,,,,,,,,,,,,,,,,,,,,,,,,,,,,,,,,,,,,,,,,,,,,,,"-2,405,000","-937,000","1,445,000","292,000","-1,854,000","-1,817,000","1,068,000","877,000","-1,791,000","-939,000","897,000","342,000","-1,346,000","-623,000","736,000","137,000","-1,301,000","-915,000","871,000","421,000","-1,365,000","-1,300,000","900,000","300,000","-1,600,000","-1,300,000","800,000","-200,000","-2,400,000","-400,000",,,,,,,,,,,,,,,,,,,,,,,,,,,,,,,,,,,,,,,,,,,,,,,,,
	PreferredStockDividends,,,,,,,,,,,,,,,,,,,,,,,,,,,,,,,,,,,,,,,,,,,,,,,,,,,,,,,,,,,,,,,,"25,021,000","24,993,000","24,327,000",,"24,445,000","24,312,000","23,364,000","23,274,000","23,210,000","23,036,000","22,094,000",,"21,951,000","21,884,000","20,934,000",,,,,,,,"18,955,000",,,,,,,,,,,,,,,,,,,,,,,,,,,,,,,,,,,,,,,,,,,,,,,,,,,,,,,,,,,,,,
DilutedNIAvailtoComStockholders,"473,157,000","167,328,000","132,392,000","86,962,000","86,475,000","112,436,000","77,774,000","-145,545,000","41,250,000","-106,068,000","86,591,000","47,281,000","63,753,000","90,595,000","102,660,000","37,994,000","63,025,000","91,847,000","198,654,000","45,576,000","59,714,000","89,284,000","88,908,000","37,552,000","8,286,000","-147,687,000","-189,109,000","-187,703,000","-293,134,000","16,669,000","84,740,000","57,430,000","64,520,000","95,211,000","82,252,000","47,842,000","58,495,000","85,720,000","67,944,000","48,802,000","43,184,000","67,392,000","60,699,000","37,357,000","46,891,000","115,611,000","58,543,000","38,401,000","42,585,000","80,428,000","64,499,000","26,998,000","42,904,000","73,484,000","-42,678,000","-60,258,000","59,855,000","95,004,000","70,604,000","56,194,000","46,798,000","78,447,000","54,520,000","-23,053,000","-24,882,000","54,267,000","57,419,000","24,767,000","-5,156,000","47,319,000","27,164,000","-15,456,000","9,527,000","54,961,000","49,214,000","36,194,000","-19,665,000","59,604,000","46,296,000","4,874,000","17,676,000","61,924,000","33,207,000","-99,379,000","36,618,000","56,320,000","52,984,000","-3,180,000","14,468,000","71,051,000","44,900,000","4,400,000","11,800,000","61,100,000","37,600,000","-3,100,000","19,100,000","-21,300,000","36,800,000","100,000","18,900,000","57,100,000","38,600,000","-700,000","17,300,000","55,700,000","32,400,000","200,000","7,800,000","42,000,000","25,900,000","400,000","9,800,000","43,800,000","31,600,000","900,000","3,200,000","45,200,000","25,900,000","-8,800,000","2,000,000","40,000,000","27,000,000","-6,900,000","-1,200,000","36,000,000","21,200,000","400,000","-400,000","27,500,000","24,400,000","-4,900,000","800,000",,,,,,,,,,,,,,,
BasicEPS,,"1.83","1.45","0.95","0.95","1.23","0.85","-1.6","0.47","-1.23","1","0.55","0.74","1.05","1.19","0.44","0.73","1.07","2.32","0.53","0.7","1.05","1.04","0.44","0.1","-1.74","-2.23","-2.22","-3.47","0.2","1.01","0.68","0.77","1.14","0.98","0.57","0.7","1.03","0.81",,"0.52","0.81","0.73",,"0.57","1.4","0.71",,"0.52","0.99","0.8",,"0.54","0.92","-0.54",,"0.74","1.14","0.84",,"0.56","0.95","0.66",,"0","0.93","0.68",,"0.23","0.85","0.61",,"0.4","0.94","0.6",,"0.03","1","0.57",,"0.22","0.78","0.42",,"0.465","0.955","0.675",,"0.185","0.91","0.575",,"0.155","0.79","0.49",,"0.25","-0.28","0.48",,"0.25","0.75","0.51",,"0.23","0.74","0.435",,"0.105","0.56","0.345",,"0.13","0.59","0.43",,"0.045","0.665","0.385",,"0.03","0.645","0.435",,"-0.02","0.605","0.37",,"-0.005","0.485","0.43",,"0.015","0.705","0.37",,"0.025","0.675","0.29",,"0.08","0.565","0.29",,"0.03","0.575","0.31",
DilutedEPS,,"1.82","1.44","0.95","0.94","1.23","0.85","-1.6","0.47","-1.23","1","0.54","0.73","1.04","1.18","0.44","0.73","1.06","2.3","0.53","0.69","1.04","1.04","0.44","0.1","-1.74","-2.23","-2.22","-3.47","0.2","1","0.68","0.76","1.12","0.97","0.57","0.69","1.02","0.81",,"0.52","0.81","0.73",,"0.56","1.38","0.7",,"0.51","0.97","0.78",,"0.53","0.92","-0.54",,"0.72","1.11","0.82",,"0.55","0.92","0.64",,"0","0.91","0.67",,"0.23","0.83","0.6",,"0.39","0.93","0.6",,"0.03","0.99","0.57",,"0.22","0.77","0.41",,"0.455","0.935","0.66",,"0.18","0.905","0.57",,"0.15","0.785","0.485",,"0.245","-0.28","0.475",,"0.25","0.75","0.51",,"0.23","0.74","0.435",,"0.105","0.56","0.345",,"0.13","0.59","0.43",,"0.045","0.665","0.385",,"0.03","0.645","0.435",,"-0.02","0.605","0.37",,"-0.005","0.485","0.43",,"0.015","0.705","0.37",,"0.025","0.675","0.29",,"0.08","0.565","0.29",,"0.03","0.575","0.31",
BasicAverageShares,,"91,444,638","91,266,300","91,181,292","91,172,683","91,163,291","91,007,657","90,954,447","87,966,289","86,561,066","86,378,450","86,315,038","86,306,434","86,290,047","86,032,729","85,953,204","85,930,289","85,809,233","85,630,296","85,512,637","85,422,313","85,334,887","85,189,851","85,016,408","84,917,664","84,806,982","84,651,233","84,570,432","84,453,602","84,317,508","84,208,645","84,126,542","84,029,124","83,856,120","83,707,687","83,628,686","83,557,968","83,498,508","83,390,278",,"83,227,602","83,107,884","82,870,931",,"82,687,467","82,400,851","82,223,428",,"81,801,377","81,175,261","80,612,303",,"79,551,195","79,514,793","79,289,005",,"81,342,788","83,406,242","83,611,177",,"83,483,718","82,895,087","82,679,343",,"84,013,556","84,346,733","84,422,717",,"83,568,251","83,313,191","83,150,086",,"82,178,424","81,796,698","81,572,025",,"80,890,982","80,588,927","80,404,086",,"79,966,075","79,664,218","79,471,820",,"79,150,144","78,978,266","78,760,226",,"78,354,296","78,153,336","77,846,282",,"76,129,032","77,341,772","76,734,694",,"76,400,000","76,071,429","76,666,667",,"75,600,000","76,133,333","75,686,275",,"75,217,391","75,270,270","74,482,759",,"74,285,714","75,000,000","75,072,464",,"75,384,615","74,237,288","73,488,372",,"71,111,111","67,969,925","67,272,727",,"66,666,667","62,015,504","62,068,966",,"60,000,000","59,504,132","57,297,297",,"56,721,311","56,701,031","56,744,186",,"53,333,333","56,090,000","51,860,000",,"51,752,000","51,728,000","51,722,000",,"47,712,000","47,712,000","47,680,000",,"47,680,000","47,396,000","47,396,000",
DilutedAverageShares,,"92,064,711","92,032,775","91,851,443","91,762,898","91,645,679","91,508,259","90,954,447","88,323,699","86,561,066","86,883,152","86,807,821","86,839,841","86,767,673","86,708,814","86,650,677","86,501,194","86,323,636","86,325,537","86,238,287","86,064,464","86,006,614","85,797,989","85,629,858","85,470,216","84,806,982","84,651,233","84,570,432","85,248,281","85,133,142","85,118,516","85,062,410","84,973,100","84,837,123","84,659,001","84,502,703","84,325,465","84,159,734","84,006,050",,"83,674,823","83,678,261","83,699,981",,"83,782,493","83,673,977","83,420,351",,"82,970,921","82,569,323","82,172,649",,"80,391,402","80,129,743","80,167,893",,"83,712,193","85,385,944","85,819,534",,"85,668,055","85,033,127","84,730,910",,"86,016,131","86,253,597","86,256,862",,"84,897,466","84,770,068","84,638,106",,"83,119,373","82,985,451","82,307,835",,"81,914,060","80,999,321","80,803,868",,"80,840,436","80,776,274","80,417,092",,"80,565,610","80,302,664","80,346,348",,"79,355,818","78,695,884","78,826,016",,"78,666,667","77,834,395","77,525,773",,"77,959,184","76,071,429","77,473,684",,"75,600,000","76,133,333","75,686,275",,"75,217,391","75,270,270","74,482,759",,"74,285,714","75,000,000","75,072,464",,"75,384,615","74,237,288","73,488,372",,"71,111,111","67,969,925","67,272,727",,"66,666,667","62,015,504","62,068,966",,"60,000,000","59,504,132","57,297,297",,"56,721,311","56,701,031","56,744,186",,"53,333,333","56,090,000","51,860,000",,"51,752,000","51,728,000","51,722,000",,"47,712,000","47,712,000","47,680,000",,"47,680,000","47,396,000","47,396,000",
TotalOperatingIncomeAsReported,"738,367,000","246,366,000","209,659,000","132,273,000","150,070,000","214,039,000","143,542,000","-173,978,000","80,397,000","-24,580,000","148,020,000","83,940,000","112,827,000","153,359,000","161,683,000","80,629,000","107,760,000","156,702,000","141,995,000","87,395,000","123,354,000","169,957,000","172,139,000","81,245,000","45,161,000","-237,000,000","-305,924,000","-326,732,000","-489,214,000","44,331,000","160,560,000","102,004,000","127,013,000","180,075,000","160,581,000","96,636,000","127,004,000","162,991,000","131,208,000","107,265,000","90,293,000","132,097,000","118,394,000","75,191,000","94,805,000","153,756,000","117,411,000","72,605,000","89,146,000","152,586,000","126,113,000","64,922,000","88,086,000","138,642,000","-66,819,000","79,147,000","110,948,000","170,021,000","126,010,000","58,705,000","88,384,000","147,419,000","101,990,000","18,444,000","8,541,000","138,967,000","110,123,000","30,768,000","63,028,000","138,282,000","99,937,000","27,675,000","72,324,000","148,555,000","95,817,000","12,358,000","35,411,000","156,703,000","99,628,000","28,267,000","55,946,000","123,136,000","81,507,000","-153,272,000","84,537,000","156,090,000","108,480,000","21,587,000","49,922,000","131,895,000","91,900,000","25,000,000","39,100,000","118,200,000","74,700,000","13,100,000","45,600,000","-26,100,000","74,000,000","13,100,000","44,600,000","105,000,000","74,300,000","15,800,000","39,300,000","103,300,000","65,100,000","10,000,000","23,200,000","81,000,000","54,000,000","10,300,000","24,900,000","84,600,000","53,700,000",,,,,,,,,,,,,,,,,,,,,,,,,,,,,,,,,
TotalExpenses,"1,260,294,000","455,354,000","336,898,000","223,715,000","244,327,000","337,076,000","272,532,000","208,527,000","224,386,000","337,914,000","296,168,000","209,401,000","244,373,000","399,185,000","328,564,000","208,566,000","235,152,000","384,203,000","277,660,000","199,542,000","225,014,000","352,118,000","250,361,000","178,473,000","207,798,000","288,689,000","245,668,000","210,597,000","240,317,000","431,448,000","363,349,000","264,619,000","313,131,000","576,167,000","389,491,000","242,227,000","313,004,000","434,835,000","321,646,000","205,995,000","238,568,000","420,212,000","314,029,000","210,843,000","286,174,000","507,125,000","333,537,000","205,380,000","264,981,000","518,794,000","330,898,000","214,011,000","279,025,000","666,003,000","673,982,000","318,711,000","437,434,000","715,832,000","442,258,000","201,320,000","374,761,000","664,737,000","402,250,000","276,026,000","406,911,000","752,014,000","600,633,000","256,297,000","337,331,000","653,047,000","444,321,000","250,521,000","346,682,000","653,123,000","436,696,000","284,811,000","414,119,000","652,362,000","380,078,000","216,342,000","294,177,000","359,796,000","312,601,000","407,757,000","321,957,000","723,779,000","451,024,000","219,135,000","239,835,000","385,915,000","285,100,000","165,800,000","209,600,000","365,200,000","265,700,000","158,800,000","196,800,000","488,700,000","297,000,000","144,500,000","201,500,000","393,700,000","289,200,000","144,200,000","200,000,000","389,100,000","251,200,000","125,800,000","168,300,000","295,700,000","217,500,000","130,900,000","191,400,000","389,100,000","256,400,000",,,,,,,,,,,,,,,,,,,,,,,,,,,,,,,,,
NetIncomeFromContinuingAndDiscontinuedOperation,"473,157,000","167,328,000","132,392,000","86,962,000","86,475,000","112,436,000","77,774,000","-145,545,000","41,250,000","-106,068,000","86,591,000","47,281,000","63,753,000","90,595,000","102,660,000","37,994,000","63,025,000","91,847,000","198,654,000","45,576,000","59,714,000","89,284,000","88,908,000","37,552,000","8,286,000","-147,687,000","-189,109,000","-187,703,000","-293,134,000","16,669,000","84,740,000","57,430,000","64,520,000","95,211,000","82,252,000","47,842,000","58,495,000","85,720,000","67,944,000","48,802,000","43,184,000","67,392,000","60,699,000","37,357,000","46,891,000","115,611,000","58,543,000","38,401,000","42,585,000","80,428,000","64,499,000","26,998,000","42,904,000","73,484,000","-42,678,000","43,265,000","59,855,000","95,004,000","70,604,000","157,690,000","46,798,000","78,447,000","54,520,000","1,968,000","111,000","78,594,000","57,419,000","49,212,000","19,156,000","70,683,000","50,438,000","7,754,000","32,563,000","77,055,000","49,214,000","58,145,000","2,219,000","80,538,000","46,934,000","4,874,000","17,676,000","61,924,000","33,207,000","-99,379,000","36,618,000","75,275,000","52,984,000","-3,180,000","14,468,000","71,051,000","44,900,000","4,400,000","11,800,000","61,100,000","37,600,000","-3,100,000","19,100,000","-21,300,000","36,800,000","100,000","18,900,000","57,100,000","38,600,000","-700,000","17,300,000","55,700,000","32,400,000","200,000","7,800,000","42,000,000","25,900,000","1,000,000","9,800,000","43,800,000","27,800,000","900,000","3,200,000","45,200,000","25,900,000","-8,800,000","2,000,000","40,000,000","27,000,000","-6,900,000","-1,200,000","36,000,000","21,200,000","400,000","-400,000","27,500,000","24,400,000","-4,900,000","800,000",,,,,,,,,,,,,,,
NormalizedIncome,"473,157,000","167,328,000","132,392,000","86,962,000","86,475,000","112,436,000","95,986,436","31,641,646.036","55,091,124","23,697,530","86,591,000","47,281,000","63,753,000","90,595,000","102,660,000","37,994,000","63,025,000","91,847,000","198,654,000","45,576,000","59,714,000","89,284,000","88,908,000","59,266,846.409","57,880,800","90,778,800","72,161,600","62,615,200","60,093,200","108,669,954.46","84,740,000","57,430,000","64,520,000","95,211,000","82,252,000","47,842,000","58,495,000","85,720,000","67,944,000","48,114,950","42,508,355.673","66,399,113.811","59,897,400","36,198,040.638","45,753,453.278","114,413,306.322","58,607,849.123","30,922,000","42,053,631.912","79,649,444.316","64,279,433.135","28,068,201.278","42,475,875.567","72,606,052.049","-45,694,650","40,817,520.377","57,865,555.826","93,118,879.733","68,449,569.79","20,097,800","45,684,721.281","76,192,800","53,306,185.088","363,600","-345,600","77,966,730.637","56,184,666.031","13,654,503.857","25,279,920.874","66,714,600","48,911,816.932","6,219,192.431","31,112,673.206","76,438,698.052","47,744,136.675","-8,935,000","1,600,400","78,790,425.675","45,633,250.879","2,729,410.612","16,902,000","61,342,484.143","31,927,200","-100,664,800","34,547,400","74,376,200","47,973,583.869","-4,843,200","13,105,400","68,413,645.638","44,090,990.991","1,760,000","10,831,794.872","60,079,540.71","34,415,855.856","-5,683,333.333","15,588,064.516","-38,889,677.419","36,055,311.973","-260,000","18,120,000","56,724,753.56","38,155,592.105","-1,240,000","16,531,111.111","55,139,261.745","31,830,468.75","-220,000","5,880,000","41,628,318.584","25,398,305.085","460,000","9,142,281.879","43,320,000","27,151,981.352","900,000","3,200,000","45,200,000","25,900,000","-8,800,000","2,000,000","40,000,000","27,000,000","-6,900,000","-1,200,000","36,000,000","21,200,000","400,000","-400,000","27,500,000","24,400,000","-4,900,000","800,000",,,,,,,,,,,,,,,
InterestIncome,,,,,,,,,,,,,,,,"1,859,000","1,632,000","1,025,000","2,249,000","1,269,000","853,000","391,000","1,600,000","1,595,000","564,000","278,000","1,799,000","2,291,000","327,000","46,000","1,258,000","2,849,000","370,000","249,000","702,000","2,491,000","317,000","140,000","1,386,000","2,003,000","390,000","192,000","1,105,000","1,639,000","325,000","68,000","884,000","1,680,000","569,000","326,000","1,154,000","1,418,000","1,460,000","1,005,000",,,,,,,,,,,,,,,,,,,,,,,,,,,,,,,,,,,,,,,,,,,,,,,,,,,,,,,,,,,,,,,,,,,,,,,,,,,,,,,,,,,,,,,,,,,,,,
InterestExpense,"124,552,000","31,598,000","31,291,000","30,431,000","31,232,000","50,518,000","34,175,000","34,361,000","28,560,000","27,162,000","26,994,000","26,679,000","26,505,000","27,060,000","26,512,000","29,368,000","28,183,000","28,381,000","28,589,000","29,916,000","30,071,000","29,837,000","30,013,000","28,843,000","30,218,000","30,231,000","31,752,000","29,189,000","23,220,000","23,960,000","23,101,000","23,050,000","23,252,000","24,141,000","23,834,000","23,981,000","24,301,000","23,312,000","22,516,000","22,795,000","22,357,000","21,678,000","19,411,000","18,113,000","19,035,000","19,380,000","21,593,000","23,444,000","22,989,000","24,067,000","23,447,000","24,546,000","24,295,000","20,394,000",,,,,,,,,,,,,,,,,,,,,,,,,,,,,,,,,,,,,,,,,,,,,,,,,,,,,,,,,,,,,,,,,,,,,,,,,,,,,,,,,,,,,,,,,,,,,,
NetInterestIncome,"-124,552,000","-31,598,000","-31,291,000","-30,431,000","-31,232,000","-50,518,000","-34,175,000","-34,361,000","-28,560,000","-27,162,000","-26,994,000","-26,679,000","-26,505,000","-27,060,000","-26,512,000","-27,509,000","-26,551,000","-27,356,000","-26,340,000","-28,647,000","-29,218,000","-29,446,000","-28,413,000","-27,248,000","-29,654,000","-29,953,000","-29,953,000","-26,898,000","-22,893,000","-23,914,000","-21,843,000","-20,201,000","-22,882,000","-23,892,000","-23,132,000","-21,490,000","-23,984,000","-23,172,000","-21,130,000","-20,792,000","-21,967,000","-21,486,000","-18,306,000","-16,474,000","-18,710,000","-19,312,000","-20,709,000","-21,764,000","-22,420,000","-23,741,000","-22,293,000","-23,128,000","-22,835,000","-19,389,000",,,,,,,,,,,,,,,,,,,,,,,,,,,,,,,,,,,,,,,,,,,,,,,,,,,,,,,,,,,,,,,,,,,,,,,,,,,,,,,,,,,,,,,,,,,,,,
EBIT,"745,120,000","256,384,000","208,580,000","132,113,000","148,042,000","203,164,000","141,366,000","-173,821,000","82,944,000","-42,060,000","144,980,000","85,375,000","111,371,000","147,440,000","152,081,000","83,693,000","110,391,000","158,497,000","145,966,000","90,979,000","125,577,000","172,092,000","175,353,000","85,487,000","47,244,000","-233,486,000","-301,707,000","-321,040,000","-486,821,000","45,765,000","163,001,000","107,467,000","128,879,000","185,447,000","161,511,000","100,158,000","128,484,000","164,218,000","134,009,000","110,325,000","91,769,000","133,943,000","120,835,000","78,647,000","96,943,000","207,127,000","118,188,000","76,242,000","91,190,000","154,850,000","128,024,000","67,104,000","90,837,000","141,089,000","-66,819,000","79,147,000","110,948,000","170,021,000","126,010,000","58,705,000","88,384,000","147,419,000","101,990,000","18,444,000","8,541,000","138,967,000","110,123,000","30,768,000","63,028,000","138,282,000","99,937,000","27,675,000","72,324,000","148,555,000","95,817,000","12,358,000","35,411,000","156,703,000","99,628,000","28,267,000","55,946,000","123,136,000","81,507,000","-153,272,000","84,537,000","156,090,000","108,480,000","21,587,000","49,922,000","131,895,000","91,900,000","25,000,000","39,100,000","118,200,000","74,700,000","13,100,000","45,600,000","-26,100,000","74,000,000","13,100,000","44,600,000","105,000,000","74,300,000","15,800,000","39,300,000","103,300,000","65,100,000","10,000,000","23,200,000","81,000,000","54,000,000","10,300,000","24,900,000","84,600,000","53,700,000","149,700,000","185,300,000","391,400,000","294,000,000","124,900,000","176,500,000","346,100,000","272,300,000","118,100,000","146,700,000","337,800,000","262,500,000","120,900,000","155,400,000","324,700,000","291,100,000","119,900,000","148,100,000","336,300,000","251,500,000","94,900,000","133,900,000","317,900,000","222,300,000","87,400,000","130,100,000","295,200,000","224,600,000","97,200,000","155,500,000","391,600,000","261,500,000","116,700,000"
EBITDA,"1,092,784,000"
ReconciledCostOfRevenue,"1,160,130,000","427,637,000","312,397,000","200,261,000","219,835,000","313,089,000","249,751,000","187,395,000","203,005,000","315,171,000","273,024,000","188,561,000","222,867,000","376,650,000","304,559,000","188,418,000","214,557,000","361,401,000","256,812,000","178,915,000","203,567,000","329,576,000","229,982,000","158,682,000","187,537,000","267,384,000","225,311,000","189,594,000","217,600,000","406,532,000","342,420,000","243,022,000","290,648,000","550,463,000","368,565,000","223,346,000","291,803,000","412,150,000","301,982,000","24,700,000","50,160,000","208,537,000","132,193,000","46,374,000","112,725,000","306,595,000","163,038,000","52,205,000","98,401,000","334,430,000","172,787,000","60,611,000","126,969,000","485,468,000","328,733,000","152,817,000","272,893,000","531,438,000","278,010,000","66,279,000","219,075,000","476,904,000","242,939,000","79,610,000","184,635,000","566,540,000","436,778,000","82,316,000","176,670,000","466,446,000","278,367,000","85,554,000","187,824,000","469,962,000","271,833,000","101,592,000","223,683,000","474,540,000","224,781,000","57,007,000","121,315,000","195,641,000","146,805,000","67,094,000","178,849,000","565,686,000","289,144,000","70,035,000","104,779,000","237,826,000","145,900,000","37,100,000","74,000,000","219,600,000","131,000,000","35,100,000","73,900,000","201,800,000","164,300,000","30,000,000","83,000,000","251,600,000","164,100,000","17,400,000","80,100,000","247,000,000","133,000,000","21,800,000","60,200,000","165,800,000","103,400,000","25,200,000","76,300,000","252,000,000","144,200,000",,,,,,,,,,,,,,,,,,,,,,,,,,,,,,,,,
ReconciledDepreciation,"347,664,000","91,245,000","88,578,000","83,671,000","84,170,000","84,342,000","83,120,000","80,096,000","73,232,000","77,912,000","74,918,000","74,670,000","71,072,000","65,663,000","64,255,000","63,159,000","60,817,000","61,155,000","55,830,000","55,383,000","55,618,000","56,998,000","56,196,000","56,117,000","58,802,000","63,947,000","70,551,000","70,860,000","79,865,000","82,686,000","102,747,000","103,905,000","96,787,000","89,975,000","93,114,000","86,257,000","88,142,000","80,030,000","72,331,000","71,605,000","74,227,000","63,151,000","62,547,000","55,910,000","57,293,000","60,011,000","53,313,000","49,376,000","50,587,000","46,891,000","44,955,000","45,695,000","43,659,000","41,714,000","42,342,000","41,286,000","42,804,000","42,412,000","44,121,000","44,817,000","41,100,000","42,061,000","42,825,000","45,348,000","46,943,000","44,278,000","43,046,000","47,330,000","49,529,000","49,345,000","46,940,000","47,770,000","47,352,000","47,958,000","46,458,000","53,058,000","47,259,000","49,261,000","45,648,000","48,692,000","44,817,000","43,114,000","44,045,000","51,221,000","42,592,000","41,965,000","39,136,000","39,485,000","35,083,000",,,,,,,,,,,,,,,,,,,,,,,,,,,,,,,,,,,,,,,,,,,,,,,,,,,,,,,,,,,
NetIncomeFromContinuingOperationNetMinorityInterest,"473,157,000","167,328,000","132,392,000","86,962,000","86,475,000","112,436,000","77,774,000","-145,545,000","41,250,000","-106,068,000","86,591,000","47,281,000","63,753,000","90,595,000","102,660,000","37,994,000","63,025,000","91,847,000","198,654,000","45,576,000","59,714,000","89,284,000","88,908,000","37,552,000","8,286,000","-147,687,000","-189,109,000","-187,703,000","-293,134,000","16,669,000","84,740,000","57,430,000","64,520,000","95,211,000","82,252,000","47,842,000","58,495,000","85,720,000","67,944,000","48,802,000","43,184,000","67,392,000","60,699,000","37,357,000","46,891,000","115,611,000","58,543,000","31,621,000","42,585,000","80,428,000","64,499,000","26,998,000","42,904,000","73,484,000","-42,678,000","43,265,000","59,855,000","95,004,000","70,604,000","21,910,000","46,798,000","78,447,000","54,520,000","1,968,000","111,000","78,594,000","57,419,000","18,312,000","26,393,000","70,683,000","50,438,000","7,754,000","32,563,000","77,055,000","49,214,000","58,145,000","2,219,000","80,538,000","46,934,000","4,874,000","17,676,000","61,924,000","33,207,000","-99,379,000","36,618,000","75,275,000","52,984,000","-3,180,000","14,468,000","71,051,000","44,900,000","4,400,000","11,800,000","61,100,000","37,600,000","-3,100,000","19,100,000","-21,300,000","36,800,000","100,000","18,900,000","57,100,000","38,600,000","-700,000","17,300,000","55,700,000","32,400,000","200,000","7,800,000","42,000,000","25,900,000","1,000,000","9,800,000","43,800,000","27,800,000","900,000","3,200,000","45,200,000","25,900,000","-8,800,000","2,000,000","40,000,000","27,000,000","-6,900,000","-1,200,000","36,000,000","21,200,000","400,000","-400,000","27,500,000","24,400,000","-4,900,000","800,000",,,,,,,,,,,,,,,
TotalUnusualItemsExcludingGoodwill,"0","0","0","0","0","0","-25,086,000","-253,441,000","-18,236,000","-177,761,000",,,,,,,,,,"0","0","0","0","-32,755,000","-82,658,000","-397,443,000","-435,451,000","-417,197,000","-588,712,000","-120,348,000",,,,,,,,,,"1,057,000","1,086,000","1,654,000","1,336,000","1,878,000","1,890,000","1,945,000","-107,000","1,165,000","851,000","1,266,000","356,000","-1,687,000","664,000","1,442,000","4,641,000","3,831,000","3,210,000","3,110,000","3,528,000","2,788,000","1,713,000","3,468,000","1,946,000","2,674,000","761,000","968,000","2,005,000","6,430,000","1,769,000","6,614,000","2,435,000","1,977,000","2,384,000","1,000,000","2,114,000","111,800,000","1,031,000","2,839,000","2,066,000","2,919,000","1,290,000","899,000","2,133,000","2,143,000","3,451,000","1,498,000","8,165,000","2,772,000","2,271,000","4,151,000","1,200,000","4,400,000","1,600,000","1,600,000","4,700,000","3,500,000","5,700,000","25,600,000","1,200,000","600,000","1,300,000","600,000","700,000","900,000","1,200,000","900,000","900,000","700,000","3,200,000","600,000","800,000","900,000","1,000,000","800,000","1,000,000",,,,,,,,,,,,,,,,,,,,,,,,,,,,,,,,,
TotalUnusualItems,"0","0","0","0","0","0","-25,086,000","-253,441,000","-18,236,000","-177,761,000",,,,,,,,,,"0","0","0","0","-32,755,000","-82,658,000","-397,443,000","-435,451,000","-417,197,000","-588,712,000","-120,348,000",,,,,,,,,,"1,057,000","1,086,000","1,654,000","1,336,000","1,878,000","1,890,000","1,945,000","-107,000","1,165,000","851,000","1,266,000","356,000","-1,687,000","664,000","1,442,000","4,641,000","3,831,000","3,210,000","3,110,000","3,528,000","2,788,000","1,713,000","3,468,000","1,946,000","2,674,000","761,000","968,000","2,005,000","6,430,000","1,769,000","6,614,000","2,435,000","1,977,000","2,384,000","1,000,000","2,114,000","111,800,000","1,031,000","2,839,000","2,066,000","2,919,000","1,290,000","899,000","2,133,000","2,143,000","3,451,000","1,498,000","8,165,000","2,772,000","2,271,000","4,151,000","1,200,000","4,400,000","1,600,000","1,600,000","4,700,000","3,500,000","5,700,000","25,600,000","1,200,000","600,000","1,300,000","600,000","700,000","900,000","1,200,000","900,000","900,000","700,000","3,200,000","600,000","800,000","900,000","1,000,000","800,000","1,000,000",,,,,,,,,,,,,,,,,,,,,,,,,,,,,,,,,
NormalizedEBITDA,"1,092,784,000","347,629,000","297,158,000","215,784,000","232,212,000","287,506,000","249,572,000","159,716,000","174,412,000","213,613,000","219,898,000","160,045,000","182,443,000","213,103,000","216,336,000","146,852,000","171,208,000","219,652,000","201,796,000","146,362,000","181,195,000","229,090,000","231,549,000","174,359,000","188,704,000","227,904,000","204,295,000","167,017,000","181,756,000","248,799,000","265,748,000","211,372,000","225,666,000","275,422,000","254,625,000","186,415,000","216,626,000","244,248,000","206,340,000","180,873,000","164,910,000","195,440,000","182,046,000","132,679,000","152,346,000","265,193,000","171,608,000","124,453,000","140,927,000","200,475,000","172,623,000","114,486,000","133,832,000","181,361,000","-29,118,000","116,602,000","150,542,000","209,323,000","166,603,000","100,734,000","127,771,000","186,012,000","142,869,000","61,118,000","54,723,000","182,277,000","151,164,000","71,668,000","110,788,000","181,013,000","144,442,000","73,468,000","117,292,000","195,513,000","140,161,000","-46,384,000","81,639,000","203,125,000","143,210,000","74,040,000","99,473,000","165,351,000","123,419,000","-104,194,000","123,679,000","196,557,000","139,451,000","58,300,000","82,734,000","161,630,000","124,800,000","53,800,000","70,400,000","148,300,000","101,800,000","39,600,000","70,900,000","-26,100,000","105,100,000","39,200,000","72,600,000","133,500,000","100,200,000","41,000,000","64,600,000","126,400,000","85,800,000","27,300,000","37,900,000","97,900,000","71,500,000","28,400,000","43,100,000","102,500,000","70,600,000","149,700,000","185,300,000","391,400,000","294,000,000","124,900,000","176,500,000","346,100,000","272,300,000","118,100,000","146,700,000","337,800,000","262,500,000","120,900,000","155,400,000","324,700,000","291,100,000","119,900,000","148,100,000","336,300,000","251,500,000","94,900,000","133,900,000","317,900,000","222,300,000","87,400,000","130,100,000","295,200,000","224,600,000","97,200,000","155,500,000","391,600,000","261,500,000","116,700,000"
TaxRateForCalcs,"0.238","0.256","0.253","0.145","0.26","0.263","0.274","0.301","0.241","0.27","0.266","0.194","0.249","0.247","0.182","0.301","0.233","0.294","0.4","0.254","0.375","0.372","0.388","0.337","0.4","0.4","0.4","0.4","0.4","0.236","0.394","0.32","0.389","0.35","0.4","0.372","0.35","0.392","0.391","0.35","0.378","0.4","0.4","0.383","0.398","0.384","0.394","0.4","0.376","0.385","0.383","0.366","0.355","0.391","0.35","0.361","0.38","0.394","0.389","0.35","0.35","0.35","0.376","0.4","0.4","0.352","0.384","0.276","0.371","0.4","0.373","0.224","0.392","0.384","0.305","0.4","0.4","0.384","0.37","0.265","0.4","0.353","0.4","0.4","0.4","0.4","0.386","0.4","0.4","0.365","0.326","0.4","0.395","0.362","0.323","0.262","0.384","0.313","0.379","0.4","0.4","0.375","0.365","0.4","0.359","0.377","0.367","0.4","0.4","0.381","0.373","0.4","0.342","0.4","0.352","0.4","0.4","0.4","0.4","0.4","0.4","0.4","0.4","0.4","0.4","0.4","0.4","0.4","0.4","0.4","0.4","0.4","0.4",,,,,,,,,,,,,,,
TaxEffectOfUnusualItems,"0","0","0","0","0","0","-6,873,564","-76,254,353.964","-4,394,876","-47,995,470","0","0","0","0","0","0","0","0","0","0","0","0","0","-11,040,153.591","-33,063,200","-158,977,200","-174,180,400","-166,878,800","-235,484,800","-28,347,045.54","0","0","0","0","0","0","0","0","0","369,950","410,355.673","661,113.811","534,400","719,040.638","752,453.278","747,306.322","-42,150.877","466,000","319,631.912","487,444.316","136,433.135","-616,798.722","235,875.567","564,052.049","1,624,350","1,383,520.377","1,220,555.826","1,224,879.733","1,373,569.79","975,800","599,721.281","1,213,800","732,185.088","1,069,600","304,400","340,730.637","770,666.031","1,772,503.857","655,920.874","2,645,600","908,816.932","442,192.431","933,673.206","383,698.052","644,136.675","44,720,000","412,400","1,091,425.675","765,250.879","774,410.612","516,000","317,484.143","853,200","857,200","1,380,400","599,200","3,154,583.869","1,108,800","908,400","1,513,645.638","390,990.991","1,760,000","631,794.872","579,540.71","1,515,855.856","916,666.667","2,188,064.516","8,010,322.581","455,311.973","240,000","520,000","224,753.56","255,592.105","360,000","431,111.111","339,261.745","330,468.75","280,000","1,280,000","228,318.584","298,305.085","360,000","342,281.879","320,000","351,981.352","0","0","0","0","0","0","0","0","0","0","0","0","0","0","0","0","0","0",,,,,,,,,,,,,,,