name,ttm,03/31/2022,12/31/2021,09/30/2021,06/30/2021,03/31/2021,12/31/2020,09/30/2020,06/30/2020,03/31/2020,12/31/2019,09/30/2019,06/30/2019,03/31/2019,12/31/2018,09/30/2018,06/30/2018,03/31/2018,12/31/2017,09/30/2017,06/30/2017,03/31/2017,12/31/2016,09/30/2016,06/30/2016,03/31/2016,12/31/2015,09/30/2015,06/30/2015,03/31/2015,12/31/2014,09/30/2014,06/30/2014,03/31/2014,12/31/2013,09/30/2013,06/30/2013,03/31/2013,12/31/2012,09/30/2012,06/30/2012,03/31/2012,12/31/2011,09/30/2011,06/30/2011,03/31/2011,12/31/2010,09/30/2010,06/30/2010,03/31/2010,12/31/2009,09/30/2009,06/30/2009,03/31/2009,12/31/2008,09/30/2008,06/30/2008,03/31/2008,12/31/2007,09/30/2007,06/30/2007,03/31/2007,12/31/2006,09/30/2006,06/30/2006,03/31/2006,12/31/2005,09/30/2005,06/30/2005,03/31/2005,12/31/2004,09/30/2004,06/30/2004,03/31/2004,12/31/2003,09/30/2003,06/30/2003,03/31/2003,12/31/2002,09/30/2002,06/30/2002,03/31/2002,12/31/2001,09/30/2001,06/30/2001,03/31/2001,12/31/2000,09/30/2000,06/30/2000,03/31/2000,12/31/1999,09/30/1999,06/30/1999,03/31/1999,12/31/1998,09/30/1998,06/30/1998,03/31/1998,12/31/1997,09/30/1997,06/30/1997,03/31/1997,12/31/1996,09/30/1996,06/30/1996,03/31/1996,12/31/1995,09/30/1995,06/30/1995,03/31/1995,12/31/1994,09/30/1994,06/30/1994,03/31/1994,12/31/1993,09/30/1993,06/30/1993,03/31/1993,12/31/1992,09/30/1992,06/30/1992,03/31/1992,12/31/1991,09/30/1991,06/30/1991,03/31/1991,12/31/1990,09/30/1990,06/30/1990,03/31/1990,12/31/1989,09/30/1989,06/30/1989,03/31/1989,12/31/1988,09/30/1988,06/30/1988,03/31/1988,12/31/1987,09/30/1987,06/30/1987,03/31/1987,12/31/1986,09/30/1986,06/30/1986,03/31/1986,12/31/1985,09/30/1985
TotalRevenue,"2,488,279,000","912,316,000","675,842,000","532,528,000","367,593,000","802,187,000","454,305,000","400,044,000","298,974,000","639,614,000","615,036,000","479,081,000","434,942,000","866,255,000","811,767,000","647,326,000","543,435,000","1,019,043,000","705,305,000","536,520,000","457,523,000","733,546,000","541,028,000","469,241,000","393,213,000","574,193,000","444,258,000","438,306,000","458,467,000","1,013,090,000","824,124,000","591,914,000","688,257,000","1,579,569,000","878,405,000","733,695,000","767,469,000","960,885,000","736,019,000","568,470,000","425,121,000","612,921,000","642,411,000","670,901,000","648,169,000","976,987,000","713,152,000","631,518,000","479,894,000","918,346,000","609,546,000","412,588,000","441,052,000","937,516,000","801,304,000","827,088,000","1,000,439,000","1,177,545,000","811,138,000","590,306,000","665,358,000","1,024,636,000","741,465,000","534,507,000","536,103,000","1,064,422,000","1,164,576,000","684,937,000","544,280,000","1,065,057,000","853,988,000","414,397,000","438,503,000","1,037,661,000","643,454,000","353,089,000","369,660,000","1,152,101,000","668,779,000","466,834,000","442,309,000","525,780,000","395,831,000","230,242,000","260,644,000","890,035,000","667,487,000","284,162,000","247,949,000","368,988,000","263,438,000","172,868,000","159,500,000","327,300,000","244,600,000","109,900,000","113,400,000","266,600,000","220,400,000","101,400,000","121,200,000","285,400,000","186,200,000","60,400,000","94,500,000","233,900,000","159,700,000","50,000,000","76,300,000","194,300,000","129,900,000","64,200,000","75,600,000","222,800,000","136,100,000","57,700,000","75,400,000","189,200,000","132,400,000","53,900,000","74,900,000","174,600,000","108,800,000","46,300,000","56,900,000","140,100,000","91,700,000","32,200,000","60,200,000","120,400,000","112,000,000","42,500,000","65,700,000","131,900,000","89,900,000","42,100,000","54,500,000","117,500,000","81,400,000","41,100,000","53,700,000","103,900,000","69,700,000","33,000,000","45,200,000","99,500,000","75,800,000","34,900,000"
	OperatingRevenue,"2,488,279,000","912,316,000","675,842,000","532,528,000","367,593,000","802,187,000","454,305,000","400,044,000","298,974,000","639,614,000","615,036,000","479,081,000","434,942,000","866,255,000","811,767,000","647,326,000","543,435,000","1,019,043,000","705,305,000","536,520,000","457,523,000","733,546,000","541,028,000","469,241,000","393,213,000","574,193,000","444,258,000","438,306,000","458,467,000","1,013,090,000","824,124,000","591,914,000","688,257,000","1,579,569,000","878,405,000","733,695,000","767,469,000","960,885,000","736,019,000","568,470,000","425,121,000","612,921,000","642,411,000","670,901,000","648,169,000","976,987,000","713,152,000","631,518,000","479,894,000","918,346,000","258,475,000","412,588,000","441,052,000","937,516,000","801,304,000","827,088,000","1,000,439,000","1,177,545,000","811,138,000","590,306,000","665,358,000","1,024,636,000","741,465,000","534,507,000","536,103,000","1,064,422,000","1,164,576,000","684,937,000","544,280,000","1,065,057,000","853,988,000","414,397,000","438,503,000","1,037,661,000","643,454,000","353,089,000","369,660,000","1,152,101,000","668,779,000","466,834,000","442,309,000","525,780,000","395,831,000","230,242,000","260,644,000","890,035,000","667,487,000","284,162,000","247,949,000","368,988,000","263,438,000","172,868,000","159,500,000","327,300,000","244,600,000","109,900,000","113,400,000","266,600,000","220,400,000","101,400,000","121,200,000","285,400,000","186,200,000","60,400,000","94,500,000","233,900,000","159,700,000","50,000,000","76,300,000","194,300,000","129,900,000","64,200,000","75,600,000","222,800,000","136,100,000","57,700,000","75,400,000","189,200,000","132,400,000","53,900,000","74,900,000","174,600,000","108,800,000","46,300,000","56,900,000","140,100,000","91,700,000","32,200,000","60,200,000","120,400,000","112,000,000","42,500,000","65,700,000","131,900,000","89,900,000","42,100,000","54,500,000","117,500,000","81,400,000","41,100,000","53,700,000","103,900,000","69,700,000","33,000,000","45,200,000","99,500,000","75,800,000","34,900,000"
CostOfRevenue,"2,041,081,000","711,096,000","471,893,000","496,266,000","361,826,000","555,718,000","304,762,000","328,053,000","282,485,000","498,285,000","474,039,000","458,143,000","409,303,000","748,488,000","685,319,000","637,253,000","547,417,000","777,645,000","579,946,000","537,561,000","404,784,000","534,187,000","453,591,000","398,803,000","387,785,000","425,459,000","349,060,000","406,718,000","435,367,000","847,756,000","605,257,000","595,790,000","685,071,000","1,257,089,000","816,755,000","742,332,000","692,872,000","843,674,000","606,818,000","680,732,000","379,318,000","460,356,000","492,047,000","620,136,000","557,120,000","783,619,000","589,696,000","573,997,000","440,791,000","703,377,000","449,393,000","364,111,000","400,783,000","782,130,000","698,145,000","626,396,000","945,629,000","1,065,925,000","684,694,000","587,243,000","610,178,000","795,469,000","628,685,000","498,949,000","489,677,000","882,688,000","1,038,475,000","646,957,000","492,036,000","902,924,000","738,426,000","382,907,000","391,474,000","888,047,000","550,946,000","314,951,000","318,293,000","1,024,255,000","580,145,000","431,425,000","395,929,000","419,883,000","318,480,000","197,323,000","215,741,000","784,119,000","585,657,000","252,456,000","205,287,000","268,179,000","193,981,000","144,335,000","119,800,000","229,400,000","176,300,000","79,600,000","74,100,000","174,900,000","155,100,000","70,600,000","80,500,000","189,800,000","124,800,000","35,200,000","54,900,000","141,900,000","95,900,000","25,400,000","42,300,000",,,,,,,,,,,,,,,,,,,,,,,,,,,,,,,,,,,,,,,
GrossProfit,"447,198,000","201,220,000","203,949,000","36,262,000","5,767,000","246,469,000","149,543,000","71,991,000","16,489,000","141,329,000","140,997,000","20,938,000","25,639,000","117,767,000","126,448,000","10,073,000","-3,982,000","241,398,000","125,359,000","-1,041,000","52,739,000","199,359,000","87,437,000","70,438,000","5,428,000","148,734,000","95,198,000","31,588,000","23,100,000","165,334,000","218,867,000","-3,876,000","3,186,000","322,480,000","61,650,000","-8,637,000","74,597,000","117,211,000","129,201,000","-112,262,000","45,803,000","152,565,000","150,364,000","50,765,000","91,049,000","193,368,000","123,456,000","57,521,000","39,103,000","214,969,000","160,153,000","48,477,000","40,269,000","155,386,000","103,159,000","200,692,000","54,810,000","111,620,000","126,444,000","3,063,000","55,180,000","229,167,000","112,780,000","35,558,000","46,426,000","181,734,000","126,101,000","37,980,000","52,244,000","162,133,000","115,562,000","31,490,000","47,029,000","149,614,000","92,508,000","38,138,000","51,367,000","127,846,000","88,634,000","35,409,000","46,380,000","105,897,000","77,351,000","32,919,000","44,903,000","105,916,000","81,830,000","31,706,000","42,662,000","100,809,000","69,457,000","28,533,000","39,700,000","97,900,000","68,300,000","30,300,000","39,300,000","91,700,000","65,300,000","30,800,000","40,700,000","95,600,000","61,400,000","25,200,000","39,600,000","92,000,000","63,800,000","24,600,000","34,000,000",,,,,,,,,,,,,,,,,,,,,,,,,,,,,,,,,,,,,,,
OperatingExpense,"175,776,000","62,345,000","47,064,000","33,144,000","33,223,000","45,261,000","38,063,000","32,129,000","36,680,000","46,114,000","39,500,000","28,728,000","29,658,000","40,766,000","37,705,000","29,368,000","33,684,000","63,606,000","50,114,000","31,010,000","34,772,000","59,706,000","45,962,000","27,958,000","33,757,000","54,801,000","35,747,000","25,331,000","32,409,000","82,528,000","50,170,000","24,962,000","32,394,000","75,468,000","49,426,000","23,292,000","27,597,000","60,242,000","42,010,000","-97,956,000","65,714,000","84,876,000","75,146,000","68,411,000","63,867,000","100,166,000","83,193,000","58,007,000","57,889,000","92,957,000","74,768,000","96,910,000","58,055,000","76,854,000","80,963,000","68,421,000","60,503,000","91,285,000","71,907,000","61,825,000","60,753,000","89,726,000","60,636,000","52,307,000","49,825,000","76,792,000","64,432,000","47,386,000","46,393,000","73,838,000","61,934,000","38,609,000","41,957,000","62,596,000","49,853,000","40,006,000","41,702,000","56,188,000","46,759,000","34,681,000","36,799,000","46,597,000","42,581,000","33,970,000","36,118,000","50,102,000","45,565,000","33,046,000","33,720,000","45,324,000","38,632,000","31,316,000","32,000,000","44,500,000","39,000,000","30,600,000","31,000,000","41,100,000","40,700,000","31,800,000","32,100,000","46,200,000","36,400,000","25,700,000","30,900,000","46,300,000","39,400,000","25,400,000","27,300,000",,,,,,,,,,,,,,,,,,,,,,,,,,,,,,,,,,,,,,,
	SellingGeneralAndAdministration,"56,771,000","30,910,000","16,671,000","3,734,000","5,456,000","18,413,000","10,701,000","1,993,000","5,464,000","15,330,000","11,742,000","1,778,000","4,136,000","15,391,000","12,632,000","2,054,000","5,542,000","19,604,000","11,769,000","2,533,000","5,216,000","19,893,000","12,601,000","2,097,000","6,360,000","21,215,000","9,628,000","3,108,000","8,516,000","42,692,000","21,463,000","4,784,000","9,337,000","38,211,000","19,832,000","4,403,000","6,258,000","23,774,000","13,982,000","3,529,000","5,835,000","18,443,000","12,543,000","3,726,000","6,518,000","24,304,000","16,698,000","4,949,000","6,160,000",,,,,,,,,,,,,,,,,,,,,,,,,,,,,,,,,,,,,,,,,,,,,,,,,,,,,,,,,,,,,,,,,,,,,,,,,,,,,,,,,,,,,,,,,,,,,,,,,,,
		GeneralAndAdministrativeExpense,"56,771,000","30,910,000","16,671,000","3,734,000","5,456,000","18,413,000","10,701,000","1,993,000","5,464,000","15,330,000","11,742,000","1,778,000","4,136,000","15,391,000","12,632,000","2,054,000","5,542,000","19,604,000","11,769,000","2,533,000","5,216,000","19,893,000","12,601,000","2,097,000","6,360,000","21,215,000","9,628,000","3,108,000","8,516,000","42,692,000","21,463,000","4,784,000","9,337,000","38,211,000","19,832,000","4,403,000","6,258,000","23,774,000","13,982,000",,,,,,,,,,,,,,,,,,,,,,,,,,,,,,,,,,,,,,,,,,,,,,,,,,,,,,,,,,,,,,,,,,,,,,,,,,,,,,,,,,,,,,,,,,,,,,,,,,,,,,,,,,,,,
			OtherGandA,"56,771,000","30,910,000","16,671,000","3,734,000","5,456,000","18,413,000","10,701,000","1,993,000","5,464,000","15,330,000","11,742,000","1,778,000","4,136,000","15,391,000","12,632,000","2,054,000","5,542,000","19,604,000","11,769,000","2,533,000","5,216,000","19,893,000","12,601,000","2,097,000","6,360,000","21,215,000","9,628,000","3,108,000","8,516,000","42,692,000","21,463,000","4,784,000","9,337,000","38,211,000","19,832,000","4,403,000","6,258,000","23,774,000","13,982,000",,,,,,,,,,,,,,,,,,,,,,,,,,,,,,,,,,,,,,,,,,,,,,,,,,,,,,,,,,,,,,,,,,,,,,,,,,,,,,,,,,,,,,,,,,,,,,,,,,,,,,,,,,,,,
	DepreciationAmortizationDepletionIncomeStatement,"119,005,000","31,435,000","30,393,000","29,410,000","27,767,000","26,848,000","27,362,000","30,136,000","31,216,000","30,784,000","27,758,000","24,438,000","23,149,000","22,311,000","21,832,000","21,067,000","20,320,000","22,460,000","21,854,000","21,493,000","20,760,000","20,328,000","19,260,000","19,851,000","18,671,000","17,744,000","16,482,000","16,235,000","15,574,000","15,204,000","14,386,000","13,728,000","13,620,000","12,828,000","12,566,000","12,344,000","11,942,000","11,721,000","11,303,000","10,917,000","10,687,000","10,439,000","9,600,000","8,925,000","8,514,000","8,477,000","8,454,000","8,331,000","8,136,000","7,931,000","7,869,000","7,579,000","7,880,000","7,508,000","7,361,000","9,864,000","9,680,000","9,517,000","9,403,000","9,267,000","9,080,000","8,986,000","8,902,000","8,830,000","8,735,000","8,612,000","8,576,000","8,540,000","8,424,000","8,352,000","8,359,000","7,800,000","8,113,000","8,306,000","8,230,000","7,886,000","7,996,000","8,002,000","8,081,000","7,894,000","7,981,000","7,538,000","8,431,000","7,943,000","8,210,000","8,154,000","8,223,000","7,320,000","7,888,000","7,808,000","9,493,000","7,847,000","7,800,000","8,300,000","8,200,000","8,800,000","7,300,000","7,200,000","7,300,000","7,500,000","6,400,000","6,400,000","6,600,000","6,200,000","6,300,000","6,200,000","7,900,000","7,500,000","5,700,000",,,,,,,,,,,,,,,,,,,,,,,,,,,,,,,,,,,,,,,
		DepreciationAndAmortizationInIncomeStatement,"119,005,000","31,435,000","30,393,000","29,410,000","27,767,000","26,848,000","27,362,000","30,136,000","31,216,000","30,784,000","27,758,000","24,438,000","23,149,000","22,311,000","21,832,000","21,067,000","20,320,000","22,460,000","21,854,000","21,493,000","20,760,000","20,328,000","19,260,000","19,851,000","18,671,000","17,744,000","16,482,000","16,235,000","15,574,000","15,204,000","14,386,000","13,728,000","13,620,000","12,828,000","12,566,000","12,344,000","11,942,000","11,721,000","11,303,000",,,,,,,,"8,454,000","8,331,000","8,136,000","7,931,000","7,869,000","7,579,000","7,880,000","7,508,000",,,,,,,,,,,,,,,,,,,,,,,,,,,,,,,,,,,,,,,,,,,,,,,,,,,,,,,,,,,,,,,,,,,,,,,,,,,,,,,,,,,,,,,,,,,,,,
	OtherTaxes,,,,,,,,,,,,"2,512,000","2,373,000","3,064,000","3,241,000","6,247,000","7,822,000","21,542,000","16,491,000","6,984,000","8,796,000","19,485,000","14,101,000","6,010,000","8,726,000","15,842,000","9,637,000","5,988,000","8,319,000","24,632,000","14,321,000","6,450,000","9,437,000","24,429,000","17,028,000","6,545,000","9,397,000","24,747,000","16,725,000","6,585,000","8,335,000","16,809,000","14,058,000","6,772,000","10,024,000","29,489,000","20,625,000","6,548,000","6,516,000","26,824,000","16,935,000","7,397,000","11,739,000","31,981,000","23,633,000","7,357,000","10,711,000","29,374,000","18,160,000","6,801,000","11,478,000","30,268,000","13,952,000","5,534,000","8,428,000","26,003,000","18,667,000","5,722,000","8,878,000","25,827,000","15,784,000","5,080,000","7,541,000","23,079,000","13,971,000","4,787,000","7,989,000","20,839,000","13,024,000","3,973,000","6,213,000","15,528,000","11,078,000","4,764,000","6,947,000","18,635,000","13,424,000","4,019,000","5,982,000","14,797,000","10,044,000","3,671,000","5,800,000","16,000,000","10,500,000","4,100,000","5,700,000","14,100,000","13,400,000","4,200,000","7,500,000","18,900,000","13,100,000","4,200,000","8,100,000","21,700,000","15,600,000","4,700,000","7,000,000",,,,,,,,,,,,,,,,,,,,,,,,,,,,,,,,,,,,,,,
	OtherOperatingExpenses,,,,,,,"10,701,000","1,993,000","5,464,000","15,330,000","11,742,000","1,778,000","4,136,000","15,391,000","12,632,000","2,054,000","5,542,000","19,604,000","11,769,000","2,533,000","5,216,000","19,893,000","12,601,000","2,097,000","6,360,000","21,215,000","9,628,000","3,108,000","8,516,000","42,692,000","21,463,000","4,784,000","9,337,000","38,211,000","19,832,000","4,403,000","6,258,000","23,774,000","13,982,000",,,,,,,,,,,"21,184,000","13,673,000",,,,"13,561,000","3,787,000","5,925,000","17,789,000","12,165,000","3,778,000","6,226,000","18,135,000","9,466,000","2,719,000","4,005,000","12,405,000","9,458,000","2,887,000","4,793,000","14,786,000","9,128,000","1,214,000","1,356,000","4,340,000","2,630,000",,,,,,,,,,,,,,,,"-1,512,000","-592,000","-400,000","-900,000","-800,000","-2,100,000","-200,000","-100,000","-200,000","-200,000","-200,000","-200,000","-500,000","-500,000","-500,000","-400,000","-2,000,000","-1,600,000",,,,,,,,,,,,,,,,,,,,,,,,,,,,,,,,,,,,,,,,
OperatingIncome,"271,422,000","138,875,000","156,885,000","3,118,000","-27,456,000","201,208,000","111,480,000","39,862,000","-20,191,000","95,215,000","101,497,000","-7,790,000","-4,019,000","77,001,000","88,743,000","-19,295,000","-37,666,000","177,792,000","75,245,000","-32,051,000","17,967,000","139,653,000","41,475,000","42,480,000","-28,329,000","93,933,000","59,451,000","6,257,000","-9,309,000","82,806,000","168,697,000","-28,838,000","-29,208,000","247,012,000","12,224,000","-31,929,000","47,000,000","56,969,000","87,191,000","-14,306,000","-19,911,000","67,689,000","75,218,000","-17,646,000","27,182,000","93,202,000","40,263,000","-486,000","-18,786,000","122,012,000","85,385,000","-48,433,000","-17,786,000","78,532,000","22,196,000","132,271,000","-5,693,000","20,335,000","54,537,000","-58,762,000","-5,573,000","139,441,000","52,144,000","-16,749,000","-3,399,000","104,942,000","61,669,000","-9,406,000","5,851,000","88,295,000","53,628,000","-7,119,000","5,072,000","87,018,000","42,655,000","-1,868,000","9,665,000","71,658,000","41,875,000","728,000","9,581,000","59,300,000","34,770,000","-1,051,000","8,785,000","55,814,000","36,265,000","-1,340,000","8,942,000","55,485,000","30,825,000","-2,783,000","7,700,000","53,400,000","29,300,000","-300,000","8,300,000","50,600,000","24,600,000","-1,000,000","8,600,000","49,400,000","25,000,000","-500,000","8,700,000","45,700,000","24,400,000","-800,000","6,700,000","194,300,000","129,900,000","64,200,000","75,600,000","222,800,000","136,100,000","57,700,000","75,400,000","189,200,000","132,400,000","53,900,000","74,900,000","174,600,000","108,800,000","46,300,000","56,900,000","140,100,000","91,700,000","32,200,000","60,200,000","120,400,000","112,000,000","42,500,000","65,700,000","131,900,000","89,900,000","42,100,000","54,500,000","117,500,000","81,400,000","41,100,000","53,700,000","103,900,000","69,700,000","33,000,000","45,200,000","99,500,000","75,800,000","34,900,000"
NetNonOperatingInterestIncomeExpense,"-77,023,000","-18,926,000","-19,477,000","-19,876,000","-18,744,000","-20,153,000","-19,786,000","-17,180,000","-15,144,000","-19,203,000","-16,070,000","-9,439,000","-11,648,000","-12,509,000","-13,486,000","-11,546,000","-11,037,000","-11,798,000","-11,905,000","-11,671,000","-11,164,000","-11,436,000","-10,615,000","-9,111,000","-7,787,000","-7,369,000","-6,777,000","-6,716,000","-7,327,000","-6,483,000","-7,195,000","-6,355,000","-6,507,000","-6,306,000","-6,295,000","-6,400,000","-6,008,000","-5,746,000","-5,825,000","-5,578,000","-4,834,000","-5,427,000","-5,005,000","-4,538,000","-4,744,000","-5,078,000","-5,263,000","-5,305,000","-5,238,000","-5,291,000","-5,417,000","-5,061,000","-5,187,000","-4,219,000",,,,,,,,,,,,,,,,,,,,,,,,,,,,,,,,,,,,,,,,,,,,,,,,,,,,,,,,,,,,,,,,,,,,,,,,,,,,,,,,,,,,,,,,,,,,,,
	InterestExpenseNonOperating,"77,023,000","18,926,000","19,477,000","19,876,000","18,744,000","20,153,000","19,786,000","17,180,000","15,144,000","19,203,000","16,070,000","9,439,000","11,648,000","12,509,000","13,486,000","11,546,000","11,037,000","11,798,000","11,905,000","11,671,000","11,164,000","11,436,000","10,615,000","9,111,000","7,787,000","7,369,000","6,777,000","6,716,000","7,327,000","6,483,000","7,195,000","6,355,000","6,507,000","6,306,000","6,295,000","6,400,000","6,008,000","5,746,000","5,825,000","5,578,000","4,834,000","5,427,000","5,005,000","4,538,000","4,744,000","5,078,000","5,263,000","5,305,000","5,238,000","5,291,000","5,417,000","5,061,000","5,187,000","4,219,000",,,,,,,,,,,,,,,,,,,,,,,,,,,,,,,,,,,,,,,,,,,,,,,,,,,,,,,,,,,,,,,,,,,,,,,,,,,,,,,,,,,,,,,,,,,,,,
	TotalOtherFinanceCost,,,,,,,,,,,,,,,,,,,,,,,,,,,,,,,,,,,,,,,,,,,,,,,"5,263,000",,,"5,291,000",,,,,,,,,,,,,,,,,,,,,,,,,,,,,,,,,,,,,,,,,,,,,,,,,,,,,,,,,,,,,,,,,,,,,,,,,,,,,,,,,,,,,,,,,,,,,,,,,,
OtherIncomeExpense,"23,736,000","4,127,000","4,136,000","10,656,000","4,817,000","5,007,000","4,117,000","13,618,000","2,713,000","7,261,000","286,000","5,817,000","1,829,000","2,758,000","869,000","5,264,000","2,682,000","1,980,000","6,927,000","2,050,000","3,273,000","5,338,000","3,776,000","2,764,000","2,306,000","2,202,000","1,924,000","4,027,000","1,491,000","1,137,000","-110,000","-5,240,000","10,952,000","712,000","1,127,000","499,000","1,238,000","2,781,000","265,000","701,000","551,000","349,000","527,000","1,321,000","1,176,000","805,000","445,000","1,800,000","1,311,000","1,028,000","1,119,000","41,899,000","-5,101,000","-19,686,000","1,372,000","1,503,000","615,000","2,286,000","1,952,000","559,000","1,758,000","1,650,000","1,989,000","3,716,000","1,769,000","620,000","1,642,000","2,536,000","1,659,000","1,480,000","1,684,000","2,711,000","1,054,000","551,000","972,000","-499,000","637,000","-321,000","719,000","402,000","2,293,000","998,000","1,252,000","1,471,000","2,280,000","2,102,000","593,000","1,157,000","227,000","119,000","445,000","807,000","700,000","300,000","600,000","200,000","400,000","500,000","1,300,000","100,000","300,000","100,000","100,000","-200,000","200,000","200,000","-100,000","-400,000","700,000",,,,,,,,,,,,,,,,,,,,,,,,,,,,,,,,,,,,,,,
	EarningsFromEquityInterest,,,,,,,,,,,,,,,,,,,,,,,,,,,,,,,,,,,,,,,,,,,,,,,,,,,,,"1,477,000",,,,,,,,,,,,,,,,,,,,,,,,,,,,,,,,,,,,,,,,,,,,,,,,,,,,,,,,,,,,,,,,,,,,,,,,,,,,,,,,,,,,,,,,,,,,,,,
	SpecialIncomeCharges,,,,,,,,,,,,,,,,,,,,,,,,,,,,,,,,,,,,,,,,,"551,000","349,000","527,000","1,321,000","1,176,000","805,000","445,000","1,800,000","1,311,000","1,028,000","1,119,000","41,899,000","-5,101,000","-19,686,000","1,372,000","1,503,000","615,000","2,286,000","1,952,000","559,000","1,758,000","1,650,000","1,989,000","3,716,000","1,769,000","620,000","1,642,000","2,536,000","1,659,000","1,480,000","1,684,000","2,711,000","1,054,000","551,000","972,000","-499,000","637,000","-321,000","719,000","402,000","2,293,000","998,000","1,252,000","1,471,000","2,280,000","2,102,000","593,000","1,157,000","227,000","119,000","445,000","807,000","700,000","300,000","600,000","200,000","400,000","500,000","1,300,000","100,000","300,000","100,000","100,000","-200,000","200,000","200,000","-100,000","-400,000","700,000",,,,,,,,,,,,,,,,,,,,,,,,,,,,,,,,,,,,,,,
	OtherNonOperatingIncomeExpenses,"23,736,000","4,127,000","4,136,000","10,656,000","4,817,000","5,007,000","4,117,000","13,618,000","2,713,000","7,261,000","286,000","5,817,000","1,829,000","2,758,000","869,000","5,264,000","2,682,000","1,980,000","6,927,000","2,050,000","3,273,000","5,338,000","3,776,000","2,764,000","2,306,000","2,202,000","1,924,000","4,027,000","1,491,000","1,137,000","-110,000","-5,240,000","10,952,000","712,000","1,127,000","499,000","1,238,000","2,781,000","265,000",,,,,,,,,,,,,,,,,,,,,,,,,,,,,,,,,,,,,,,,,,,,,,,,,,,,,,,,,,,,,,,,,,,,,,,,,,,,,,,,,,,,,,,,,,,,,,,,,,,,,,,,,,,,,
PretaxIncome,"218,135,000","124,076,000","141,544,000","-6,102,000","-41,383,000","186,062,000","95,811,000","36,300,000","-32,622,000","83,273,000","85,713,000","-11,412,000","-13,838,000","67,250,000","76,126,000","-25,577,000","-46,021,000","167,974,000","70,267,000","-41,672,000","10,076,000","133,555,000","34,636,000","36,133,000","-33,810,000","88,766,000","54,598,000","3,568,000","-15,145,000","77,460,000","161,392,000","-40,433,000","-24,763,000","241,418,000","7,056,000","-37,830,000","42,230,000","54,004,000","81,631,000","-19,183,000","-24,194,000","62,611,000","70,740,000","-20,863,000","23,614,000","88,929,000","35,445,000","-3,991,000","-22,713,000","117,749,000","81,087,000","-11,595,000","-28,074,000","54,627,000","17,021,000","127,647,000","-10,260,000","15,929,000","48,679,000","-65,463,000","-9,202,000","134,000,000","46,258,000","-20,688,000","-6,988,000","99,389,000","56,828,000","-12,376,000","2,613,000","85,054,000","49,962,000","-8,811,000","2,478,000","83,878,000","39,974,000","-5,616,000","7,344,000","67,881,000","38,265,000","-2,917,000","7,820,000","56,228,000","31,637,000","-4,129,000","6,945,000","52,549,000","31,189,000","-4,609,000","4,864,000","50,761,000","26,094,000","-6,833,000","4,000,000","48,600,000","24,500,000","-4,700,000","4,000,000","46,400,000","20,500,000","-6,000,000","4,000,000","44,400,000","19,700,000","-6,000,000","3,500,000","40,800,000","19,000,000","-7,000,000",,,,,,,,,,,,,,,,,,,,,,,,,,,,,,,,,,,,,,,,
TaxProvision,"36,405,000","28,810,000","30,807,000","-4,427,000","-18,785,000","39,057,000","17,441,000","-2,852,000","-2,190,000","-1,643,000","-259,000","-25,897,000","-1,941,000","-2,952,000","-6,961,000","-5,984,000","-28,534,000","30,901,000","-50,168,000","-1,791,000","-5,816,000","23,932,000","2,018,000","13,183,000","-14,190,000","17,840,000","8,357,000","3,031,000","-4,318,000","20,144,000","40,867,000","-13,537,000","-7,808,000","71,680,000","1,505,000","-15,767,000","15,297,000","12,065,000","23,980,000","-8,172,000","-11,230,000","11,094,000","16,037,000","-10,997,000","6,197,000","28,612,000","13,853,000","-127,000","-11,368,000","45,258,000","30,929,000","-4,392,000","-12,262,000","19,897,000","5,245,000","48,860,000","-2,663,000","3,394,000","18,494,000","-27,045,000","-4,250,000","53,473,000","18,134,000","-8,717,000","-3,013,000","39,188,000","22,564,000","-5,014,000","778,000","33,389,000","19,760,000","-3,426,000","924,000","32,851,000","15,596,000","-1,988,000","2,871,000","26,637,000","14,942,000","-386,000","3,056,000","21,298,000","11,956,000","-1,394,000","2,633,000","19,519,000","12,133,000","-1,422,000","1,741,000","18,913,000","9,915,000","-3,055,000","900,000","18,300,000","9,300,000","-1,200,000","700,000","17,500,000","5,900,000","-2,300,000","1,100,000","15,500,000","6,400,000","-1,900,000","900,000","13,500,000","6,200,000","-3,000,000",,,,,,,,,,,,,,,,,,,,,,,,,,,,,,,,,,,,,,,,
EarningsFromEquityInterestNetOfTax,"-87,347,000","769,000","575,000","542,000","-89,233,000","2,804,000","2,675,000","4,120,000","3,213,000","3,589,000","3,389,000","3,601,000","3,495,000","3,371,000","3,161,000","3,338,000","3,213,000","3,193,000","3,264,000","3,358,000","3,065,000","5,079,000","2,311,000","2,450,000","2,257,000","2,402,000","2,406,000","3,660,000","3,367,000","3,587,000","2,795,000","2,476,000","2,681,000","3,233,000","2,142,000","2,042,000","2,222,000","3,530,000","2,555,000","2,318,000","2,644,000","3,018,000","2,654,000","2,355,000","2,957,000","3,610,000","2,917,000","5,379,000","1,168,000","1,726,000","1,744,000",,,,,,,,,,,,,,,,,,,,,,,,,,,,,,,,,,,,,,,,,,,,,,,,,,,,,,,,,,,,,,,,,,,,,,,,,,,,,,,,,,,,,,,,,,,,,,,,,
NetIncomeCommonStockholders,"94,383,000","96,035,000","111,312,000","-1,133,000","-111,831,000","149,809,000","81,045,000","43,272,000","-27,219,000","88,505,000","89,361,000","18,086,000","-8,402,000","73,573,000","86,248,000","-16,255,000","-14,274,000","140,266,000","123,699,000","-36,523,000","18,957,000","114,702,000","34,929,000","25,400,000","-17,363,000","73,328,000","48,647,000","4,197,000","-7,460,000","60,903,000","123,320,000","-24,420,000","-14,274,000","172,971,000","7,693,000","-20,021,000","29,155,000","45,469,000","60,206,000","-8,693,000","-10,320,000","54,535,000","57,357,000","-7,511,000","20,374,000","63,927,000","24,509,000","1,515,000","-10,177,000","74,217,000","51,902,000","-5,716,000","-14,335,000","35,517,000","11,776,000","78,787,000","-7,597,000","12,535,000","30,185,000","-38,418,000","-4,952,000","80,527,000","28,124,000","-11,971,000","-3,975,000","60,201,000","34,264,000","-7,362,000","1,835,000","51,665,000","30,202,000","-5,385,000","1,554,000","51,027,000","24,378,000","-3,628,000","4,473,000","41,244,000","23,323,000","-2,531,000","4,764,000","34,930,000","19,681,000","-2,735,000","4,312,000","33,030,000","17,709,000","-3,192,000","3,116,000","32,669,000","16,171,000","-3,794,000","3,100,000","30,300,000","15,100,000","-3,900,000","2,900,000","28,500,000","14,200,000","-4,100,000","2,500,000","28,500,000","12,900,000","-4,500,000","2,200,000","26,900,000","12,400,000","-4,400,000","-7,600,000","25,500,000","11,300,000","-4,900,000","3,300,000","23,300,000","11,500,000","-5,000,000","1,000,000","22,000,000","10,000,000","-4,600,000","1,000,000","20,400,000","6,800,000","-5,700,000","-2,200,000","15,300,000","4,200,000","-4,300,000","-200,000","9,500,000",,,,,,,,,,,,,,,,,,
	NetIncome,"94,383,000","96,035,000","111,312,000","-1,133,000","-111,831,000","149,809,000","81,045,000","43,272,000","-27,219,000","88,505,000","89,361,000","18,086,000","-8,402,000","73,573,000","86,248,000","-16,255,000","-14,274,000","140,266,000","123,699,000","-36,523,000","18,957,000","114,702,000","34,929,000","25,400,000","-17,363,000","73,328,000","48,647,000","4,197,000","-7,460,000","60,903,000","123,320,000","-24,420,000","-14,274,000","172,971,000","7,693,000","-20,021,000","29,155,000","45,469,000","60,206,000","-8,693,000","-10,320,000","54,535,000","57,357,000","-7,511,000","20,374,000","63,927,000","24,509,000","1,515,000","-10,177,000","74,217,000","51,902,000","-5,716,000","-14,335,000","35,517,000","11,776,000","78,787,000","-7,597,000","12,535,000","30,185,000","-38,418,000","-4,952,000","80,527,000","28,124,000","-11,971,000","-3,975,000","60,201,000","34,264,000","-7,362,000","1,835,000","51,665,000","30,202,000","-5,385,000","1,554,000","51,027,000","24,378,000","-3,628,000","4,473,000","41,244,000","23,323,000","-2,531,000","4,764,000","34,930,000","19,681,000","-2,735,000","4,312,000","33,030,000","17,709,000","-3,187,000","3,123,000","32,676,000","16,179,000","-3,778,000","3,100,000","30,300,000","15,200,000","-3,500,000","3,300,000","28,900,000","14,600,000","-3,700,000","2,900,000","28,900,000","13,300,000","-4,100,000","2,600,000","27,300,000","12,800,000","-4,000,000","-7,200,000","25,900,000","11,700,000","-4,400,000","3,700,000","23,700,000","11,900,000","-4,600,000","1,400,000","22,600,000","10,600,000","-4,000,000","1,600,000","21,000,000","7,400,000","-5,400,000","-2,000,000","15,500,000","4,400,000","-4,100,000","-200,000","9,700,000",,,,,,,,,,,,,,,,,,
		NetIncomeIncludingNoncontrollingInterests,"94,383,000","96,035,000","111,312,000","-1,133,000","-111,831,000","149,809,000","81,045,000","43,272,000","-27,219,000","88,505,000","89,361,000","18,086,000","-8,402,000","73,573,000","86,248,000","-16,255,000","-14,274,000","140,266,000","123,699,000","-36,523,000","18,957,000","114,702,000","34,929,000","25,400,000","-17,363,000","73,328,000","48,647,000","4,197,000","-7,460,000","60,903,000","123,320,000","-24,420,000","-14,274,000","172,971,000","7,693,000","-20,021,000","29,155,000","45,469,000","60,206,000","-8,693,000","-10,320,000","54,535,000","57,357,000","-7,511,000","20,374,000","63,927,000","24,509,000","1,515,000","-10,177,000","74,217,000","51,902,000","-5,716,000","-14,335,000","35,517,000","11,776,000","78,787,000","-7,597,000","12,535,000","30,185,000","-38,418,000","-4,952,000","80,527,000","28,124,000","-11,971,000","-3,975,000","60,201,000","34,264,000","-7,362,000","1,835,000","51,665,000","30,202,000","-5,385,000","1,554,000","51,027,000","24,378,000","-3,628,000","4,473,000","41,244,000","23,323,000","-2,531,000","4,764,000","34,930,000","19,681,000","-2,735,000","4,312,000","33,030,000","17,709,000","-3,187,000","3,123,000","32,676,000","16,179,000","-3,778,000","3,100,000","30,300,000","15,200,000","-3,500,000","3,300,000","28,900,000","14,600,000","-3,700,000","2,900,000","28,900,000","13,300,000","-4,100,000","2,600,000","27,300,000","12,800,000","-4,000,000","-7,200,000","25,900,000","11,700,000","-4,400,000","3,700,000","23,700,000","11,900,000","-4,600,000","1,400,000","22,600,000","10,600,000","-4,000,000","1,600,000","21,000,000","7,400,000","-5,400,000","-2,000,000","15,500,000","4,400,000","-4,100,000","-200,000","9,700,000","8,300,000","-2,100,000","-400,000","13,200,000","6,900,000","-700,000","700,000","13,000,000","4,300,000","-1,600,000","-100,000","9,100,000","3,400,000","-1,500,000","-300,000","5,300,000","2,300,000","0"
			NetIncomeContinuousOperations,"94,383,000","96,035,000","111,312,000","-1,133,000","-111,831,000","149,809,000","81,045,000","43,272,000","-27,219,000","88,505,000","89,361,000","18,086,000","-8,402,000","73,573,000","86,248,000","-16,255,000","-14,274,000","140,266,000","123,699,000","-36,523,000","18,957,000","114,702,000","34,929,000","25,400,000","-17,363,000","73,328,000","48,647,000","4,197,000","-7,460,000","60,903,000","123,320,000","-24,420,000","-14,274,000","172,971,000","7,693,000","-20,021,000","29,155,000","45,469,000","60,206,000","-8,693,000","-10,320,000","54,535,000","57,357,000","-7,511,000","20,374,000","63,927,000","24,509,000","1,515,000","-10,177,000","74,217,000","51,902,000","-5,716,000","-14,335,000","35,517,000","11,776,000","78,787,000","-7,597,000","12,535,000","30,185,000","-38,418,000","-4,952,000","80,527,000","28,124,000","-11,971,000","-3,975,000","60,201,000","34,264,000","-7,362,000","1,835,000","51,665,000","30,202,000","-5,385,000","1,554,000","51,027,000","24,378,000","-3,628,000","4,473,000","41,244,000","23,323,000","-2,531,000","4,764,000","34,930,000","19,681,000","-2,735,000","4,312,000","33,030,000","19,056,000","-3,187,000","3,123,000","31,848,000","16,179,000","-3,778,000","3,100,000","30,300,000","15,200,000","-3,500,000","3,300,000","28,900,000","14,600,000","-3,700,000","2,900,000","28,900,000","13,300,000","-4,100,000","2,600,000","27,300,000","12,800,000","-4,000,000","1,500,000","25,900,000","11,700,000","-4,400,000","3,700,000","23,700,000","10,900,000","-4,600,000","1,400,000","22,600,000","10,600,000","-4,000,000","1,600,000","21,000,000","7,400,000","-5,400,000","-2,000,000","15,500,000","4,400,000","-4,100,000","-200,000","9,700,000","8,300,000","-2,100,000","-400,000","13,200,000","6,900,000","-700,000","700,000","13,000,000","4,300,000","-1,600,000","-100,000","9,100,000","3,400,000","-1,500,000","-300,000","5,300,000","2,300,000","0"
			NetIncomeDiscontinuousOperations,,,,,,,,,,,,,,,,,,,,,,,,,,,,,,,,,,,,,,,,,,,,,,,,,,,,,,,,,,,,,,,,,,,,,,,,,,,,,,,,,,,,,,,,"0",,"828,000",,,,,,,,,,,,,,,,,,"0","-8,700,000",,,,,,,,,,,,,,,,,,,,,,,,,,,,,,,,,,,,,,,
			NetIncomeExtraordinary,,,,,,,,,,,,,,,,,,,,,,,,,,,,,,,,,,,,,,,,,,,,,,,,,,,,,,,,,,,,,,,,,,,,,,,,,,,,,,,,,,,,"0",,,"-1,347,000",,,,,,,,,,,,,,,,,,,,,,,,,"0",,,"1,000,000",,,,,,,,,,,,,,,,,,,,,,,,,,,,,,,,,
	PreferredStockDividends,,,,,,,,,,,,,,,,,,,,,,,,,,,,,,,,,,,,,,,,,,,,,,,,,,,,,,,,,,,,,,,,,,,,,,,,,,,,,,,,,,,,,,,,"5,000","7,000","7,000","8,000","16,000",,,"100,000","400,000","400,000","400,000","400,000","400,000","400,000","400,000","400,000","400,000","400,000","400,000","400,000","400,000","400,000",,,,,,,,,,,,,,,,,,,,,,,,,,,,,,,,,,,,,,,
	OtherunderPreferredStockDividend,,,,,,,,,,,,,,,,,,,,,,,,,,,,,,,,,,,,,,,,,,,,,,,,,,,,,,,,,,,,,,,,,,,,,,,,,,,,,,,,,,,,,,,,,,,,,,,,,,,,,,,,,,,,,,"400,000","400,000","500,000","400,000","400,000","400,000","400,000","400,000","600,000","600,000","600,000","600,000","600,000","600,000","300,000","200,000","200,000","200,000","200,000",,"200,000",,,,,,,,,,,,,,,,,,
DilutedNIAvailtoComStockholders,"94,383,000","96,035,000","111,312,000","-1,133,000","-111,831,000","149,809,000","81,045,000","43,272,000","-27,219,000","88,505,000","89,361,000","18,086,000","-8,402,000","73,573,000","86,248,000","-16,255,000","-14,274,000","140,266,000","123,699,000","-36,523,000","18,957,000","114,702,000","34,929,000","25,400,000","-17,363,000","73,328,000","48,647,000","4,197,000","-7,460,000","60,903,000","123,320,000","-24,420,000","-14,274,000","172,971,000","7,693,000","-20,021,000","29,155,000","45,469,000","60,206,000","-8,693,000","-10,320,000","54,535,000","57,357,000","-7,511,000","20,374,000","63,927,000","24,509,000","1,515,000","-10,177,000","74,217,000","51,902,000","-5,716,000","-14,335,000","35,517,000","11,776,000","78,787,000","-7,597,000","12,535,000","30,185,000","-38,418,000","-4,952,000","80,527,000","28,124,000","-11,971,000","-3,975,000","60,201,000","34,264,000","-7,362,000","1,835,000","51,665,000","30,202,000","-5,385,000","1,554,000","51,027,000","24,378,000","-3,628,000","4,473,000","41,244,000","23,323,000","-2,531,000","4,764,000","34,930,000","19,681,000","-2,735,000","4,312,000","33,030,000","17,709,000","-3,192,000","3,116,000","32,669,000","16,171,000","-3,794,000","3,100,000","30,300,000","15,100,000","-3,900,000","2,900,000","28,500,000","14,200,000","-4,100,000","2,500,000","28,500,000","12,900,000","-4,500,000","2,200,000","26,900,000","12,400,000","-4,400,000","-7,600,000","25,500,000","11,300,000","-4,900,000","3,300,000","23,300,000","11,500,000","-5,000,000","1,000,000","22,000,000","10,000,000","-4,600,000","1,000,000","20,400,000","6,800,000","-5,700,000","-2,200,000","15,300,000","4,200,000","-4,300,000","-200,000","9,500,000",,,,,,,,,,,,,,,,,,
BasicEPS,,"1","1.16","-0.01","-1.16","1.56","0.84","0.45","-0.28","0.93","0.97","0.2","-0.09","0.83","0.97","-0.18","-0.16","1.6","1.42",,"0.22","1.33","0.41",,"-0.2","0.85","0.57",,"-0.09","0.71","1.46",,"-0.17","2.055","0.09","-0.24","0.35","0.545","0.72",,"-0.125","0.655","0.69",,"0.245","0.775","0.295",,"-0.125","0.895","0.625",,"-0.17","0.42","0.14",,"-0.09","0.15","0.363",,"-0.06","0.963","0.337",,"-0.047","0.72","0.413",,"0.023","0.623","0.363",,"0.02","0.62","0.297",,"0.053","0.507","0.287",,"0.06","0.433","0.244",,"0.053","0.413","0.222",,"0.04","0.411","0.202",,"0.038","0.378","0.189",,"0.036","0.358","0.178",,"0.031","0.351","0.16",,"0.027","0.334","0.145",,"-0.093","0.323","0.145",,"0.042","0.305","0.151",,"0.013","0.305","0.136",,"0.016","0.318","0.107",,"-0.036","0.247","0.067",,"-0.002","0.158","0.136",,"-0.009","0.265","0.136",,"0.018","0.318","0.1",,"-0.027","0.274","0.105",,"-0.009","0.167","0.073",
DilutedEPS,,"1","1.16","-0.01","-1.16","1.55","0.84","0.45","-0.28","0.92","0.97","0.2","-0.09","0.82","0.97","-0.18","-0.16","1.59","1.42",,"0.22","1.32","0.4",,"-0.2","0.84","0.56",,"-0.09","0.71","1.44",,"-0.17","2.035","0.09","-0.24","0.35","0.54","0.72",,"-0.125","0.655","0.69",,"0.245","0.77","0.295",,"-0.125","0.89","0.62",,"-0.17","0.415","0.14",,"-0.09","0.15","0.36",,"-0.06","0.957","0.337",,"-0.047","0.713","0.41",,"0.023","0.613","0.353",,"0.02","0.607","0.29",,"0.053","0.5","0.283",,"0.057","0.43","0.242",,"0.053","0.411","0.222",,"0.04","0.409","0.2",,"0.038","0.376","0.187",,"0.036","0.356","0.176",,"0.031","0.349","0.158",,"0.027","0.334","0.145",,"-0.093","0.323","0.145",,"0.042","0.305","0.151",,"0.013","0.305","0.136",,"0.016","0.318","0.107",,"-0.036","0.247","0.067",,"-0.002","0.158","0.136",,"-0.009","0.265","0.136",,"0.018","0.318","0.1",,"-0.027","0.274","0.105",,"-0.009","0.167","0.073",
BasicAverageShares,,"96,068,000","95,944,000","96,198,000","96,348,000","96,248,000","96,114,000","95,933,000","95,764,000","95,584,000","91,911,000","89,983,000","89,600,000","88,836,000","88,547,000","88,279,000","87,888,000","87,595,000","86,996,000",,"86,408,000","86,275,000","86,084,000",,"85,960,000","85,834,000","85,675,000",,"85,449,000","85,328,000","84,552,000",,"84,234,000","84,158,000","84,042,000","83,082,000","83,216,000","83,578,000","83,390,000",,"83,120,000","83,018,000","82,868,000",,"82,762,000","82,704,000","82,560,000",,"82,478,000","82,836,000","83,230,000",,"84,098,000","84,610,000","84,340,000",,"83,898,000","83,680,000","83,355,000",,"84,030,000","83,679,000","83,139,000",,"84,165,000","83,466,000","82,650,000",,"82,404,000","82,743,000","83,391,000",,"82,764,000","82,452,000","82,008,000",,"81,405,000","81,144,000","80,949,000",,"80,811,000","80,589,000","80,212,500",,"80,014,500","79,722,000","79,326,000",,"79,452,000","79,578,000","80,010,000",,"81,976,967","80,125,768","79,861,221",,"81,481,273","79,578,819","79,795,230",,"80,277,439","81,089,732","80,544,456",,"82,417,068","80,619,300","85,760,328",,"81,346,934","79,058,859","78,152,557",,"78,079,712","76,456,362","76,027,026",,"74,926,011","72,190,557","73,696,855",,"64,221,951","64,131,684","63,686,214",,"61,813,380","61,965,020","62,936,906",,"59,599,525","60,151,138","59,255,230",,"49,113,374","49,113,374","49,113,374",,"48,083,904","40,266,224","40,266,224",,"38,247,742","38,247,742","32,439,554",,"32,232,758","32,043,950","31,702,290",
DilutedAverageShares,,"96,516,000","96,356,000","96,198,000","96,348,000","96,618,000","96,415,000","96,259,000","95,764,000","95,890,000","92,320,000","90,366,000","89,600,000","89,228,000","88,946,000","88,279,000","87,888,000","87,989,000","87,347,000",,"87,267,000","87,101,000","86,855,000",,"85,960,000","86,858,000","86,676,000",,"85,449,000","86,370,000","85,574,000",,"84,234,000","84,914,000","84,478,000","83,394,000","83,464,000","83,944,000","83,516,000",,"83,120,000","83,422,000","83,302,000",,"83,194,000","83,106,000","83,020,000",,"82,478,000","83,452,000","84,002,000",,"84,098,000","85,386,000","84,990,000",,"83,898,000","84,198,000","83,856,000",,"84,645,000","84,141,000","83,712,000",,"85,188,000","84,435,000","83,880,000",,"84,237,000","84,420,000","85,173,000",,"84,498,000","84,090,000","83,658,000",,"82,860,000","82,401,000","81,975,000",,"81,765,000","81,489,000","81,243,000",,"80,833,500","80,181,000","79,843,500",,"80,046,000","80,041,500","80,613,000",,"81,976,967","80,599,897","80,811,973",,"81,481,273","80,076,199","80,805,322",,"80,277,439","81,606,240","81,678,913",,"82,417,068","80,619,300","85,760,328",,"81,346,934","79,058,859","78,152,557",,"78,079,712","76,456,362","76,027,026",,"74,926,011","72,190,557","73,696,855",,"64,221,951","64,131,684","63,686,214",,"61,813,380","61,965,020","62,936,906",,"59,599,525","60,151,138","59,255,230",,"49,113,374","49,113,374","49,113,374",,"48,083,904","40,266,224","40,266,224",,"38,247,742","38,247,742","32,439,554",,"32,232,758","32,043,950","31,702,290",
TotalOperatingIncomeAsReported,"271,422,000","138,875,000","156,885,000","3,118,000","-27,456,000","201,208,000","111,480,000","39,862,000","-20,191,000","95,215,000","101,497,000","-7,790,000","-4,019,000","77,001,000","88,743,000","-19,295,000","-37,666,000","177,792,000","75,245,000","-32,051,000","17,967,000","139,653,000","41,475,000","42,480,000","-28,329,000","93,933,000","59,451,000","6,257,000","-9,309,000","82,806,000","168,697,000","-28,838,000","-29,208,000","247,012,000","12,224,000","-31,929,000","47,000,000","56,969,000","87,191,000","-14,306,000","-19,911,000","67,689,000","75,218,000","-17,646,000","27,182,000","93,202,000","40,263,000","-486,000","-18,786,000","122,012,000","85,385,000","-7,848,000","-24,066,000","57,788,000","22,196,000","132,271,000","-5,693,000","20,335,000","54,537,000","-58,762,000","-5,573,000","139,441,000","52,144,000","-16,749,000","-3,399,000","104,942,000","61,669,000","-9,406,000","5,851,000","88,295,000","53,628,000","-7,119,000","5,072,000","87,018,000","42,655,000","-1,868,000","9,665,000","71,658,000","41,875,000","728,000","9,581,000","59,300,000","34,770,000","-1,051,000","8,785,000","55,814,000","36,265,000","-1,340,000","8,942,000","55,485,000","30,825,000","-2,783,000","7,700,000","53,400,000","29,300,000","-300,000","8,300,000","50,600,000","24,600,000","-1,000,000","8,600,000","49,400,000","25,000,000","-500,000","8,700,000","45,700,000","24,400,000","-800,000","6,700,000",,,,,,,,,,,,,,,,,,,,,,,,,,,,,,,,,,,,,,,
TotalExpenses,"2,216,857,000","773,441,000","518,957,000","529,410,000","395,049,000","600,979,000","342,825,000","360,182,000","319,165,000","544,399,000","513,539,000","486,871,000","438,961,000","789,254,000","723,024,000","666,621,000","581,101,000","841,251,000","630,060,000","568,571,000","439,556,000","593,893,000","499,553,000","426,761,000","421,542,000","480,260,000","384,807,000","432,049,000","467,776,000","930,284,000","655,427,000","620,752,000","717,465,000","1,332,557,000","866,181,000","765,624,000","720,469,000","903,916,000","648,828,000","582,776,000","445,032,000","545,232,000","567,193,000","688,547,000","620,987,000","883,785,000","672,889,000","632,004,000","498,680,000","796,334,000","524,161,000","461,021,000","458,838,000","858,984,000","779,108,000","694,817,000","1,006,132,000","1,157,210,000","756,601,000","649,068,000","670,931,000","885,195,000","689,321,000","551,256,000","539,502,000","959,480,000","1,102,907,000","694,343,000","538,429,000","976,762,000","800,360,000","421,516,000","433,431,000","950,643,000","600,799,000","354,957,000","359,995,000","1,080,443,000","626,904,000","466,106,000","432,728,000","466,480,000","361,061,000","231,293,000","251,859,000","834,221,000","631,222,000","285,502,000","239,007,000","313,503,000","232,613,000","175,651,000","151,800,000","273,900,000","215,300,000","110,200,000","105,100,000","216,000,000","195,800,000","102,400,000","112,600,000","236,000,000","161,200,000","60,900,000","85,800,000","188,200,000","135,300,000","50,800,000","69,600,000",,,,,,,,,,,,,,,,,,,,,,,,,,,,,,,,,,,,,,,
NetIncomeFromContinuingAndDiscontinuedOperation,"94,383,000","96,035,000","111,312,000","-1,133,000","-111,831,000","149,809,000","81,045,000","43,272,000","-27,219,000","88,505,000","89,361,000","18,086,000","-8,402,000","73,573,000","86,248,000","-16,255,000","-14,274,000","140,266,000","123,699,000","-36,523,000","18,957,000","114,702,000","34,929,000","25,400,000","-17,363,000","73,328,000","48,647,000","4,197,000","-7,460,000","60,903,000","123,320,000","-24,420,000","-14,274,000","172,971,000","7,693,000","-20,021,000","29,155,000","45,469,000","60,206,000","-8,693,000","-10,320,000","54,535,000","57,357,000","-7,511,000","20,374,000","63,927,000","24,509,000","1,515,000","-10,177,000","74,217,000","51,902,000","-5,716,000","-14,335,000","35,517,000","11,776,000","78,787,000","-7,597,000","12,535,000","30,185,000","-38,418,000","-4,952,000","80,527,000","28,124,000","-11,971,000","-3,975,000","60,201,000","34,264,000","-7,362,000","1,835,000","51,665,000","30,202,000","-5,385,000","1,554,000","51,027,000","24,378,000","-3,628,000","4,473,000","41,244,000","23,323,000","-2,531,000","4,764,000","34,930,000","19,681,000","-2,735,000","4,312,000","33,030,000","19,056,000","-3,187,000","3,123,000","32,676,000","16,179,000","-3,778,000","3,100,000","30,300,000","15,200,000","-3,500,000","3,300,000","28,900,000","14,600,000","-3,700,000","2,900,000","28,900,000","13,300,000","-4,100,000","2,600,000","27,300,000","12,800,000","-4,000,000","-7,200,000","25,900,000","11,700,000","-4,400,000","3,700,000","23,700,000","10,900,000","-4,600,000","1,400,000","22,600,000","10,600,000","-4,000,000","1,600,000","21,000,000","7,400,000","-5,400,000","-2,000,000","15,500,000","4,400,000","-4,100,000","-200,000","9,700,000",,,,,,,,,,,,,,,,,,
NormalizedIncome,"94,383,000","96,035,000","111,312,000","-1,133,000","-111,831,000","149,809,000","81,045,000","43,272,000","-27,219,000","88,505,000","89,361,000","18,086,000","-8,402,000","73,573,000","86,248,000","-16,255,000","-14,274,000","140,266,000","123,699,000","-36,523,000","18,957,000","114,702,000","34,929,000","25,400,000","-17,363,000","73,328,000","48,647,000","4,197,000","-7,460,000","60,903,000","123,320,000","-24,420,000","-14,274,000","172,971,000","7,693,000","-20,021,000","29,155,000","45,469,000","60,206,000","-8,693,000","-10,678,150","54,247,839.07","56,949,472.703","-8,369,650","19,506,616.583","63,381,000.551","24,237,919.735","-227,721.123","-11,029,150","73,584,122.031","51,209,819.971","-31,744,330.918","-11,019,350","48,032,693.338","10,826,780.095","77,859,309.878","-8,052,375.731","10,736,079.164","28,974,598.8","-38,781,350","-6,094,700","79,535,436.194","26,914,725.15","-14,200,600","-5,036,400","59,825,459.246","33,273,968.889","-8,883,600","669,954.076","50,765,992.311","29,184,022.977","-7,041,876.064","893,016.949","50,691,800.341","23,785,229.299","-3,305,640.313","4,085,023.284","41,439,037.256","22,884,760.434","-2,879,804.251","3,367,087.98","34,310,021.697","18,902,145.747","-3,709,372.729","2,896,397.408","31,708,774.858","18,693,686.107","-3,987,034.498","2,977,251.439","31,773,338.114","15,903,087.721","-4,262,200","2,557,500","30,112,962.963","14,827,755.102","-3,648,936.17","2,970,000","28,588,577.586","13,674,146.341","-3,761,666.667","2,682,500","28,834,909.91","13,232,487.31","-3,963,333.333","2,451,428.571","27,166,176.471","12,867,368.421","-3,760,000","1,080,000","25,900,000","11,700,000","-4,400,000","3,700,000","23,700,000","10,900,000","-4,600,000","1,400,000","22,600,000","10,600,000","-4,000,000","1,600,000","21,000,000","7,400,000","-5,400,000","-2,000,000","15,500,000","4,400,000","-4,100,000","-200,000","9,700,000",,,,,,,,,,,,,,,,,,
InterestExpense,"77,023,000","18,926,000","19,477,000","19,876,000","18,744,000","20,153,000","19,786,000","17,180,000","15,144,000","19,203,000","16,070,000","9,439,000","11,648,000","12,509,000","13,486,000","11,546,000","11,037,000","11,798,000","11,905,000","11,671,000","11,164,000","11,436,000","10,615,000","9,111,000","7,787,000","7,369,000","6,777,000","6,716,000","7,327,000","6,483,000","7,195,000","6,355,000","6,507,000","6,306,000","6,295,000","6,400,000","6,008,000","5,746,000","5,825,000","5,578,000","4,834,000","5,427,000","5,005,000","4,538,000","4,744,000","5,078,000","5,263,000","5,305,000","5,238,000","5,291,000","5,417,000","5,061,000","5,187,000","4,219,000",,,,,,,,,,,,,,,,,,,,,,,,,,,,,,,,,,,,,,,,,,,,,,,,,,,,,,,,,,,,,,,,,,,,,,,,,,,,,,,,,,,,,,,,,,,,,,
NetInterestIncome,"-77,023,000","-18,926,000","-19,477,000","-19,876,000","-18,744,000","-20,153,000","-19,786,000","-17,180,000","-15,144,000","-19,203,000","-16,070,000","-9,439,000","-11,648,000","-12,509,000","-13,486,000","-11,546,000","-11,037,000","-11,798,000","-11,905,000","-11,671,000","-11,164,000","-11,436,000","-10,615,000","-9,111,000","-7,787,000","-7,369,000","-6,777,000","-6,716,000","-7,327,000","-6,483,000","-7,195,000","-6,355,000","-6,507,000","-6,306,000","-6,295,000","-6,400,000","-6,008,000","-5,746,000","-5,825,000","-5,578,000","-4,834,000","-5,427,000","-5,005,000","-4,538,000","-4,744,000","-5,078,000","-5,263,000","-5,305,000","-5,238,000","-5,291,000","-5,417,000","-5,061,000","-5,187,000","-4,219,000",,,,,,,,,,,,,,,,,,,,,,,,,,,,,,,,,,,,,,,,,,,,,,,,,,,,,,,,,,,,,,,,,,,,,,,,,,,,,,,,,,,,,,,,,,,,,,
EBIT,"295,158,000","143,002,000","161,021,000","13,774,000","-22,639,000","206,215,000","115,597,000","53,480,000","-17,478,000","102,476,000","101,783,000","-1,973,000","-2,190,000","79,759,000","89,612,000","-14,031,000","-34,984,000","179,772,000","82,172,000","-30,001,000","21,240,000","144,991,000","45,251,000","45,244,000","-26,023,000","96,135,000","61,375,000","10,284,000","-7,818,000","83,943,000","168,587,000","-34,078,000","-18,256,000","247,724,000","13,351,000","-31,430,000","48,238,000","59,750,000","87,456,000","-13,605,000","-19,360,000","68,038,000","75,745,000","-16,325,000","28,358,000","94,007,000","40,708,000","1,314,000","-17,475,000","123,040,000","86,504,000","-6,534,000","-22,887,000","58,846,000","22,196,000","132,271,000","-5,693,000","20,335,000","54,537,000","-58,762,000","-5,573,000","139,441,000","52,144,000","-16,749,000","-3,399,000","104,942,000","61,669,000","-9,406,000","5,851,000","88,295,000","53,628,000","-7,119,000","5,072,000","87,018,000","42,655,000","-1,868,000","9,665,000","71,658,000","41,875,000","728,000","9,581,000","59,300,000","34,770,000","-1,051,000","8,785,000","55,814,000","36,265,000","-1,340,000","8,942,000","55,485,000","30,825,000","-2,783,000","7,700,000","53,400,000","29,300,000","-300,000","8,300,000","50,600,000","24,600,000","-1,000,000","8,600,000","49,400,000","25,000,000","-500,000","8,700,000","45,700,000","24,400,000","-800,000","6,700,000","194,300,000","129,900,000","64,200,000","75,600,000","222,800,000","136,100,000","57,700,000","75,400,000","189,200,000","132,400,000","53,900,000","74,900,000","174,600,000","108,800,000","46,300,000","56,900,000","140,100,000","91,700,000","32,200,000","60,200,000","120,400,000","112,000,000","42,500,000","65,700,000","131,900,000","89,900,000","42,100,000","54,500,000","117,500,000","81,400,000","41,100,000","53,700,000","103,900,000","69,700,000","33,000,000","45,200,000","99,500,000","75,800,000","34,900,000"
EBITDA,"414,163,000"
ReconciledCostOfRevenue,"2,041,081,000","711,096,000","471,893,000","496,266,000","361,826,000","555,718,000","304,762,000","328,053,000","282,485,000","498,285,000","474,039,000","458,143,000","409,303,000","748,488,000","685,319,000","637,253,000","547,417,000","777,645,000","579,946,000","537,561,000","404,784,000","534,187,000","453,591,000","398,803,000","387,785,000","425,459,000","349,060,000","406,718,000","435,367,000","847,756,000","605,257,000","595,790,000","685,071,000","1,257,089,000","816,755,000","742,332,000","692,872,000","843,674,000","606,818,000","680,732,000","379,318,000","460,356,000","492,047,000","619,306,000","557,558,000","783,181,000","589,696,000","573,764,000","440,566,000","703,144,000","449,159,000","363,965,000","400,549,000","781,916,000","697,925,000","626,262,000","945,010,000","1,065,850,000","684,619,000","587,168,000","610,103,000","795,393,000","628,610,000","498,874,000","489,603,000","882,611,000","1,038,400,000","646,757,000","491,585,000","902,474,000","737,975,000","381,719,000","391,261,000","887,848,000","550,745,000","314,734,000","317,498,000","1,022,215,000","578,787,000","431,034,000","395,243,000","418,290,000","317,257,000","197,066,000","211,840,000","785,578,000","584,198,000","251,508,000","204,294,000","265,969,000","193,981,000","144,335,000","119,800,000","229,400,000","176,300,000","79,600,000","74,100,000","174,900,000","155,100,000","70,600,000","80,500,000","189,800,000","124,800,000","35,200,000","54,900,000","141,900,000","95,900,000","25,400,000","42,300,000",,,,,,,,,,,,,,,,,,,,,,,,,,,,,,,,,,,,,,,
ReconciledDepreciation,"119,005,000","31,435,000","30,393,000","29,410,000","27,767,000","26,848,000","27,362,000","30,136,000","31,216,000","30,784,000","27,758,000","24,438,000","23,149,000","22,311,000","21,832,000","21,067,000","20,320,000","22,460,000","21,854,000","21,493,000","20,760,000","20,328,000","19,260,000","19,851,000","18,671,000","17,744,000","16,482,000","16,235,000","15,574,000","15,204,000","14,386,000","13,728,000","13,620,000","12,828,000","12,566,000","12,344,000","11,942,000","11,721,000","11,303,000","10,917,000","10,687,000","10,439,000","9,600,000","9,755,000","8,076,000","8,915,000","8,454,000","8,564,000","8,361,000","8,164,000","8,103,000","7,725,000","8,114,000","7,722,000","7,581,000","9,998,000","10,299,000","9,592,000","9,478,000","9,342,000","9,155,000","9,062,000","8,977,000","8,905,000","8,809,000","8,689,000","8,651,000","8,740,000","8,875,000","8,802,000","8,810,000","8,988,000","8,326,000","8,505,000","8,431,000","8,103,000","8,791,000","10,042,000","9,439,000","8,285,000","8,667,000","9,131,000","9,654,000","8,200,000","12,111,000","6,695,000","9,682,000","8,268,000","8,881,000","10,018,000","9,493,000",,,,,,,,,,,,,,,,,,,,,,,,,,,,,,,,,,,,,,,,,,,,,,,,,,,,,,,,,
NetIncomeFromContinuingOperationNetMinorityInterest,"94,383,000","96,035,000","111,312,000","-1,133,000","-111,831,000","149,809,000","81,045,000","43,272,000","-27,219,000","88,505,000","89,361,000","18,086,000","-8,402,000","73,573,000","86,248,000","-16,255,000","-14,274,000","140,266,000","123,699,000","-36,523,000","18,957,000","114,702,000","34,929,000","25,400,000","-17,363,000","73,328,000","48,647,000","4,197,000","-7,460,000","60,903,000","123,320,000","-24,420,000","-14,274,000","172,971,000","7,693,000","-20,021,000","29,155,000","45,469,000","60,206,000","-8,693,000","-10,320,000","54,535,000","57,357,000","-7,511,000","20,374,000","63,927,000","24,509,000","1,515,000","-10,177,000","74,217,000","51,902,000","-5,716,000","-14,335,000","35,517,000","11,776,000","78,787,000","-7,597,000","12,535,000","30,185,000","-38,418,000","-4,952,000","80,527,000","28,124,000","-11,971,000","-3,975,000","60,201,000","34,264,000","-7,362,000","1,835,000","51,665,000","30,202,000","-5,385,000","1,554,000","51,027,000","24,378,000","-3,628,000","4,473,000","41,244,000","23,323,000","-2,531,000","4,764,000","34,930,000","19,681,000","-2,735,000","4,312,000","33,030,000","19,056,000","-3,187,000","3,123,000","31,848,000","16,179,000","-3,778,000","3,100,000","30,300,000","15,200,000","-3,500,000","3,300,000","28,900,000","14,600,000","-3,700,000","2,900,000","28,900,000","13,300,000","-4,100,000","2,600,000","27,300,000","12,800,000","-4,000,000","1,500,000","25,900,000","11,700,000","-4,400,000","3,700,000","23,700,000","10,900,000","-4,600,000","1,400,000","22,600,000","10,600,000","-4,000,000","1,600,000","21,000,000","7,400,000","-5,400,000","-2,000,000","15,500,000","4,400,000","-4,100,000","-200,000","9,700,000",,,,,,,,,,,,,,,,,,
TotalUnusualItemsExcludingGoodwill,,,,,,,,,,,,,,,,,,,,,,,,,,,,,,,,,,,,,,,,,"551,000","349,000","527,000","1,321,000","1,176,000","805,000","445,000","1,800,000","1,311,000","1,028,000","1,119,000","41,899,000","-5,101,000","-19,686,000","1,372,000","1,503,000","615,000","2,286,000","1,952,000","559,000","1,758,000","1,650,000","1,989,000","3,716,000","1,769,000","620,000","1,642,000","2,536,000","1,659,000","1,480,000","1,684,000","2,711,000","1,054,000","551,000","972,000","-499,000","637,000","-321,000","719,000","402,000","2,293,000","998,000","1,252,000","1,471,000","2,280,000","2,102,000","593,000","1,157,000","227,000","119,000","445,000","807,000","700,000","300,000","600,000","200,000","400,000","500,000","1,300,000","100,000","300,000","100,000","100,000","-200,000","200,000","200,000","-100,000","-400,000","700,000",,,,,,,,,,,,,,,,,,,,,,,,,,,,,,,,,,,,,,,
TotalUnusualItems,,,,,,,,,,,,,,,,,,,,,,,,,,,,,,,,,,,,,,,,,"551,000","349,000","527,000","1,321,000","1,176,000","805,000","445,000","1,800,000","1,311,000","1,028,000","1,119,000","41,899,000","-5,101,000","-19,686,000","1,372,000","1,503,000","615,000","2,286,000","1,952,000","559,000","1,758,000","1,650,000","1,989,000","3,716,000","1,769,000","620,000","1,642,000","2,536,000","1,659,000","1,480,000","1,684,000","2,711,000","1,054,000","551,000","972,000","-499,000","637,000","-321,000","719,000","402,000","2,293,000","998,000","1,252,000","1,471,000","2,280,000","2,102,000","593,000","1,157,000","227,000","119,000","445,000","807,000","700,000","300,000","600,000","200,000","400,000","500,000","1,300,000","100,000","300,000","100,000","100,000","-200,000","200,000","200,000","-100,000","-400,000","700,000",,,,,,,,,,,,,,,,,,,,,,,,,,,,,,,,,,,,,,,
NormalizedEBITDA,"414,163,000","174,437,000","191,414,000","43,184,000","5,128,000","233,063,000","142,959,000","83,616,000","13,738,000","133,260,000","129,541,000","22,465,000","20,959,000","102,070,000","111,444,000","7,036,000","-14,664,000","202,232,000","104,026,000","-8,508,000","42,000,000","165,319,000","64,511,000","65,095,000","-7,352,000","113,879,000","77,857,000","26,519,000","7,756,000","99,147,000","182,973,000","-20,350,000","-4,636,000","260,552,000","25,917,000","-19,086,000","60,180,000","71,471,000","98,759,000","-2,688,000","-9,224,000","78,128,000","84,818,000","-7,891,000","35,696,000","102,117,000","48,717,000","8,078,000","-10,425,000","130,176,000","93,488,000","-40,708,000","-9,672,000","86,254,000","28,405,000","140,766,000","3,991,000","27,641,000","62,063,000","-49,979,000","1,824,000","146,853,000","59,132,000","-11,560,000","3,641,000","113,011,000","68,678,000","-3,202,000","13,067,000","95,617,000","60,754,000","-842,000","12,344,000","94,972,000","50,114,000","6,734,000","17,819,000","82,021,000","50,595,000","8,611,000","15,955,000","67,433,000","43,172,000","5,678,000","18,616,000","61,866,000","45,354,000","5,771,000","17,596,000","65,384,000","39,873,000","4,257,000","14,800,000","61,400,000","36,900,000","8,300,000","15,200,000","57,300,000","30,600,000","6,400,000","14,700,000","55,700,000","31,500,000","5,900,000","14,800,000","51,700,000","32,400,000","7,100,000","11,700,000","194,300,000","129,900,000","64,200,000","75,600,000","222,800,000","136,100,000","57,700,000","75,400,000","189,200,000","132,400,000","53,900,000","74,900,000","174,600,000","108,800,000","46,300,000","56,900,000","140,100,000","91,700,000","32,200,000","60,200,000","120,400,000","112,000,000","42,500,000","65,700,000","131,900,000","89,900,000","42,100,000","54,500,000","117,500,000","81,400,000","41,100,000","53,700,000","103,900,000","69,700,000","33,000,000","45,200,000","99,500,000","75,800,000","34,900,000"
TaxRateForCalcs,"0.167","0.232","0.217","0.27","0.27","0.21","0.177","0.27","0.067","0.27","0.27","0.27","0.14","0.27","0.27","0.234","0.27","0.184","0.4","0.043","0.4","0.179","0.055","0.365","0.4","0.201","0.147","0.4","0.285","0.26","0.249","0.335","0.315","0.297","0.163","0.35","0.362","0.223","0.285","0.35","0.35","0.177","0.227","0.35","0.262","0.322","0.391","0.032","0.35","0.384","0.381","0.379","0.35","0.364","0.308","0.383","0.26","0.213","0.38","0.35","0.35","0.399","0.392","0.4","0.4","0.394","0.397","0.4","0.298","0.393","0.396","0.389","0.373","0.392","0.39","0.354","0.391","0.392","0.39","0.132","0.391","0.379","0.378","0.338","0.379","0.371","0.389","0.309","0.358","0.373","0.38","0.4","0.225","0.377","0.38","0.255","0.175","0.377","0.288","0.383","0.275","0.349","0.325","0.317","0.257","0.331","0.326","0.4","0.4","0.4","0.4","0.4","0.4","0.4","0.4","0.4","0.4","0.4","0.4","0.4","0.4","0.4","0.4","0.4","0.4","0.4","0.4","0.4","0.4","0.4",,,,,,,,,,,,,,,,,,
TaxEffectOfUnusualItems,"0","0","0","0","0","0","0","0","0","0","0","0","0","0","0","0","0","0","0","0","0","0","0","0","0","0","0","0","0","0","0","0","0","0","0","0","0","0","0","0","192,850","61,839.07","119,472.703","462,350","308,616.583","259,000.551","173,919.735","57,278.877","458,850","395,122.031","426,819.971","15,870,669.082","-1,785,350","-7,170,306.662","422,780.095","575,309.878","159,624.269","487,079.164","741,598.8","195,650","615,300","658,436.194","779,725.15","1,486,400","707,600","244,459.246","651,968.889","1,014,400","493,954.076","580,992.311","666,022.977","1,054,123.936","393,016.949","215,800.341","379,229.299","-176,640.313","249,023.284","-125,962.744","280,760.434","53,195.749","896,087.98","378,021.697","473,145.747","496,627.271","864,397.408","780,774.858","230,686.107","356,965.502","81,251.439","44,338.114","169,087.721","322,800","157,500","112,962.963","227,755.102","51,063.83","70,000","188,577.586","374,146.341","38,333.333","82,500","34,909.91","32,487.31","-63,333.333","51,428.571","66,176.471","-32,631.579","-160,000","280,000","0","0","0","0","0","0","0","0","0","0","0","0","0","0","0","0","0","0","0","0","0",,,,,,,,,,,,,,,,,,