name,ttm,03/31/2022,12/31/2021,09/30/2021,06/30/2021,03/31/2021,12/31/2020,09/30/2020,06/30/2020,03/31/2020,12/31/2019,09/30/2019,06/30/2019,03/31/2019,12/31/2018,09/30/2018,06/30/2018,03/31/2018,12/31/2017,09/30/2017,06/30/2017,03/31/2017,12/31/2016,09/30/2016,06/30/2016,03/31/2016,12/31/2015,09/30/2015,06/30/2015,03/31/2015,12/31/2014,09/30/2014,06/30/2014,03/31/2014,12/31/2013,09/30/2013,06/30/2013,03/31/2013,12/31/2012,09/30/2012,06/30/2012,03/31/2012,12/31/2011,09/30/2011,06/30/2011,03/31/2011,12/31/2010,09/30/2010,06/30/2010,03/31/2010,12/31/2009,09/30/2009,06/30/2009,03/31/2009,12/31/2008,09/30/2008,06/30/2008,03/31/2008,12/31/2007,09/30/2007,06/30/2007,03/31/2007,12/31/2006,09/30/2006,06/30/2006,03/31/2006,12/31/2005,09/30/2005,06/30/2005,03/31/2005,12/31/2004,09/30/2004,06/30/2004,03/31/2004,12/31/2003,09/30/2003,06/30/2003,03/31/2003,12/31/2002,09/30/2002,06/30/2002,03/31/2002,12/31/2001,09/30/2001,06/30/2001,03/31/2001,12/31/2000,09/30/2000,06/30/2000,03/31/2000,12/31/1999,09/30/1999,06/30/1999,03/31/1999,12/31/1998,09/30/1998,06/30/1998,03/31/1998,12/31/1997,09/30/1997,06/30/1997,03/31/1997,12/31/1996,09/30/1996,06/30/1996,03/31/1996,12/31/1995,09/30/1995,06/30/1995,03/31/1995,12/31/1994,09/30/1994,06/30/1994,03/31/1994,12/31/1993,09/30/1993,06/30/1993,03/31/1993,12/31/1992,09/30/1992,06/30/1992,03/31/1992,12/31/1991,09/30/1991,06/30/1991,03/31/1991,12/31/1990,09/30/1990,06/30/1990,03/31/1990,12/31/1989,09/30/1989,06/30/1989,03/31/1989,12/31/1988,09/30/1988,06/30/1988,03/31/1988,12/31/1987,09/30/1987,06/30/1987,03/31/1987,12/31/1986,09/30/1986,06/30/1986,03/31/1986,12/31/1985,09/30/1985
TotalRevenue,"736,908,000","190,279,000","187,261,000","180,357,000","179,011,000","179,778,000","163,284,000","158,633,000","163,701,000","175,063,000","173,376,000","168,607,000","164,792,000","163,712,000","158,978,000","155,331,000","155,518,000","152,836,000","150,247,000","147,705,000","145,550,000","141,432,000","141,199,000","134,541,000","130,926,000","126,980,000","126,377,000","123,143,000","117,208,000","116,187,000","115,315,000","109,856,000","105,613,000","104,064,000","103,227,000","100,621,000","96,121,000","92,565,000","86,896,000","85,013,000","90,535,000","89,882,000","86,021,000","79,862,000","74,966,000","70,802,000","72,839,000","65,881,000","65,833,000","63,162,000","67,681,000","64,388,000","58,681,000","57,963,000","61,921,000","58,573,000","57,026,000","55,200,000","52,525,000","47,783,000","46,421,000","42,713,000","40,534,000","38,074,000","38,133,000","43,470,000","40,910,000","34,994,000","36,378,000","33,081,000","32,399,000","33,439,000","33,260,000","35,891,000","28,648,000","27,022,000","24,094,000","23,573,000","22,827,000","24,097,000","23,149,000","24,376,000","20,354,000","19,191,000","20,104,000","20,877,000","20,552,000","20,168,000","19,584,000","20,587,000","14,043,000","19,000,000","19,200,000","23,900,000","16,012,000","17,200,000","15,300,000","15,500,000","13,335,000","13,200,000","12,000,000","11,300,000","9,669,000","9,200,000","7,600,000","6,900,000","5,880,380","5,300,000","4,700,000","4,400,000","3,900,000","3,100,000","2,800,000","2,400,000","2,300,000","1,400,000","1,000,000","800,000","800,000","900,000","500,000","500,000","400,000","500,000","500,000","500,000","500,000","500,000","500,000","400,000","400,000","500,000","500,000","400,000","400,000","500,000","500,000","400,000","400,000","500,000","500,000","500,000","500,000","500,000","500,000","500,000","500,000","500,000"
	OperatingRevenue,"736,908,000","190,279,000","187,261,000","180,357,000","179,011,000","179,778,000","163,284,000","158,633,000","163,701,000","175,063,000","185,241,000","164,590,000","160,938,000","163,712,000","153,834,000","151,619,000","151,748,000","148,678,000","145,909,000","144,091,000","141,850,000","137,572,000","136,466,000","131,128,000","127,678,000","123,390,000","121,816,000","119,674,000","113,884,000","112,672,000","111,223,000","106,533,000","102,385,000","100,832,000","99,320,000","97,508,000","92,972,000","89,588,000","75,453,000","85,013,000","90,535,000","89,882,000","86,021,000","79,862,000","74,966,000","70,802,000","97,938,000","56,656,000","65,833,000","56,626,000","75,034,000","57,035,000","58,681,000","57,963,000","61,921,000","58,573,000","57,026,000","56,521,000","53,875,000","48,576,000","47,445,000","44,348,000","37,867,000","38,910,000","39,376,000","44,316,000","41,691,000","35,520,000","36,787,000","34,629,000","32,399,000","33,439,000","33,260,000","37,144,000","25,668,000","28,047,000","25,285,000","24,337,000","24,009,000","24,354,000","24,286,000","25,107,000","23,527,000","19,506,000","20,104,000","20,877,000","20,380,000","20,263,000","18,664,000","20,587,000","14,000,000","19,000,000","19,200,000","23,900,000","16,100,000","17,200,000","15,300,000","15,500,000","13,300,000","13,200,000","12,000,000","11,300,000","9,700,000","9,200,000","7,600,000","6,900,000","5,900,000","5,300,000","4,700,000","4,400,000","3,900,000","3,100,000","2,800,000","2,400,000","2,300,000","1,400,000","1,000,000","800,000","800,000","900,000","500,000","500,000","400,000","500,000","500,000","500,000","500,000","500,000","500,000","400,000","400,000","500,000","500,000","400,000","400,000","500,000","500,000","400,000","400,000","500,000","500,000","500,000","500,000","500,000","500,000","500,000","500,000","500,000"
CostOfRevenue,"27,858,000","7,198,000","7,520,000","6,521,000","6,619,000","7,725,000","8,058,000","6,345,000","6,323,000","7,635,000","7,258,000","6,706,000","6,600,000","7,093,000","7,650,000","5,759,000","5,828,000","5,862,000","6,465,000","5,553,000","5,424,000","5,663,000","6,555,000","4,942,000","4,567,000","4,787,000","5,575,000","4,782,000","4,658,000","4,759,000","5,236,000","4,583,000","4,746,000","4,340,000","5,520,000","4,420,000","4,301,000","3,954,000","-13,911,000","3,878,000","11,506,000","15,674,000","27,808,000","11,563,000","15,786,000","12,574,000","13,093,000","8,579,000","11,421,000","0","16,092,000","0","0","0",,,,,,,,,,,,,,,,,,,,,,,,,,,,,,,,,,,,,,,,,,,,,,,,,,,,,,,,,,,,,,,,,,,,,,,,,,,,,,,,,,,,,,,,,,,,,,
GrossProfit,"709,050,000","183,081,000","179,741,000","173,836,000","172,392,000","172,053,000","155,226,000","152,288,000","157,378,000","167,428,000","166,118,000","161,901,000","158,192,000","156,619,000","151,328,000","149,572,000","149,690,000","146,974,000","143,782,000","142,152,000","140,126,000","135,769,000","134,644,000","129,599,000","126,359,000","122,193,000","120,802,000","118,361,000","112,550,000","111,428,000","110,079,000","105,273,000","100,867,000","99,724,000","97,707,000","96,201,000","91,820,000","88,611,000","100,807,000","81,135,000","79,029,000","74,208,000","58,213,000","68,299,000","59,180,000","58,228,000","59,746,000","57,302,000","54,412,000","63,162,000","51,589,000","64,388,000","58,681,000","57,963,000",,,,,,,,,,,,,,,,,,,,,,,,,,,,,,,,,,,,,,,,,,,,,,,,,,,,,,,,,,,,,,,,,,,,,,,,,,,,,,,,,,,,,,,,,,,,,,
OperatingExpense,"252,107,000","63,810,000","63,393,000","62,139,000","62,765,000","61,766,000","58,382,000","58,823,000","58,331,000","59,324,000","58,312,000","57,125,000","55,592,000","55,753,000","52,386,000","51,022,000","52,045,000","53,195,000","52,554,000","55,763,000","50,146,000","49,062,000","48,395,000","48,086,000","45,224,000","43,904,000","44,506,000","42,250,000","42,032,000","40,746,000","36,898,000","38,775,000","36,081,000","36,927,000","34,487,000","33,390,000","31,964,000","32,019,000","47,334,000","26,117,000","26,056,000","25,720,000","12,398,000","26,442,000","20,439,000","20,182,000","22,035,000","20,809,000","17,736,000","27,665,000","14,045,000","27,331,000","21,171,000","20,711,000","21,189,000","19,160,000","19,188,000","20,156,000","18,553,000","15,308,000","15,657,000","15,226,000","23,585,000","11,903,000","13,805,000","13,889,000","20,924,000","14,912,000","13,277,000","12,770,000","13,728,000","13,157,000","16,117,000","13,189,000","11,085,000","6,970,000","5,955,000","5,833,000","5,634,000","5,307,000","5,920,000","5,791,000","15,184,000","5,703,000","4,388,000","4,509,000","4,026,000","3,844,000","3,857,000","4,129,000","46,470,000","-3,100,000","-5,300,000","-7,000,000","27,094,000","-1,700,000","-1,600,000","-6,200,000","15,425,000","-2,000,000","-1,900,000","-1,700,000","9,997,000","-1,400,000","-1,200,000","-1,100,000","6,438,721","-900,000","-800,000","-700,000","-700,000","-600,000","-600,000","-400,000","-500,000","-300,000","-200,000","-300,000","-300,000","-200,000","-100,000","-100,000","-100,000","-200,000","-100,000","-100,000","-100,000","-100,000","-100,000","-100,000","0","-100,000","-100,000",,,,,,,,,,,,,,,
	SellingGeneralAndAdministration,"44,187,000","11,130,000","10,004,000","11,163,000","11,890,000","11,786,000","9,287,000","9,419,000","9,395,000","10,136,000","10,210,000","8,777,000","9,351,000","9,573,000","8,268,000","8,543,000","8,741,000","8,697,000","8,712,000","7,354,000","8,820,000","8,919,000","9,408,000","9,116,000","8,735,000","9,249,000","9,658,000","8,643,000","7,830,000","8,605,000","6,523,000","9,007,000","8,074,000","8,915,000","7,367,000","7,534,000","9,412,000","8,264,000","8,904,000","8,652,000","7,024,000","7,603,000","-3,502,000","11,495,000","6,568,000","6,657,000","9,369,000","8,912,000","5,775,000","15,810,000","1,650,000","15,981,000","9,025,000","8,892,000","16,558,000","5,242,000","6,040,000","7,560,000","6,045,000","5,230,000","5,946,000","6,321,000","5,096,000","4,663,000","7,088,000","7,200,000","6,570,000","6,232,000","5,797,000","4,813,000","5,845,000","5,848,000","5,399,000","5,912,000","3,687,000","2,561,000","2,641,000","2,600,000","2,349,000","2,136,000","2,728,000","2,264,000","1,799,000","1,536,000","1,724,000","1,853,000","1,141,000","1,223,000","1,236,000","1,250,000","780,000","1,200,000","1,900,000","2,300,000","2,335,000","2,200,000","1,400,000","1,800,000","216,000","300,000","200,000","500,000","283,000","300,000","300,000","400,000","121,850","100,000","200,000","200,000","100,000","100,000","100,000","300,000","200,000","200,000","100,000",,,"100,000",,,,,,,,,,,,,,,,,,,,,,,,,,,,
		GeneralAndAdministrativeExpense,"44,187,000","11,130,000","10,004,000","11,163,000","11,890,000","11,786,000","9,287,000","9,419,000","9,395,000","10,136,000","10,210,000","8,777,000","9,351,000","9,573,000","8,268,000","8,543,000","8,741,000","8,697,000","8,712,000","7,354,000","8,820,000","8,919,000","9,408,000","9,116,000","8,735,000","9,249,000","9,658,000","8,643,000","7,830,000","8,605,000","6,523,000","9,007,000","8,074,000","8,915,000","7,367,000","7,534,000","9,412,000","8,264,000","8,903,000",,,,,,,,,,,,,,,,,,"6,040,000","7,560,000","6,045,000","5,230,000","5,946,000","6,321,000","5,096,000","4,663,000","7,088,000","7,200,000","6,570,000","6,232,000","5,797,000","4,813,000","5,845,000","5,848,000","5,399,000","5,912,000","3,687,000","2,561,000","2,641,000","2,600,000","2,349,000","2,136,000","2,728,000","2,264,000","1,799,000","1,536,000","1,724,000","1,853,000","1,141,000","1,223,000","1,236,000","1,250,000","780,000","1,200,000","1,900,000","2,300,000","2,335,000","2,200,000","1,400,000","1,800,000","216,000","300,000","200,000","500,000","283,000","300,000","300,000","400,000","121,850","100,000","200,000","200,000","100,000","100,000","100,000","300,000","200,000","200,000","100,000",,,"100,000",,,,,,,,,,,,,,,,,,,,,,,,,,,,
			SalariesAndWages,,,,,,,,,,,,,,,,,,,,,,,,,,,,,,,,,,,,,,,,,,,,,,,,,,,,,,,,,"6,040,000","7,560,000","6,045,000","5,230,000","5,946,000","6,321,000","5,096,000","4,663,000","7,088,000","7,200,000","6,570,000","6,232,000","5,797,000","4,813,000","5,845,000","5,848,000","5,399,000","5,912,000","3,687,000","2,561,000","2,641,000","2,600,000","2,349,000","2,136,000","2,728,000","2,264,000","1,799,000","1,536,000","1,724,000","1,853,000","1,141,000","1,223,000","1,236,000","1,250,000","800,000","1,200,000","1,900,000","2,300,000","2,300,000","2,200,000","1,400,000","1,800,000","200,000","300,000","200,000","500,000","300,000","300,000","300,000","400,000","100,000","100,000","200,000","200,000","100,000","100,000","100,000","300,000","200,000","200,000","100,000",,,"100,000",,,,,,,,,,,,,,,,,,,,,,,,,,,,
			RentAndLandingFees,"253,000","88,000","57,000","86,000","22,000","38,000","40,000","0","0","36,000","83,000","51,000","75,000","52,000",,,,,,,,,,,,,,,,,,,,,,,,,,,,,,,,,,,,,,,,,,,,,,,,,,,,,,,,,,,,,,,,,,,,,,,,,,,,,,,,,,,,,,,,,,,,,,,,,,,,,,,,,,,,,,,,,,,,,,,,,,,,,,,,,,,,,,
			OtherGandA,"43,934,000","11,042,000","9,947,000","11,077,000","11,868,000","11,748,000","9,247,000","9,419,000","9,395,000","10,100,000","10,127,000","8,726,000","9,276,000","9,521,000","8,268,000","8,543,000","8,741,000","8,697,000","8,712,000","7,354,000","8,820,000","8,919,000","9,408,000","9,116,000","8,735,000","9,249,000","9,658,000","8,643,000","7,830,000","8,605,000","6,523,000","9,007,000","8,074,000","8,915,000","7,367,000","7,534,000","9,412,000","8,264,000","8,903,000",,,,,,,,,,,,,,,,,,,,,,,,,,,,,,,,,,,,,,,,,,,,,,,,,,,,,,,,,,,,,,,,,,,,,,,,,,,,,,,,,,,,,,,,,,,,,,,,,,,,,,,,,,,,,
	DepreciationAmortizationDepletionIncomeStatement,"207,920,000","52,680,000","53,389,000","50,976,000","50,875,000","49,980,000","49,095,000","49,404,000","48,936,000","49,188,000","48,102,000","48,348,000","46,241,000","46,180,000","44,118,000","42,479,000","43,304,000","44,498,000","43,842,000","48,409,000","41,326,000","40,143,000","38,987,000","38,970,000","36,489,000","34,655,000","34,848,000","33,607,000","34,202,000","32,141,000","30,375,000","29,768,000","28,007,000","28,012,000","27,120,000","25,856,000","22,552,000","23,755,000","19,887,000","17,465,000","19,032,000","18,117,000","15,900,000","14,947,000","13,871,000","13,525,000","12,666,000","11,897,000","11,961,000","11,855,000","12,395,000","11,350,000","12,146,000","11,819,000","12,361,000","11,559,000","10,894,000","10,157,000","9,902,000","8,216,000","7,729,000","6,927,000","6,651,000","5,788,000","5,358,000","5,351,000","6,448,000","6,473,000","4,817,000","4,546,000","4,331,000","4,403,000","4,238,000","4,264,000","4,049,000","3,496,000","3,049,000","2,940,000","2,903,000","2,916,000","2,854,000","2,941,000","2,335,000","2,462,000","2,206,000","2,208,000","2,342,000","2,204,000","2,254,000","2,288,000",,,,,,,,,,,,,,,,,,,,,,,,,,,,,,,,,,,,,,,,,,,,,,,,,,,,,,,,,,
		DepreciationAndAmortizationInIncomeStatement,"207,920,000","52,680,000","53,389,000","50,976,000","50,875,000","49,980,000","49,095,000","49,404,000","48,936,000","49,188,000","48,102,000","48,348,000","46,241,000","46,180,000","44,118,000","42,479,000","43,304,000","44,498,000","43,842,000","48,409,000","41,326,000","40,143,000","38,987,000","38,970,000","36,489,000","34,655,000","34,848,000","33,607,000","34,202,000","32,141,000","30,375,000","29,768,000","28,007,000","28,012,000","27,120,000","25,856,000","22,552,000","23,755,000","19,887,000","17,465,000","19,032,000","18,117,000","15,900,000","14,947,000","13,871,000","13,525,000","12,666,000","11,897,000","11,961,000","11,855,000","12,395,000","11,350,000","12,146,000","11,819,000","12,361,000","11,559,000","10,894,000","10,157,000","9,902,000","8,216,000","7,729,000","6,927,000","6,651,000","5,788,000","5,358,000","5,351,000","6,448,000","6,473,000","4,817,000","4,546,000","4,331,000","4,403,000","4,238,000","4,264,000","4,049,000","3,496,000","3,049,000","2,940,000","2,903,000","2,916,000","2,854,000","2,941,000","2,335,000","2,462,000","2,206,000","2,208,000","2,342,000","2,204,000","2,254,000","2,288,000",,,,,,,,,,,,,,,,,,,,,,,,,,,,,,,,,,,,,,,,,,,,,,,,,,,,,,,,,,
	OtherTaxes,,,,,,,,,,,,,,,,,,,,,,,,,,,,,,,,,,,,,,,,,,,,,,,,,,,,,,,,,,"-20,960,000","-18,553,000","-15,308,000","-15,657,000","-15,226,000",,"-11,979,000","-13,805,000","-13,922,000","-20,924,000","-14,912,000","-13,277,000","-12,770,000",,,,"-13,189,000",,"-6,970,000","-5,955,000","-5,833,000","-5,634,000","-5,307,000","-5,920,000","-5,791,000",,"-5,927,000",,,"-654,000","-4,940,000","-3,857,000","-4,129,000","-4,100,000","-4,300,000","-7,200,000","-9,300,000","-100,000","-3,900,000","-3,000,000","-8,000,000","-2,000,000","-2,300,000","-2,100,000","-2,200,000","-1,800,000","-1,700,000","-1,500,000","-1,500,000","-800,000","-1,000,000","-1,000,000","-900,000","-800,000","-700,000","-700,000","-700,000","-700,000","-500,000","-300,000","-300,000","-100,000","-300,000","-100,000","-100,000","-100,000","-200,000","-100,000","-100,000","-100,000","-100,000","-100,000","-100,000","0","-100,000","-100,000",,,,,,,,,,,,,,,
	OtherOperatingExpenses,,,,,,,,,,,,,,,,,,,,,,,,,,,,,,,,,,,,,,,,,,,"-1,615,000",,,,,,,,,,,,,"2,359,000","2,254,000","23,399,000","21,159,000","17,170,000","17,639,000","17,204,000","-27,308,000","13,431,000","15,164,000","15,260,000","28,830,000","17,119,000","15,940,000","16,181,000","3,552,000","2,906,000","6,480,000","16,202,000","-15,338,000","7,883,000","6,220,000","6,126,000","6,016,000","5,562,000","6,258,000","6,377,000","40,834,000","7,632,000","458,000","448,000","1,197,000","5,357,000","4,224,000","4,720,000",,,,,,,,,,,,,,,,,,,,,,,,,,,,,,,,,,,,,,,,,,,,,,,,,,,,,,,,,,
OperatingIncome,"456,943,000","119,271,000","116,348,000","111,697,000","109,627,000","110,287,000","96,844,000","93,465,000","99,047,000","108,104,000","107,806,000","104,776,000","102,600,000","100,866,000","98,942,000","98,550,000","97,645,000","93,779,000","91,228,000","86,389,000","89,980,000","86,707,000","86,249,000","81,513,000","81,135,000","78,289,000","76,296,000","76,111,000","70,518,000","70,682,000","73,181,000","66,498,000","64,786,000","62,797,000","63,220,000","62,811,000","59,856,000","56,592,000","53,473,000","55,018,000","52,973,000","48,488,000","45,815,000","41,857,000","38,741,000","38,046,000","37,711,000","36,493,000","36,676,000","35,497,000","37,544,000","37,057,000","37,510,000","37,252,000","35,853,000","39,413,000","37,838,000","35,044,000","33,972,000","32,475,000","30,764,000","27,487,000","16,949,000","26,171,000","24,328,000","29,581,000","19,986,000","20,082,000","23,101,000","20,311,000","18,671,000","20,282,000","17,143,000","22,702,000","17,563,000","20,052,000","18,139,000","17,740,000","17,193,000","18,790,000","17,229,000","18,585,000","5,170,000","13,488,000","15,716,000","16,368,000","16,526,000","16,324,000","15,727,000","16,458,000","-32,427,000","22,100,000","24,500,000","30,900,000","-11,082,000","18,900,000","16,900,000","21,700,000","-2,090,000","15,200,000","13,900,000","13,000,000","-328,000","10,600,000","8,800,000","8,000,000","-558,341","6,200,000","5,500,000","5,100,000","4,600,000","3,700,000","3,400,000","2,800,000","2,800,000","1,700,000","1,200,000","1,100,000","1,100,000","1,100,000","600,000","600,000","500,000","700,000","600,000","600,000","600,000","600,000","600,000","500,000","400,000","600,000","600,000","400,000","900,000","500,000","500,000","400,000","800,000","500,000","500,000","500,000","900,000","500,000","500,000","500,000","900,000","500,000"
NetNonOperatingInterestIncomeExpense,"-139,800,000","-36,664,000","-36,627,000","-33,457,000","-33,052,000","-34,522,000","-32,012,000","-31,850,000","-31,647,000","-33,506,000","-30,107,000","-29,447,000","-29,324,000","-28,033,000","-33,389,000","-26,999,000","-27,073,000","-26,577,000","-26,934,000","-28,140,000","-27,237,000","-26,477,000","-24,367,000","-24,240,000","-24,009,000","-23,567,000","-24,506,000","-21,976,000","-21,643,000","-21,775,000","-21,717,000","-21,554,000","-21,667,000","-20,215,000","-20,013,000","-19,267,000","-23,017,000","-21,493,000","-20,278,000","-21,672,000","-19,033,000","-19,259,000","-19,157,000","-19,629,000","-17,229,000","-17,320,000","-16,312,000","-16,169,000","-15,448,000","-15,737,000","-15,317,000","-15,356,000","-15,020,000","-15,084,000","-9,912,000","-14,791,000","-14,665,000",,,,,,,,,,,,,,,,,,,,,,,,,,,,,,,,,,,,,,,,,,,,,,,,,,,,,,,,,,,,,,,,,,,,,,,,,,,,,,,,,,,,,,,,,,,
	InterestIncomeNonOperating,"186,000","35,000","57,000","61,000","33,000","65,000","72,000","74,000","106,000","164,000","200,000","501,000","487,000","1,924,000","1,552,000","195,000","37,000","25,000","83,000","64,000","37,000","137,000","62,000","17,000","72,000","19,000","42,000","20,000","35,000","11,000","112,000","87,000","94,000","63,000","60,000","722,000","377,000","334,000","319,000","1,194,000","361,000","386,000","428,000","457,000","283,000","342,000","343,000","332,000","586,000","252,000","350,000","262,000","416,000","347,000",,,,,,,,,,,,,,,,,,,,,,,,,,,,,,,,,,,,,,,,,,,,,,,,,,,,,,,,,,,,,,,,,,,,,,,,,,,,,,,,,,,,,,,,,,,,,,
	InterestExpenseNonOperating,"139,986,000","36,699,000","36,684,000","33,518,000","33,085,000","34,587,000","32,084,000","31,924,000","31,753,000","33,670,000","30,307,000","29,948,000","29,811,000","29,957,000","34,941,000","27,194,000","27,110,000","26,602,000","27,017,000","28,204,000","27,274,000","26,614,000","24,429,000","24,257,000","24,081,000","23,586,000","24,548,000","21,996,000","21,678,000","21,786,000","21,829,000","21,641,000","21,761,000","20,278,000","20,073,000","19,989,000","23,394,000","21,827,000","20,597,000","22,866,000","19,394,000","19,645,000","19,585,000","20,086,000","17,512,000","17,662,000","16,655,000","16,501,000","16,034,000","15,989,000","15,667,000","15,618,000","15,436,000","15,431,000","13,660,000","14,791,000","14,665,000",,,,,,,,,,,,,,,,,,,,,,,,,,,,,,,,,,,,,,,,,,,,,,,,,,,,,,,,,,,,,,,,,,,,,,,,,,,,,,,,,,,,,,,,,,,
OtherIncomeExpense,"-2,247,000","-1,234,000","-2,151,000","4,692,000","-3,554,000","-19,178,000","-3,545,000","-5,547,000","-21,135,000","-9,422,000","-3,913,000","-8,631,000","5,815,000","7,200,000","28,067,000","-3,857,000","-4,095,000","-2,509,000","-7,900,000","-305,000","-7,389,000","-1,206,000","-381,000","-11,006,000","-6,371,000","-921,000","-792,000","-249,000","-3,210,000","-1,627,000","-1,589,000","-98,000","-166,000","-554,000","-1,169,000","-16,000","-160,000","-1,812,000","-1,209,000","-7,261,000","-2,718,000",,"1,100,000",,"-267,000","-129,000","-7,605,000",,"-165,000","-3,683,000","-27,548,000",,"-1,064,000","-731,000","-3,805,000","818,000","1,008,000","-1,562,000","-663,000","-766,000",,"332,000","1,663,000","-6,008,000","-1,859,000","4,624,000","3,052,000","-560,000","-363,000","469,000",,"1,155,000","1,286,000","1,253,000","5,587,000","1,025,000","1,191,000","-1,649,000","1,182,000","-1,625,000","1,137,000","91,000","958,000","-224,000","-865,000","-1,344,000",,,,,"0",,,,"-4,400,000","1,300,000",,,,,,,,,,,,,,,,,,,,,,,,,,,,,,,,,,,,,,,,,,,,,,,,,,,,
	GainOnSaleOfSecurity,"22,805,000","3,992,000","5,159,000","9,473,000","4,181,000","4,281,000","2,601,000","148,000","719,000","12,770,000","6,955,000","2,061,000","13,002,000","10,445,000","8,020,000",,,,,,,,,,,,,,,,,,,,"173,000",,,,,,,,,,,,,,,,,,,,,,,"21,000",,,,"332,000",,"108,000","563,000","6,444,000","1,302,000","-138,000","378,000","469,000",,,,"3,380,000",,,,,,,,"91,000",,"315,000",,,,,,,,,,,,"1,300,000",,,,,,,,,,,,,,,,,,,,,,,,,,,,,,,,,,,,,,,,,,,,,,,,,,,,
	EarningsFromEquityInterest,,,,,,,,,,,,,,,,,,,,,,,,,,,,,,,,,,,,,,,,,,,,,,,,,,,,,,"103,000",,,,,,,,,,,,,,,,,,,,,,,,,,,,,,,,,,,,,,,,,,,,,,,,,,,,,,,,,,,,,,,,,,,,,,,,,,,,,,,,,,,,,,,,,,,,,,
	SpecialIncomeCharges,"-25,052,000","-5,226,000","-7,310,000","-4,781,000","-7,735,000","-23,459,000","-6,146,000","-5,695,000","-21,854,000","-22,192,000","-10,868,000","-10,692,000","-7,187,000","-3,245,000","-37,003,000","-3,857,000","-4,095,000","-2,509,000","-7,900,000","-305,000","-7,389,000","-1,206,000","-381,000","-11,006,000","-6,371,000","-921,000","-792,000","-249,000","-3,210,000","-1,627,000","-1,589,000","-98,000","-166,000","-554,000","-1,169,000","-16,000","-160,000","-1,812,000","-1,209,000","-7,261,000","-2,718,000","0","1,100,000","0","-267,000","-129,000","-7,605,000","0","-165,000","-3,683,000","-27,548,000","0","-1,064,000","-834,000","-3,805,000","818,000","1,008,000","-1,583,000","-331,000","-766,000","0",,"8,779,000","-6,116,000","-2,422,000","-1,820,000",,"-422,000","-741,000",,,"1,155,000","1,286,000","-2,127,000","5,587,000","1,025,000","1,191,000","-1,649,000","1,182,000","-1,625,000","1,137,000",,"958,000","-539,000","-865,000","-1,344,000",,,,,,,,,,,,,,,,,,,,,,,,,,,,,,,,,,,,,,,,,,,,,,,,,,,,,,,,,,,,,,
		RestructuringAndMergernAcquisition,"3,594,000","3,594,000","0",,,,,,,,"0","0","0","0","270,000","222,000","260,000","261,000","192,000","225,000","7,428,000","0","43,000","111,000","280,000","129,000","33,000","199,000","96,000","599,000","202,000",,,,,,,,,,,,,,,,"0","0","0","0","0","0","0","731,000",,,,,"0","0","0",,"0","0","1,580,000",,,,,,,,,,,,,,,,,,,,,,,,,,,,,,,,,,,,,,,,,,,,,,,,,,,,,,,,,,,,,,,,,,,,,,,,,,,,,,,,,,,
		ImpairmentOfCapitalAssets,"21,458,000","1,632,000","7,310,000","4,781,000","7,735,000","2,131,000","4,380,000","5,695,000","21,854,000","5,513,000","10,868,000","10,692,000","7,187,000","3,245,000","18,493,000","3,635,000","3,835,000","2,248,000","7,708,000","80,000","-39,000","1,206,000","338,000","4,917,000","5,459,000","572,000","709,000","-3,000","2,686,000","1,028,000","198,000","77,000","89,000","396,000","0","0","160,000","1,812,000","-1,603,000","7,261,000","2,718,000","0","628,000","0","267,000","129,000","7,605,000","0","165,000","3,683,000","27,548,000","0","1,064,000","0",,,,,,,,,,,,,,,,,,,,,,,,,,,,,,,,,,,,,,,,,,,,,,,,,,,,,,,,,,,,,,,,,,,,,,,,,,,,,,,,,,,,,,,,,,,,,,
		WriteOff,,,,,,,,,,,,,,,,,,,"0","0","0","0","0","5,978,000","632,000","220,000","50,000","53,000","428,000","0","0","21,000","77,000","158,000","1,169,000","16,000",,,"94,000",,,,,,,,,,,,,,,,,,,,,,,,,,,,,,,,,,,,,,,,,,,,,,,,,,,,,,,,,,,,,,,,,,,,,,,,,,,,,,,,,,,,,,,,,,,,,,,,,,,,,,,,,,,,,
		OtherSpecialCharges,,,"0",,,"21,328,000","0",,,"16,679,000",,,,,"18,240,000",,,,,,,,,,,,,,,,,,,,,,,,,,,,"-297,000",,,,,,,,,,,"103,000",,,,,"331,000","766,000",,,,"6,116,000","842,000",,,,,,,,,,,,,,,,,,,,,,,,,,,,,,,,,,,,,,,,,,,,,,,,,,,,,,,,,,,,,,,,,,,,,,,,,,,,,,,,,,,
	OtherNonOperatingIncomeExpenses,"-261,000",,,,,,,,,"-36,000","-83,000","-51,000","-75,000","-52,000",,,,,,,,,,,,,,,,,,,,,,,,,,,,,,,,,,,,,,,,,,,,,,,,,,,,,,,,,,,,,,,,,,,,,,,,,,,,,,,,,,,,,,,,,,,,,,,,,,,,,,,,,,,,,,,,,,,,,,,,,,,,,,,,,,,,,,
PretaxIncome,"314,896,000","81,373,000","77,570,000","82,932,000","73,021,000","56,587,000","61,287,000","56,068,000","46,265,000","65,176,000","73,786,000","66,698,000","79,091,000","80,033,000","93,620,000","67,694,000","66,477,000","64,693,000","56,394,000","57,944,000","55,354,000","59,024,000","61,501,000","46,267,000","50,755,000","53,801,000","50,998,000","53,886,000","45,665,000","47,280,000","49,875,000","44,846,000","42,953,000","42,028,000","42,038,000","43,528,000","36,679,000","33,287,000","31,986,000","26,085,000","31,222,000","29,229,000","27,758,000","22,228,000","21,245,000","20,597,000","13,794,000","20,324,000","21,063,000","16,077,000","-5,321,000","21,701,000","21,426,000","21,437,000","22,115,000","25,440,000","24,181,000","19,358,000","20,750,000","20,620,000","19,345,000","17,507,000","16,389,000","8,813,000","11,704,000","16,672,000","11,827,000","11,579,000","13,861,000","12,912,000","10,732,000","12,926,000","10,186,000","14,971,000",,,,,,,,,,,,,,,,,,,,,,,,,,,,,,,,,,,,,,,,,,,,,,,,,,,,,,,,,,,,,,,,,,,,,,,,,,
TaxProvision,,,,,,,,,,,,,,,,,,,,,,,"0","0","0","0","9,827,000","545,000","-495,000","442,000","-796,000","372,000","441,000","-93,000","255,000","365,000","432,000","-780,000","104,000","-7,426,000","140,000","97,000","521,000","68,000","210,000","-19,000","-22,000","170,000","231,000","92,000","460,000","-504,000","-546,000","-537,000","-1,426,000","-1,654,000","-1,769,000","-2,652,000","-1,813,000","-1,509,000","-2,421,000","-2,922,000","-2,418,000","-3,301,000","-3,535,000","1,893,000","-1,379,000","-450,000","-341,000","-570,000","-718,000","-642,000","-371,000","-492,000",,,,,,,,,,,,,,,,,,,,,,,,,,,,,,,,,,,,,,,,,,,,,,,,,,,,,,,,,,,,,,,,,,,,,,,,,,
EarningsFromEquityInterestNetOfTax,,,,,,,,,,,,,,,,,,,,,,,,,,,,,,,,,,,"173,000","0","0","0","0","3,769,000","155,000","150,000","153,000","109,000","104,000","109,000","108,000","107,000","159,000","105,000","106,000","105,000","107,000","103,000",,,,,,,,,,,,,,,,,,,,,,,,,,,,,,,,,,,,,,,,,,,,,,,,,,,,,,,,,,,,,,,,,,,,,,,,,,,,,,,,,,,,,,,,,,,,,,
NetIncomeCommonStockholders,"292,793,000","81,216,000","64,949,000","78,268,000","68,360,000","52,102,000","56,620,000","51,405,000","41,604,000","60,533,000","58,346,000","57,948,000","69,963,000","71,325,000","27,844,000","73,303,000","61,851,000","94,551,000","63,455,000","52,406,000","49,310,000","51,492,000","53,859,000","41,741,000","42,907,000","61,673,000","33,430,000","46,156,000","37,154,000","44,956,000","44,693,000","38,876,000","36,515,000","34,311,000","35,246,000","34,675,000","32,594,000","29,202,000","35,160,000","33,253,000","27,579,000","24,755,000","25,874,000","20,936,000","19,607,000","19,124,000","12,519,000","19,514,000","19,510,000","14,669,000","-23,086,000","20,747,000","25,258,000","25,108,000","27,171,000","28,578,000","30,888,000","33,053,000","32,669,000","45,690,000","46,959,000","25,008,000","55,108,000","20,453,000","79,199,000","22,027,000","16,751,000","15,110,000","27,272,000","25,002,000","17,505,000","15,585,000","11,314,000","14,847,000","14,170,000","14,298,000","11,342,000","9,153,000","12,219,000","7,573,000","12,632,000","11,624,000","-489,000","7,473,000","10,385,000","11,594,000","12,478,000","8,555,000","8,574,000","8,644,000","9,511,000","8,800,000","7,200,000","9,800,000","8,541,000","10,000,000","9,500,000","4,400,000","8,785,000","7,600,000","7,200,000","6,700,000","6,239,000","5,100,000","4,500,000","4,000,000","3,307,271","3,200,000","3,100,000","3,100,000","3,000,000","2,200,000","2,000,000","1,700,000","1,600,000","900,000","600,000","400,000","400,000","400,000","400,000","400,000","300,000","300,000","400,000","300,000","300,000","400,000","400,000","300,000","300,000","300,000","300,000","300,000","300,000","400,000","400,000","300,000","300,000","400,000","400,000","400,000","400,000","400,000","400,000","400,000","400,000","400,000"
	NetIncome,"314,898,000","81,372,000","77,570,000","82,933,000","73,023,000","56,587,000","61,287,000","56,069,000","46,265,000","65,178,000","73,786,000","66,693,000","78,678,000","80,023,000","36,561,000","82,032,000","70,573,000","103,280,000","72,168,000","61,120,000","58,028,000","73,657,000","66,091,000","50,784,000","51,942,000","70,683,000","42,471,000","55,198,000","46,188,000","53,978,000","53,757,000","47,940,000","45,571,000","43,333,000","44,241,000","44,352,000","37,486,000","34,066,000","40,662,000","38,015,000","33,505,000","29,832,000","27,570,000","22,632,000","21,303,000","20,820,000","14,215,000","21,210,000","21,206,000","16,365,000","-21,390,000","22,443,000","26,954,000","26,804,000","28,867,000","30,274,000","30,888,000","33,053,000","34,365,000","47,386,000","48,655,000","26,704,000","57,401,000","21,455,000","80,201,000","23,448,000","18,172,000","16,530,000","28,693,000","26,004,000","18,926,000","17,005,000","12,735,000","16,268,000","15,591,000","15,384,000","12,344,000","10,154,000","13,222,000","8,575,000","13,512,000","12,749,000","-489,000","7,473,000","10,385,000","11,594,000","12,478,000","8,555,000","8,574,000","8,644,000","9,511,000","8,800,000","7,200,000","9,800,000","8,541,000","10,000,000","9,500,000","4,400,000","8,785,000","7,600,000","7,200,000","6,700,000","6,239,000","5,100,000","4,500,000","4,000,000","3,307,271","3,200,000","3,100,000","3,100,000","3,000,000","2,200,000","2,000,000","1,700,000","1,600,000","900,000","600,000","400,000","400,000","400,000","400,000","400,000","300,000","300,000","400,000","300,000","300,000","400,000","400,000","300,000","300,000","300,000","300,000","300,000","300,000","400,000","400,000","300,000","300,000","400,000","400,000","400,000","400,000","400,000","400,000","400,000","400,000","400,000"
		NetIncomeIncludingNoncontrollingInterests,"314,896,000","81,373,000","77,570,000","82,932,000","73,021,000","56,587,000","61,287,000","56,068,000","46,265,000","65,176,000","73,786,000","66,698,000","79,091,000","80,033,000","36,570,000","82,042,000","70,583,000","103,289,000","72,185,000","61,129,000","58,409,000","73,648,000","66,125,000","50,772,000","51,933,000","70,676,000","42,476,000","55,255,000","46,190,000","54,038,000","53,774,000","47,972,000","45,584,000","43,841,000","44,234,000","44,342,000","37,606,000","33,903,000","40,647,000","37,990,000","33,476,000","29,824,000","27,685,000","22,608,000","21,269,000","20,853,000","14,210,000","21,194,000","21,650,000","16,298,000","-20,300,000","22,796,000","27,129,000","26,979,000","29,521,000","30,387,000","31,134,000","32,037,000","34,418,000","47,478,000","48,507,000","26,334,000","57,213,000","19,750,000","80,456,000","26,645,000","18,285,000","16,297,000","28,692,000","25,989,000","19,148,000","18,347,000","12,724,000","16,218,000","15,591,000","15,384,000","12,344,000","10,154,000","13,222,000","8,575,000","13,512,000","12,749,000","-489,000","7,473,000","10,385,000","11,594,000","12,478,000","8,555,000","8,574,000","7,476,000","9,511,000","8,800,000","7,200,000","9,800,000","8,541,000","10,000,000","9,500,000","4,400,000","8,785,000","7,600,000","7,200,000","6,700,000","6,239,000","5,100,000","4,500,000","4,000,000","3,307,271","3,200,000","3,100,000","3,100,000","3,000,000","2,200,000","2,000,000","1,700,000","1,600,000","900,000","600,000","400,000","400,000","400,000","400,000","400,000","300,000","300,000","400,000","300,000","300,000","400,000","400,000","300,000","300,000","300,000","300,000","300,000","300,000","400,000","400,000","300,000","300,000","400,000","400,000","400,000","400,000","400,000","400,000","400,000","400,000","400,000"
			NetIncomeContinuousOperations,"314,896,000","81,373,000","77,570,000","82,932,000","73,021,000","56,587,000","61,287,000","56,068,000","46,265,000","65,176,000","73,786,000","66,698,000","79,091,000","80,033,000","93,620,000","67,694,000","66,477,000","64,693,000","56,394,000","57,944,000","55,354,000","59,024,000","61,501,000","46,267,000","50,755,000","53,801,000","41,171,000","53,341,000","46,160,000","46,838,000","50,671,000","44,474,000","42,512,000","42,121,000","41,956,000","43,163,000","36,247,000","34,067,000","31,882,000","37,280,000","31,237,000","29,282,000","27,390,000","22,269,000","21,139,000","20,725,000","13,857,000","20,261,000","20,991,000","16,106,000","-13,919,000","22,310,000","24,141,000","24,495,000","28,739,000","27,081,000","25,805,000","23,105,000","22,559,000","22,037,000","21,914,000","20,799,000","30,371,000","13,743,000","15,212,000","15,335,000","13,011,000","12,373,000","14,303,000","14,578,000","12,258,000","13,381,000","11,854,000","15,782,000","15,537,000","14,306,000","12,492,000","9,582,000","11,488,000","10,305,000","11,960,000","11,624,000","-489,000","7,473,000","10,385,000","11,594,000","12,845,000","8,555,000","8,574,000","8,644,000","9,511,000","8,800,000","6,600,000","9,800,000","8,541,000","10,000,000","9,500,000","4,400,000","8,785,000","7,600,000","7,200,000","6,700,000","6,239,000","5,100,000","4,500,000","4,000,000","3,307,271","3,200,000","3,100,000","3,100,000","3,000,000","2,200,000","2,000,000","1,700,000","1,600,000","900,000","600,000","400,000","400,000","400,000","400,000","400,000","300,000","300,000","400,000","300,000","300,000","400,000","400,000","300,000","300,000","300,000","300,000","300,000","300,000","400,000","400,000","300,000","300,000","400,000","400,000","400,000","400,000","400,000","400,000","400,000","400,000","400,000"
			NetIncomeDiscontinuousOperations,,,,,,,,,,,,,,,,,,,,,,,,,,,"0","0","0","0","0","142,000","18,000","-36,000","2,278,000","1,179,000","1,359,000","-164,000","8,765,000","710,000","2,239,000","542,000","295,000","339,000","130,000","128,000","353,000","933,000","659,000","192,000","-6,381,000","486,000","2,988,000","2,484,000","128,000","3,193,000","5,083,000","9,948,000","11,806,000","25,349,000","26,741,000","5,905,000","27,030,000","7,712,000","64,989,000","8,113,000","2,180,000","4,157,000","2,585,000","11,426,000","6,668,000","3,624,000","881,000","486,000","54,000","1,078,000","-148,000","572,000","1,734,000","-1,730,000","1,552,000",,,,,,,,,,,,,,,,,,,,,,,,,,,,,,,,,,,,,,,,,,,,,,,,,,,,,,,,,,,,,,,,,,,
			NetIncomeExtraordinary,,,,,,,,,,,,,,,,"14,348,000","4,106,000","38,596,000","15,791,000","3,185,000","3,055,000","14,624,000","4,624,000","4,505,000","1,178,000","16,875,000","1,305,000","1,914,000","30,000","7,200,000","3,103,000","3,356,000","3,054,000","1,756,000",,,,,,,,,,,,,,,,,,,,,,,,,,,,,"0","0","0",,"2,981,000","0","11,805,000",,,,,,,,,,,,,,,,,,,,,,,,,,,,,,,,,,,,,,,,,,,,,,,,,,,,,,,,,,,,,,,,,,,,,,,,,,,,,,,
			NetIncomeFromTaxLossCarryforward,,,,,,,,,,,,,,,,,,,,,,,,,,,,,,,,,,,,,,,,,,,,,,,,,,,,,,,,,,,,,,,,,,,"2,981,000",,"11,805,000",,,,,,,,,,,,,,,,,,,,,,,,"600,000",,,,,,,,,,,,,,,,,,,,,,,,,,,,,,,,,,,,,,,,,,,,,,,,,,,,,,,
		MinorityInterests,"2,000","-1,000","0","1,000","2,000","0","0","1,000","0","2,000","0","-5,000","-413,000","-10,000","-9,000","-10,000","-10,000","-9,000","-17,000","-9,000","-381,000","9,000","-34,000","12,000","9,000","7,000","-5,000","-57,000","-2,000","-60,000","-17,000","-32,000","-13,000","-508,000","7,000","10,000","-120,000","163,000","15,000","25,000","29,000","8,000","-115,000","24,000","34,000","-33,000","5,000","16,000","-444,000","67,000","-1,090,000","-353,000","-175,000","-175,000",,"-113,000","-246,000","1,016,000","-53,000","-92,000","148,000","370,000","188,000","1,705,000","-255,000","-3,197,000","-113,000","233,000","1,000","15,000","-222,000","-1,342,000","11,000","50,000",,,,,,,,,,,,,,,,"1,168,000",,,,,,,,,,,,,,,,,,,,,,,,,,,,,,,,,,,,,,,,,,,,,,,,,,,,,,,,,,
	PreferredStockDividends,,,"1,544,000","4,485,000","4,485,000","4,485,000","4,485,000","4,485,000","4,485,000","4,485,000","5,395,000","8,582,000","8,581,000","8,582,000","8,581,000","8,582,000","8,581,000","8,582,000","8,581,000","8,582,000","8,581,000","12,180,000","12,047,000","8,859,000","8,858,000","8,859,000","8,858,000","8,859,000","8,858,000","8,859,000","8,858,000","8,859,000","8,858,000","8,859,000","8,858,000","9,542,000","4,762,000","4,762,000","4,761,000","4,762,000","5,926,000",,"1,696,000","1,696,000","1,696,000","1,696,000","1,696,000","1,696,000","1,696,000","1,696,000","1,696,000","1,696,000","1,696,000","1,696,000","1,696,000","1,696,000",,,"1,696,000","1,696,000","1,696,000","1,696,000","8,220,000","-1,002,000","1,002,000","1,421,000","4,427,000",,"1,421,000","1,421,000","1,421,000","1,420,000","1,421,000","1,421,000","1,003,000","1,002,000","1,002,000","1,001,000","1,003,000","1,002,000","880,000","1,125,000",,,,,,,,,,,,,,,,,,,,,,,,,,,,,,,,,,,,,,,,,,,,,,,,,,,,,,,,,,,,,,,,,,
	OtherunderPreferredStockDividend,"11,591,000","156,000","11,077,000","180,000","178,000",,"182,000","179,000","176,000","160,000","10,045,000","163,000","134,000","116,000","136,000","147,000","141,000","147,000","132,000","132,000","137,000","9,985,000","185,000","184,000","177,000","151,000","183,000","183,000","176,000","163,000","206,000","205,000","198,000","163,000","137,000","135,000","130,000","102,000","741,000",,"5,926,000","5,077,000",,,,,,,,,,,,,,,,,,,,,"-5,927,000","2,004,000",,,,"1,420,000",,"-419,000",,,,,"418,000","84,000",,,,,,,,,,,,,,,,,,,,,,,,,,,,,,,,,,,,,,,,,,,,,,,,,,,,,,,,,,,,,,,,,,,,,,,,
AverageDilutionEarnings,,,,,,"-151,000",,,,,,,,,,,,,,,,,,,,,,,,,,,,,,"0","0","0",,,,,,,,,,,,,,,,,,,,,,,,,,,,,,,,,,,,,,,,,,,,,,,,,,,,,,,,,,,,,,,,,,,,,,,,,,,,,,,,,,,,,,,,,,,,,,,,,,,,,,,,,,,,,,
DilutedNIAvailtoComStockholders,"292,793,000","81,216,000","64,949,000","78,268,000","68,360,000","51,951,000","56,620,000","51,405,000","41,604,000","60,533,000","58,346,000","57,948,000","69,963,000","71,325,000","27,844,000","73,303,000","61,851,000","94,551,000","63,455,000","52,406,000","49,310,000","51,492,000","53,859,000","41,741,000","42,907,000","61,673,000","33,430,000","46,156,000","37,154,000","44,956,000","44,693,000","38,876,000","36,515,000","34,311,000","35,249,000","34,675,000","32,594,000","29,202,000","35,155,000","33,253,000","27,579,000","24,755,000","25,874,000","20,936,000","19,607,000","19,124,000","12,519,000","19,514,000","19,510,000","14,669,000","-23,086,000","20,747,000","25,258,000","25,108,000","27,171,000","28,578,000","30,888,000","33,053,000","32,669,000","45,690,000","46,959,000","25,008,000","55,108,000","20,453,000","79,199,000","22,027,000","16,751,000","15,110,000","27,272,000","25,002,000","17,505,000","15,585,000","11,314,000","14,847,000","14,170,000","14,298,000","11,342,000","9,153,000","12,219,000","7,573,000","12,632,000","11,624,000","-489,000","7,473,000","10,385,000","11,594,000","12,478,000","8,555,000","8,574,000","8,644,000","9,511,000","8,800,000","7,200,000","9,800,000","8,541,000","10,000,000","9,500,000","4,400,000","8,785,000","7,600,000","7,200,000","6,700,000","6,239,000","5,100,000","4,500,000","4,000,000","3,307,271","3,200,000","3,100,000","3,100,000","3,000,000","2,200,000","2,000,000","1,700,000","1,600,000","900,000","600,000","400,000","400,000","400,000","400,000","400,000","300,000","300,000","400,000","300,000","300,000","400,000","400,000","300,000","300,000","300,000","300,000","300,000","300,000","400,000","400,000","300,000","300,000","400,000","400,000","400,000","400,000","400,000","400,000","400,000","400,000","400,000"
BasicEPS,,"0.46","0.37","0.45","0.39","0.3",,"0.3","0.24","0.35","0.34","0.35","0.43","0.44","0.17","0.47","0.4","0.62","0.42","0.35","0.33","0.35","0.37","0.29","0.3","0.44","0.24","0.34","0.28","0.34","0.35","0.31","0.3","0.28","0.29","0.29","0.28","0.26","0.33","0.31","0.26","0.23","0.26","0.24","0.23","0.23",,"0.23","0.24","0.18",,"0.26","0.32","0.32",,"0.39","0.4","0.43",,"0.68","0.71","0.41",,"0.35","1.38","0.4",,"0.28","0.52","0.47",,"0.3","0.22","0.29",,"0.32","0.28","0.23",,"0.19","0.31","0.29",,"0.24","0.34","0.38",,"0.28","0.28","0.29",,"0.29","0.24","0.33",,"0.34","0.32","0.16",,"0.32","0.31","0.31",,"0.31","0.29","0.28",,"0.28","0.27","0.26",,"0.29","0.27","0.22",,"0.24","0.23","0.22",,"0.25","0.26","0.24",,"0.2","0.26","0.23",,"0.25","0.25","0.22",,"0.23","0.24","0.2",,"0.24","0.24","0.22",,"0.26","0.26","0.26",,"0.26","0.26","0.27",,"0.26"
DilutedEPS,,"0.46","0.37","0.45","0.39","0.3",,"0.3","0.24","0.35","0.34","0.35","0.43","0.44","0.17","0.47","0.4","0.62","0.42","0.35","0.33","0.35","0.37","0.28","0.3","0.44","0.24","0.34","0.28","0.34","0.35","0.31","0.3","0.28","0.29","0.29","0.27","0.25","0.32","0.3","0.26","0.23","0.26","0.24","0.23","0.23",,"0.23","0.23","0.18",,"0.26","0.32","0.32",,"0.39","0.4","0.43",,"0.68","0.7","0.41",,"0.35","1.37","0.39",,"0.28","0.51","0.47",,"0.3","0.22","0.29",,"0.32","0.28","0.23",,"0.19","0.31","0.29",,"0.24","0.34","0.38",,"0.28","0.28","0.28",,"0.29","0.23","0.32",,"0.34","0.32","0.15",,"0.32","0.31","0.31",,"0.31","0.29","0.28",,"0.28","0.27","0.26",,"0.29","0.27","0.22",,"0.24","0.23","0.22",,"0.25","0.26","0.24",,"0.2","0.26","0.23",,"0.25","0.25","0.22",,"0.23","0.24","0.2",,"0.24","0.24","0.22",,"0.26","0.26","0.26",,"0.26","0.26","0.27",,"0.26"
BasicAverageShares,,"174,772,243","174,750,000","174,629,442","174,610,897","174,589,300",,"172,681,136","171,389,000","171,039,017","170,763,000","164,883,509","161,893,442","161,105,315","159,193,000","156,852,984","153,810,692","153,041,056","151,791,000","149,341,025","148,372,501","146,930,000","146,266,000","146,111,041","143,443,375","140,840,371","137,111,000","133,892,905","133,267,292","131,665,258","128,332,000","124,554,066","122,490,306","121,575,983","121,118,000","120,287,890","117,813,000","113,491,101","109,393,000","107,487,935","105,992,000","104,840,867","97,605,000","87,109,406","84,409,788","83,122,731",,"82,779,476","82,694,624","82,320,772",,"80,343,958","79,163,140","78,165,859",,"73,717,097","73,070,034","72,314,787",,"66,795,783","66,431,725","60,332,971",,"57,998,523","57,258,741","55,408,126",,"53,651,776","52,164,198","51,868,166",,"51,672,012","51,479,069","50,710,904",,"44,368,735","40,445,121","40,410,574",,"40,304,531","40,262,732","40,638,133",,"30,619,548","30,583,463","30,515,582",,"30,408,187","30,353,348","30,325,685",,"30,344,828","30,000,000","29,696,970",,"29,411,765","29,687,500","27,500,000",,"23,750,000","23,225,806","21,612,903",,"16,451,613","15,517,241","14,285,714",,"11,428,571","11,481,481","11,923,077",,"7,586,207","7,407,407","7,727,273",,"3,750,000","1,818,182","1,818,182",,"1,600,000","1,538,462","1,666,667",,"1,500,000","1,538,462","1,304,348",,"1,600,000","1,600,000","1,363,636",,"1,304,348","1,250,000","1,500,000",,"1,666,667","1,666,667","1,363,636",,"1,538,462","1,538,462","1,538,462",,"1,538,462","1,538,462","1,481,481",,"1,538,462"
DilutedAverageShares,,"174,911,213","174,868,000","174,738,903","174,726,812","174,714,617",,"172,782,266","171,485,000","171,231,828","171,175,000","165,361,731","162,351,901","161,614,074","159,772,000","157,286,165","154,203,938","153,393,383","152,148,000","149,667,609","148,719,470","147,280,000","146,763,000","146,681,592","143,976,712","141,326,003","137,623,000","134,246,098","133,600,656","132,109,965","128,813,000","125,045,097","122,832,524","121,866,951","121,309,000","121,230,232","120,866,000","115,850,253","112,013,000","110,339,705","107,459,000","106,211,366","98,671,000","87,788,250","84,725,968","83,570,438",,"82,915,376","82,825,423","82,446,011",,"80,455,033","79,265,374","78,253,746",,"74,021,518","73,348,473","72,447,395",,"67,029,148","66,663,765","60,471,563",,"58,225,055","57,784,835","56,956,636",,"53,901,276","53,913,934","53,539,294",,"51,969,340","51,767,989","51,051,519",,"45,403,830","40,750,718","40,571,614",,"40,592,453","40,448,937","40,709,657",,"30,906,277","30,707,449","30,544,202",,"30,434,763","30,377,957","30,335,622",,"30,344,828","31,304,348","30,625,000",,"29,411,765","29,687,500","29,333,333",,"23,750,000","23,225,806","21,612,903",,"16,451,613","15,517,241","14,285,714",,"11,428,571","11,481,481","11,923,077",,"7,586,207","7,407,407","7,727,273",,"3,750,000","1,818,182","1,818,182",,"1,600,000","1,538,462","1,666,667",,"1,500,000","1,538,462","1,304,348",,"1,600,000","1,600,000","1,363,636",,"1,304,348","1,250,000","1,500,000",,"1,666,667","1,666,667","1,363,636",,"1,538,462","1,538,462","1,538,462",,"1,538,462","1,538,462","1,481,481",,"1,538,462"
TotalOperatingIncomeAsReported,"454,696,000","118,037,000","114,197,000","116,389,000","106,073,000","112,437,000","93,299,000","87,918,000","77,912,000","115,361,000","103,976,000","96,196,000","108,490,000","108,118,000","145,249,000","94,693,000","93,550,000","91,270,000","83,328,000","86,084,000","82,591,000","85,501,000","85,911,000","70,618,000","75,044,000","77,497,000","75,537,000","76,061,000","67,404,000","69,654,000","72,983,000","66,400,000","64,620,000","62,243,000","62,051,000","62,795,000","59,696,000","54,780,000","52,264,000","47,757,000","50,255,000","48,488,000","46,618,000","41,857,000","38,474,000","37,917,000","30,106,000","36,493,000","36,511,000","31,814,000","9,996,000","37,057,000","36,446,000","36,521,000","35,074,000","39,413,000","37,838,000","34,307,000","32,977,000","31,709,000","30,764,000","27,819,000","25,728,000","20,055,000","21,906,000","27,761,000","21,736,000","19,660,000","22,360,000","20,311,000","18,671,000","20,282,000","17,143,000","22,702,000","19,976,000","20,052,000","18,139,000","15,327,000","17,193,000","16,908,000","17,229,000","18,585,000","5,170,000","13,488,000","15,716,000","16,368,000","16,526,000","16,324,000","15,727,000","16,458,000",,,,,,,,,,,,,,,,,,,,,,,,,,,,,,,,,,,,,,,,,,,,,,,,,,,,,,,,,,
RentExpenseSupplemental,"253,000","88,000","57,000","86,000","22,000","38,000","40,000","0","0","36,000","83,000","51,000","75,000","52,000",,,,,,,,,,,,,,,,,,,,,,,,,,,,,,,,,,,,,,,,,,,,,,,,,,,,,,,,,,,,,,,,,,,,,,,,,,,,,,,,,,,,,,,,,,,,,,,,,,,,,,,,,,,,,,,,,,,,,,,,,,,,,,,,,,,,,,
TotalExpenses,"279,965,000","71,008,000","70,913,000","68,660,000","69,384,000","69,491,000","66,440,000","65,168,000","64,654,000","66,959,000","65,570,000","63,831,000","62,192,000","62,846,000","60,036,000","56,781,000","57,873,000","59,057,000","59,019,000","61,316,000","55,570,000","54,725,000","54,950,000","53,028,000","49,791,000","48,691,000","50,081,000","47,032,000","46,690,000","45,505,000","42,134,000","43,358,000","40,827,000","41,267,000","40,007,000","37,810,000","36,265,000","35,973,000","33,423,000","29,995,000","37,562,000","41,394,000","40,206,000","38,005,000","36,225,000","32,756,000","35,128,000","29,388,000","29,157,000","27,665,000","30,137,000","27,331,000","21,171,000","20,711,000","26,068,000","19,160,000","19,188,000","20,156,000","18,553,000","15,308,000","15,657,000","15,226,000","23,585,000","11,903,000","13,805,000","13,889,000","20,924,000","14,912,000","13,277,000","12,770,000","13,728,000","13,157,000","16,117,000","13,189,000","11,085,000","6,970,000","5,955,000","5,833,000","5,634,000","5,307,000","5,920,000","5,791,000","15,184,000","5,703,000","4,388,000","4,509,000","4,026,000","3,844,000","3,857,000","4,129,000","46,470,000","-3,100,000","-5,300,000","-7,000,000","27,094,000","-1,700,000","-1,600,000","-6,200,000","15,425,000","-2,000,000","-1,900,000","-1,700,000","9,997,000","-1,400,000","-1,200,000","-1,100,000","6,438,721","-900,000","-800,000","-700,000","-700,000","-600,000","-600,000","-400,000","-500,000","-300,000","-200,000","-300,000","-300,000","-200,000","-100,000","-100,000","-100,000","-200,000","-100,000","-100,000","-100,000","-100,000","-100,000","-100,000","0","-100,000","-100,000",,,,,,,,,,,,,,,
NetIncomeFromContinuingAndDiscontinuedOperation,"314,898,000","81,372,000","77,570,000","82,933,000","73,023,000","56,587,000","61,287,000","56,069,000","46,265,000","65,178,000","73,786,000","66,693,000","78,678,000","80,023,000","93,611,000","67,684,000","66,467,000","64,684,000","56,377,000","57,935,000","54,973,000","59,033,000","61,467,000","46,279,000","50,764,000","53,808,000","41,166,000","53,284,000","46,158,000","46,778,000","50,654,000","44,584,000","42,517,000","41,577,000","44,241,000","44,352,000","37,486,000","34,066,000","40,662,000","38,015,000","33,505,000","29,832,000","27,570,000","22,632,000","21,303,000","20,820,000","14,215,000","21,210,000","21,206,000","16,365,000","-21,390,000","22,443,000","26,954,000","26,804,000","28,867,000","30,274,000","30,888,000","33,053,000","34,365,000","47,386,000","48,655,000","26,704,000","57,401,000","21,455,000","80,201,000","23,448,000","12,210,000","16,530,000","5,083,000","26,004,000","18,926,000","17,005,000","12,735,000","16,268,000","15,591,000","15,384,000","12,344,000","10,154,000","13,222,000","8,575,000","13,512,000","12,749,000","-489,000","7,473,000","10,385,000","11,594,000","12,845,000","8,555,000","8,574,000","8,644,000","9,511,000","8,800,000","6,600,000","9,800,000","8,541,000","10,000,000","9,500,000","4,400,000","8,785,000","7,600,000","7,200,000","6,700,000","6,239,000","5,100,000","4,500,000","4,000,000","3,307,271","3,200,000","3,100,000","3,100,000","3,000,000","2,200,000","2,000,000","1,700,000","1,600,000","900,000","600,000","400,000","400,000","400,000","400,000","400,000","300,000","300,000","400,000","300,000","300,000","400,000","400,000","300,000","300,000","300,000","300,000","300,000","300,000","400,000","400,000","300,000","300,000","400,000","400,000","400,000","400,000","400,000","400,000","400,000","400,000","400,000"
NormalizedIncome,"316,246,200","82,112,400","79,140,230","79,507,840","75,617,420","70,586,940","63,874,850","60,118,310","61,693,550","72,056,060","76,642,490","72,993,630","74,433,050","74,767,000","73,122,090","70,499,610","69,456,350","66,515,570","61,117,000","58,118,000","59,406,400","59,756,600","61,848,000","57,285,000","57,135,000","54,729,000","41,805,386.486","53,530,481.628","48,084,000","48,389,789.89","51,686,850","44,539,187.085","42,663,295.672","41,973,100","43,124,908.916","43,188,865.833","36,285,115.543","35,407,800","33,102,069.03","42,024,650","33,971,812.44","29,290,000","26,195,646.3","22,293,000","21,437,360.791","20,775,850","18,805,250","20,277,000","20,710,190.429","19,834,924.177","2,897,200","21,957,000","24,657,600","24,862,100","31,212,250","26,549,300","25,149,800","24,120,300","22,989,950","22,534,900","21,914,000","20,583,200","29,373,200","17,347,800","16,327,400","11,236,025.912","8,198,800","12,709,000","2,715,800","14,296,600","12,258,000","12,688,000","11,082,400","15,030,200","12,184,800","13,691,000","11,777,400","10,571,400","10,778,800","11,280,000","11,277,800","12,694,400","-1,063,800","7,607,400","10,904,000","12,400,400","12,845,000","8,555,000","8,574,000","8,644,000","9,511,000","8,800,000","6,600,000","9,800,000","11,181,000","9,220,000","9,500,000","4,400,000","8,785,000","7,600,000","7,200,000","6,700,000","6,239,000","5,100,000","4,500,000","4,000,000","3,307,271","3,200,000","3,100,000","3,100,000","3,000,000","2,200,000","2,000,000","1,700,000","1,600,000","900,000","600,000","400,000","400,000","400,000","400,000","400,000","300,000","300,000","400,000","300,000","300,000","400,000","400,000","300,000","300,000","300,000","300,000","300,000","300,000","400,000","400,000","300,000","300,000","400,000","400,000","400,000","400,000","400,000","400,000","400,000","400,000","400,000"
InterestIncome,"186,000","35,000","57,000","61,000","33,000","65,000","72,000","74,000","106,000","164,000","200,000","501,000","487,000","1,924,000","1,552,000","195,000","37,000","25,000","83,000","64,000","37,000","137,000","62,000","17,000","72,000","19,000","42,000","20,000","35,000","11,000","112,000","87,000","94,000","63,000","60,000","722,000","377,000","334,000","319,000","1,194,000","361,000","386,000","428,000","457,000","283,000","342,000","343,000","332,000","586,000","252,000","350,000","262,000","416,000","347,000",,,,,,,,,,,,,,,,,,,,,,,,,,,,,,,,,,,,,,,,,,,,,,,,,,,,,,,,,,,,,,,,,,,,,,,,,,,,,,,,,,,,,,,,,,,,,,
InterestExpense,"139,986,000","36,699,000","36,684,000","33,518,000","33,085,000","34,587,000","32,084,000","31,924,000","31,753,000","33,670,000","30,307,000","29,948,000","29,811,000","29,957,000","34,941,000","27,194,000","27,110,000","26,602,000","27,017,000","28,204,000","27,274,000","26,614,000","24,429,000","24,257,000","24,081,000","23,586,000","24,548,000","21,996,000","21,678,000","21,786,000","21,829,000","21,641,000","21,761,000","20,278,000","20,073,000","19,989,000","23,394,000","21,827,000","20,597,000","22,866,000","19,394,000","19,645,000","19,585,000","20,086,000","17,512,000","17,662,000","16,655,000","16,501,000","16,034,000","15,989,000","15,667,000","15,618,000","15,436,000","15,431,000","13,660,000","14,791,000","14,665,000",,,,,,,,,,,,,,,,,,,,,,,,,,,,,,,,,,,,,,,,,,,,,,,,,,,,,,,,,,,,,,,,,,,,,,,,,,,,,,,,,,,,,,,,,,,
NetInterestIncome,"-139,800,000","-36,664,000","-36,627,000","-33,457,000","-33,052,000","-34,522,000","-32,012,000","-31,850,000","-31,647,000","-33,506,000","-30,107,000","-29,447,000","-29,324,000","-28,033,000","-33,389,000","-26,999,000","-27,073,000","-26,577,000","-26,934,000","-28,140,000","-27,237,000","-26,477,000","-24,367,000","-24,240,000","-24,009,000","-23,567,000","-24,506,000","-21,976,000","-21,643,000","-21,775,000","-21,717,000","-21,554,000","-21,667,000","-20,215,000","-20,013,000","-19,267,000","-23,017,000","-21,493,000","-20,278,000","-21,672,000","-19,033,000","-19,259,000","-19,157,000","-19,629,000","-17,229,000","-17,320,000","-16,312,000","-16,169,000","-15,448,000","-15,737,000","-15,317,000","-15,356,000","-15,020,000","-15,084,000","-9,912,000","-14,791,000","-14,665,000",,,,,,,,,,,,,,,,,,,,,,,,,,,,,,,,,,,,,,,,,,,,,,,,,,,,,,,,,,,,,,,,,,,,,,,,,,,,,,,,,,,,,,,,,,,
EBIT,"454,882,000","118,072,000","114,254,000","116,450,000","106,106,000","91,174,000","93,371,000","87,992,000","78,018,000","98,846,000","104,093,000","96,646,000","108,902,000","109,990,000","128,561,000","94,888,000","93,587,000","91,295,000","83,411,000","86,148,000","82,628,000","85,638,000","85,930,000","70,524,000","74,836,000","77,387,000","75,546,000","75,882,000","67,343,000","69,066,000","71,704,000","66,487,000","64,714,000","62,306,000","62,111,000","63,517,000","60,073,000","55,114,000","52,583,000","48,951,000","50,616,000","48,874,000","47,343,000","42,314,000","38,757,000","38,259,000","30,449,000","36,825,000","37,097,000","32,066,000","10,346,000","37,319,000","36,862,000","36,868,000","35,775,000","40,231,000","38,846,000","35,044,000","33,972,000","32,475,000","30,764,000","27,487,000","16,949,000","26,171,000","24,328,000","29,581,000","19,986,000","20,082,000","23,101,000","20,311,000","18,671,000","20,282,000","17,143,000","22,702,000","17,563,000","20,052,000","18,139,000","17,740,000","17,193,000","18,790,000","17,229,000","18,585,000","5,170,000","13,488,000","15,716,000","16,368,000","16,526,000","16,324,000","15,727,000","16,458,000","-32,427,000","22,100,000","24,500,000","30,900,000","-11,082,000","18,900,000","16,900,000","21,700,000","-2,090,000","15,200,000","13,900,000","13,000,000","-328,000","10,600,000","8,800,000","8,000,000","-558,341","6,200,000","5,500,000","5,100,000","4,600,000","3,700,000","3,400,000","2,800,000","2,800,000","1,700,000","1,200,000","1,100,000","1,100,000","1,100,000","600,000","600,000","500,000","700,000","600,000","600,000","600,000","600,000","600,000","500,000","400,000","600,000","600,000","400,000","900,000","500,000","500,000","400,000","800,000","500,000","500,000","500,000","900,000","500,000","500,000","500,000","900,000","500,000"
EBITDA,"662,802,000"
ReconciledCostOfRevenue,"27,858,000","7,198,000","7,520,000","6,521,000","6,619,000","7,725,000","8,058,000","6,345,000","6,323,000","7,635,000","7,258,000","6,706,000","6,600,000","7,093,000","7,650,000","5,760,000","5,828,000","5,862,000","6,465,000","5,553,000","5,424,000","5,663,000","6,555,000","4,942,000","4,567,000","4,787,000","5,575,000","4,782,000","4,658,000","4,759,000","5,236,000","4,580,000","4,746,000","4,340,000","5,446,000","4,271,000","4,240,000","3,904,000","-13,911,000","3,800,000","11,418,000","15,528,000","27,693,000","11,386,000","15,649,000","12,429,000","12,902,000","8,441,000","11,235,000","0","15,712,000","0","0","0",,,,,,,,,,,,,,,,,,,,,,,,,,,,,,,,,,,,,,,,,,,,,,,,,,,,,,,,,,,,,,,,,,,,,,,,,,,,,,,,,,,,,,,,,,,,,,
ReconciledDepreciation,"207,920,000","52,680,000","53,389,000","50,976,000","50,875,000","49,980,000","49,095,000","49,404,000","48,936,000","49,188,000","48,102,000","48,348,000","46,241,000","46,180,000","44,118,000","42,478,000","43,304,000","44,498,000","43,842,000","48,409,000","41,326,000","40,143,000","38,987,000","38,970,000","36,489,000","34,655,000","34,848,000","33,607,000","34,202,000","32,141,000","30,375,000","29,771,000","28,007,000","28,012,000","27,194,000","26,005,000","22,613,000","23,805,000","20,408,000","17,543,000","19,120,000","18,263,000","16,015,000","15,124,000","14,008,000","13,670,000","12,857,000","12,035,000","12,147,000","12,045,000","12,775,000","11,509,000","12,211,000","11,990,000","12,493,000","11,653,000","11,031,000","10,225,000","9,950,000","8,298,000","7,760,000","6,968,000","6,670,000","5,694,000","5,556,000","6,604,000","2,731,000","6,899,000","8,134,000","4,586,000","3,785,000","5,083,000","4,265,000","4,265,000","4,049,000","3,515,000","3,053,000","2,952,000","2,940,000","2,953,000","2,908,000","2,941,000","2,335,000","2,462,000","2,206,000","2,208,000","2,342,000","2,204,000","2,254,000","2,288,000","2,434,000","2,100,000","2,100,000","2,000,000","1,859,000","1,700,000","1,600,000","1,600,000","1,402,000","1,400,000","1,300,000","1,200,000","1,052,000","1,000,000","800,000","700,000","558,197","600,000","500,000","400,000","400,000","300,000","400,000","200,000","200,000","200,000","100,000","100,000","100,000","200,000",,,"100,000","100,000","0","100,000","100,000","100,000","0","100,000",,"100,000",,,,,,,,,,,,,,,,
NetIncomeFromContinuingOperationNetMinorityInterest,"314,898,000","81,372,000","77,570,000","82,933,000","73,023,000","56,587,000","61,287,000","56,069,000","46,265,000","65,178,000","73,786,000","66,693,000","78,678,000","80,023,000","93,611,000","67,684,000","66,467,000","64,684,000","56,377,000","57,935,000","54,973,000","59,033,000","61,467,000","46,279,000","50,764,000","53,808,000","41,166,000","53,284,000","46,158,000","46,778,000","50,654,000","44,442,000","42,499,000","41,613,000","41,963,000","43,173,000","36,127,000","34,230,000","31,897,000","37,305,000","31,266,000","29,290,000","27,275,000","22,293,000","21,173,000","20,692,000","13,862,000","20,277,000","20,547,000","16,173,000","-15,009,000","21,957,000","23,966,000","24,320,000","28,739,000","27,081,000","25,805,000","23,105,000","22,559,000","22,037,000","21,914,000","20,799,000","30,371,000","13,743,000","15,212,000","15,335,000","10,030,000","12,373,000","2,498,000","14,578,000","12,258,000","13,381,000","11,854,000","15,782,000","15,537,000","14,306,000","12,492,000","9,582,000","11,488,000","10,305,000","11,960,000","12,749,000","-489,000","7,473,000","10,385,000","11,594,000","12,845,000","8,555,000","8,574,000","8,644,000","9,511,000","8,800,000","6,600,000","9,800,000","8,541,000","10,000,000","9,500,000","4,400,000","8,785,000","7,600,000","7,200,000","6,700,000","6,239,000","5,100,000","4,500,000","4,000,000","3,307,271","3,200,000","3,100,000","3,100,000","3,000,000","2,200,000","2,000,000","1,700,000","1,600,000","900,000","600,000","400,000","400,000","400,000","400,000","400,000","300,000","300,000","400,000","300,000","300,000","400,000","400,000","300,000","300,000","300,000","300,000","300,000","300,000","400,000","400,000","300,000","300,000","400,000","400,000","400,000","400,000","400,000","400,000","400,000","400,000","400,000"
TotalUnusualItemsExcludingGoodwill,"-2,247,000","-1,234,000","-2,151,000","4,692,000","-3,554,000","-19,178,000","-3,545,000","-5,547,000","-21,135,000","-9,422,000","-3,913,000","-8,631,000","5,815,000","7,200,000","28,067,000","-3,857,000","-4,095,000","-2,509,000","-7,900,000","-305,000","-7,389,000","-1,206,000","-381,000","-11,006,000","-6,371,000","-921,000","-792,000","-249,000","-3,210,000","-1,627,000","-1,589,000","-98,000","-166,000","-554,000","-1,169,000","-16,000","-160,000","-1,812,000","-1,209,000","-7,261,000","-2,718,000","0","1,100,000","0","-267,000","-129,000","-7,605,000","0","-165,000","-3,683,000","-27,548,000","0","-1,064,000","-834,000","-3,805,000","818,000","1,008,000","-1,562,000","-663,000","-766,000","0","332,000","1,663,000","-6,008,000","-1,859,000","4,624,000","3,052,000","-560,000","-363,000","469,000",,"1,155,000","1,286,000","1,253,000","5,587,000","1,025,000","1,191,000","-1,649,000","1,182,000","-1,625,000","1,137,000","91,000","958,000","-224,000","-865,000","-1,344,000",,,,,"0",,,,"-4,400,000","1,300,000",,,,,,,,,,,,,,,,,,,,,,,,,,,,,,,,,,,,,,,,,,,,,,,,,,,,
TotalUnusualItems,"-2,247,000","-1,234,000","-2,151,000","4,692,000","-3,554,000","-19,178,000","-3,545,000","-5,547,000","-21,135,000","-9,422,000","-3,913,000","-8,631,000","5,815,000","7,200,000","28,067,000","-3,857,000","-4,095,000","-2,509,000","-7,900,000","-305,000","-7,389,000","-1,206,000","-381,000","-11,006,000","-6,371,000","-921,000","-792,000","-249,000","-3,210,000","-1,627,000","-1,589,000","-98,000","-166,000","-554,000","-1,169,000","-16,000","-160,000","-1,812,000","-1,209,000","-7,261,000","-2,718,000","0","1,100,000","0","-267,000","-129,000","-7,605,000","0","-165,000","-3,683,000","-27,548,000","0","-1,064,000","-834,000","-3,805,000","818,000","1,008,000","-1,562,000","-663,000","-766,000","0","332,000","1,663,000","-6,008,000","-1,859,000","4,624,000","3,052,000","-560,000","-363,000","469,000",,"1,155,000","1,286,000","1,253,000","5,587,000","1,025,000","1,191,000","-1,649,000","1,182,000","-1,625,000","1,137,000","91,000","958,000","-224,000","-865,000","-1,344,000",,,,,"0",,,,"-4,400,000","1,300,000",,,,,,,,,,,,,,,,,,,,,,,,,,,,,,,,,,,,,,,,,,,,,,,,,,,,
NormalizedEBITDA,"665,049,000","171,986,000","169,794,000","162,734,000","160,535,000","160,332,000","146,011,000","142,943,000","148,089,000","157,456,000","156,108,000","153,625,000","149,328,000","148,970,000","144,612,000","141,224,000","140,986,000","138,302,000","135,153,000","134,862,000","131,343,000","126,987,000","125,298,000","120,500,000","117,696,000","112,963,000","111,186,000","109,738,000","104,755,000","102,834,000","103,668,000","96,356,000","92,887,000","90,872,000","90,474,000","89,538,000","82,846,000","80,731,000","74,200,000","73,755,000","72,454,000","67,137,000","62,258,000","57,438,000","53,032,000","52,058,000","50,911,000","48,860,000","49,409,000","47,794,000","50,669,000","48,828,000","50,137,000","49,692,000","52,073,000","51,066,000","48,869,000","46,831,000","44,585,000","41,539,000","38,524,000","34,123,000","21,956,000","37,967,000","31,743,000","31,561,000","23,382,000","27,541,000","31,598,000","24,428,000","23,002,000","24,210,000","20,122,000","25,714,000","16,025,000","22,542,000","20,001,000","22,341,000","18,951,000","23,368,000","19,000,000","21,435,000","6,547,000","16,174,000","18,787,000","19,920,000","18,868,000","18,528,000","17,981,000","18,746,000","-29,993,000","24,200,000","26,600,000","32,900,000","-4,823,000","19,300,000","18,500,000","23,300,000","-688,000","16,600,000","15,200,000","14,200,000","724,000","11,600,000","9,600,000","8,700,000","-144","6,800,000","6,000,000","5,500,000","5,000,000","4,000,000","3,800,000","3,000,000","3,000,000","1,900,000","1,300,000","1,200,000","1,200,000","1,300,000","600,000","600,000","600,000","800,000","600,000","700,000","700,000","700,000","600,000","600,000","400,000","700,000","600,000","400,000","900,000","500,000","500,000","400,000","800,000","500,000","500,000","500,000","900,000","500,000","500,000","500,000","900,000","500,000"
TaxRateForCalcs,"0.4","0.4","0.27","0.27","0.27","0.27","0.27","0.27","0.27","0.27","0.27","0.27","0.27","0.27","0.27","0.27","0.27","0.27","0.4","0.4","0.4","0.4","0","0","0","0","0.193","0.01","0.4","0.009","0.35","0.008","0.01","0.35","0.006","0.008","0.012","0.35","0.003","0.35","0.004","0.003","0.019","0.003","0.01","0.35","0.35","0.008","0.011","0.006","0.35","0.35","0.35","0.35","0.35","0.35","0.35","0.35","0.35","0.35","0.35","0.35","0.4","0.4","0.4","0.114","0.4","0.4","0.4","0.4","0.4","0.4","0.4","0.4","0.4","0.4","0.4","0.4","0.4","0.4","0.4","0.4","0.4","0.4","0.4","0.4","0.4","0.4","0.4","0.4","0.4","0.4","0.4","0.4","0.4","0.4","0.4","0.4","0.4","0.4","0.4","0.4","0.4","0.4","0.4","0.4","0.4","0.4","0.4","0.4","0.4","0.4","0.4","0.4","0.4","0.4","0.4","0.4","0.4","0.4","0.4","0.4","0.4","0.4","0.4","0.4","0.4","0.4","0.4","0.4","0.4","0.4","0.4","0.4","0.4","0.4","0.4","0.4","0.4","0.4","0.4","0.4","0.4","0.4","0.4","0.4","0.4","0.4"
TaxEffectOfUnusualItems,"-898,800","-493,600","-580,770","1,266,840","-959,580","-5,178,060","-957,150","-1,497,690","-5,706,450","-2,543,940","-1,056,510","-2,330,370","1,570,050","1,944,000","7,578,090","-1,041,390","-1,105,650","-677,430","-3,160,000","-122,000","-2,955,600","-482,400","0","0","0","0","-152,613.514","-2,518.372","-1,284,000","-15,210.11","-556,150","-812.915","-1,704.328","-193,900","-7,091.084","-134.167","-1,884.457","-634,200","-3,930.97","-2,541,350","-12,187.56","0","20,646.3","0","-2,639.209","-45,150","-2,661,750","0","-1,809.571","-21,075.823","-9,641,800","0","-372,400","-291,900","-1,331,750","286,300","352,800","-546,700","-232,050","-268,100","0","116,200","665,200","-2,403,200","-743,600","525,025.912","1,220,800","-224,000","-145,200","187,600","0","462,000","514,400","501,200","2,234,800","410,000","476,400","-659,600","472,800","-650,000","454,800","36,400","383,200","-89,600","-346,000","-537,600","0","0","0","0","0","0","0","0","-1,760,000","520,000","0","0","0","0","0","0","0","0","0","0","0","0","0","0","0","0","0","0","0","0","0","0","0","0","0","0","0","0","0","0","0","0","0","0","0","0","0","0","0","0","0","0","0","0","0","0","0","0","0","0","0","0"