name,ttm,03/31/2022,12/31/2021,09/30/2021,06/30/2021,03/31/2021,12/31/2020,09/30/2020,06/30/2020,03/31/2020,12/31/2019,09/30/2019,06/30/2019,03/31/2019,12/31/2018,09/30/2018,06/30/2018,03/31/2018,12/31/2017,09/30/2017,06/30/2017,03/31/2017,12/31/2016,09/30/2016,06/30/2016,03/31/2016,12/31/2015,09/30/2015,06/30/2015,03/31/2015,12/31/2014,09/30/2014,06/30/2014,03/31/2014,12/31/2013,09/30/2013,06/30/2013,03/31/2013,12/31/2012,09/30/2012,06/30/2012,03/31/2012,12/31/2011,09/30/2011,06/30/2011,03/31/2011,12/31/2010,09/30/2010,06/30/2010,03/31/2010,12/31/2009,09/30/2009,06/30/2009,03/31/2009,12/31/2008,09/30/2008,06/30/2008,03/31/2008,12/31/2007,09/30/2007,06/30/2007,03/31/2007,12/31/2006,09/30/2006,06/30/2006,03/31/2006,12/31/2005,09/30/2005,06/30/2005,03/31/2005,12/31/2004,09/30/2004,06/30/2004,03/31/2004,12/31/2003,09/30/2003,06/30/2003,03/31/2003,12/31/2002,09/30/2002,06/30/2002,03/31/2002,12/31/2001,09/30/2001,06/30/2001,03/31/2001,12/31/2000,09/30/2000,06/30/2000,03/31/2000,12/31/1999,09/30/1999,06/30/1999,03/31/1999,12/31/1998,09/30/1998,06/30/1998,03/31/1998,12/31/1997,09/30/1997,06/30/1997,03/31/1997,12/31/1996,09/30/1996
TotalRevenue,"5,823,000,000","1,548,000,000","1,517,000,000","1,341,000,000","1,417,000,000","1,249,000,000","1,327,000,000","1,384,000,000","1,496,000,000","1,883,000,000","2,281,000,000","2,126,000,000","2,132,000,000","1,940,000,000","2,398,000,000","2,154,000,000","2,106,000,000","1,795,000,000","1,969,000,000","1,835,000,000","1,759,000,000","1,741,000,000","1,692,000,000","1,646,000,000","1,724,000,000","2,189,000,000","2,722,000,000","3,306,000,000","3,909,000,000","4,820,000,000","5,709,000,000","5,587,000,000","5,255,000,000","5,777,000,000","6,172,000,000","5,789,000,000","5,601,000,000","5,307,000,000","5,685,000,000","5,319,000,000","4,734,000,000","4,303,000,000","4,259,000,000","3,740,000,000","3,513,000,000","3,146,000,000","3,172,000,000","3,011,000,000","2,941,000,000","3,032,000,000","3,134,000,000","3,087,000,000","3,010,000,000","3,481,000,000","3,810,200,000","3,611,600,000","3,324,200,000","2,685,400,000","2,658,900,000","2,579,500,000","2,384,900,000","2,165,700,000","2,078,700,000","1,777,900,000","1,657,400,000","1,511,800,000","1,377,400,000","1,236,500,000","1,215,700,000","814,900,000","669,448,000","618,892,000","533,555,000","496,205,000","530,346,000","498,600,000","475,398,000","500,576,000","393,641,000","366,929,000","372,390,000","388,986,000","465,743,000","486,812,000","434,628,000","360,272,000","329,399,000","286,325,000","270,305,000","229,386,000","198,300,000","168,200,000","159,100,000","185,200,000","268,800,000","306,500,000","294,800,000","301,900,000","299,900,000","265,000,000","197,900,000","176,200,000","180,500,000","173,500,000"
	OperatingRevenue,"5,823,000,000","1,548,000,000","1,517,000,000","1,341,000,000","1,417,000,000","1,249,000,000","1,327,000,000","1,384,000,000","1,496,000,000","1,883,000,000","2,281,000,000","2,126,000,000","2,132,000,000","1,940,000,000","2,398,000,000","2,154,000,000","2,106,000,000","1,795,000,000","1,969,000,000","1,835,000,000","1,759,000,000","1,741,000,000","1,692,000,000","1,646,000,000","1,724,000,000","2,189,000,000","2,722,000,000","3,306,000,000","3,909,000,000","4,820,000,000","5,709,000,000","5,587,000,000","5,255,000,000","5,777,000,000","6,172,000,000","5,789,000,000","5,601,000,000","5,307,000,000","5,685,000,000","5,319,000,000","4,734,000,000","4,303,000,000","4,259,000,000","3,740,000,000","3,513,000,000","3,146,000,000","3,172,000,000","3,011,000,000","2,941,000,000","3,032,000,000","3,134,000,000","3,087,000,000","3,010,000,000","3,481,000,000","3,810,200,000","3,611,600,000","3,324,200,000","2,685,400,000","2,658,900,000","2,579,500,000","2,384,900,000","2,165,700,000","2,078,700,000","1,777,900,000","1,657,400,000","1,511,800,000","1,377,400,000","1,236,500,000","1,215,700,000","814,900,000","669,448,000","618,892,000","533,555,000","496,205,000","530,346,000","498,600,000","475,398,000","500,576,000","393,641,000","366,929,000","372,390,000","388,986,000","465,743,000","486,812,000","434,628,000","360,272,000","329,399,000","286,325,000","270,305,000","229,386,000","198,300,000","168,200,000","159,100,000","185,200,000","268,800,000","306,500,000","294,800,000","301,900,000","299,900,000","265,000,000","197,900,000","176,200,000","180,500,000","173,500,000"
CostOfRevenue,"4,991,000,000","1,334,000,000","1,315,000,000","1,156,000,000","1,186,000,000","1,093,000,000","1,393,000,000","1,245,000,000","1,359,000,000","1,659,000,000","1,905,000,000","1,975,000,000","2,070,000,000","1,684,000,000","1,989,000,000","1,761,000,000","1,751,000,000","1,508,000,000","1,802,000,000","1,550,000,000","1,528,000,000","1,532,000,000","2,151,000,000","1,567,000,000","1,689,000,000","1,945,000,000","2,334,000,000","2,634,000,000","3,054,000,000","3,643,000,000","4,168,000,000","4,059,000,000","3,800,000,000","4,381,000,000","4,675,000,000","4,327,000,000","4,335,000,000","4,043,000,000","4,291,000,000","3,948,000,000","3,428,000,000","3,036,000,000","2,984,000,000","2,576,000,000","2,430,000,000","2,171,000,000","2,175,000,000","2,066,000,000","2,013,000,000","2,070,000,000","2,155,000,000","2,196,000,000","2,135,000,000","2,442,000,000","2,616,800,000","2,511,600,000","2,342,700,000","1,888,800,000","1,867,800,000","1,839,200,000","1,701,100,000","1,550,700,000","1,511,300,000","1,335,200,000","1,256,700,000","1,162,000,000","1,065,900,000","977,800,000","960,500,000","653,100,000","526,149,000","486,929,000","415,965,000","392,657,000","415,512,000","378,819,000","366,281,000","380,131,000","300,759,000","278,396,000","284,986,000","295,941,000","352,481,000","366,907,000","331,134,000","269,099,000","235,215,000","213,728,000","201,539,000","180,048,000","153,700,000","133,300,000","121,900,000","139,700,000","203,900,000","225,600,000","217,500,000","232,800,000","226,500,000","201,200,000","164,300,000","149,000,000","153,300,000","147,800,000"
GrossProfit,"832,000,000","214,000,000","202,000,000","185,000,000","231,000,000","156,000,000","-66,000,000","139,000,000","137,000,000","224,000,000","376,000,000","151,000,000","62,000,000","256,000,000","409,000,000","393,000,000","355,000,000","287,000,000","167,000,000","285,000,000","231,000,000","209,000,000","-459,000,000","79,000,000","35,000,000","244,000,000","388,000,000","672,000,000","855,000,000","1,177,000,000","1,541,000,000","1,528,000,000","1,455,000,000","1,396,000,000","1,497,000,000","1,462,000,000","1,266,000,000","1,264,000,000","1,394,000,000","1,371,000,000","1,306,000,000","1,267,000,000","1,275,000,000","1,164,000,000","1,083,000,000","975,000,000","997,000,000","945,000,000","928,000,000","962,000,000","979,000,000","891,000,000","875,000,000","1,039,000,000","1,193,400,000","1,100,000,000","981,500,000","796,600,000","791,100,000","740,300,000","683,800,000","615,000,000","567,400,000","442,700,000","400,700,000","349,800,000","311,500,000","258,700,000","255,200,000","161,800,000","143,299,000","131,963,000","117,590,000","103,548,000","114,834,000","119,781,000","109,117,000","120,445,000","92,882,000","88,533,000","87,404,000","93,045,000","113,262,000","119,905,000","103,494,000","91,173,000","94,184,000","72,597,000","68,766,000","49,338,000","44,600,000","34,900,000","37,200,000","45,500,000","64,900,000","80,900,000","77,300,000","69,100,000","73,400,000","63,800,000","33,600,000","27,200,000","27,200,000","25,700,000"
OperatingExpense,"899,000,000","235,000,000","217,000,000","228,000,000","219,000,000","244,000,000","235,000,000","213,000,000","237,000,000","283,000,000","289,000,000","293,000,000","417,000,000","304,000,000","322,000,000","320,000,000","303,000,000","288,000,000","278,000,000","292,000,000","293,000,000","306,000,000","307,000,000","293,000,000","305,000,000","433,000,000","386,000,000","383,000,000","417,000,000","607,000,000","524,000,000","540,000,000","542,000,000","535,000,000","540,000,000","516,000,000","497,000,000","513,000,000","491,000,000","473,000,000","427,000,000","390,000,000","427,000,000","392,000,000","375,000,000","366,000,000","373,000,000","349,000,000","338,000,000","325,000,000","390,000,000","279,000,000","342,000,000","319,000,000","326,400,000","337,700,000","289,800,000","228,100,000","216,400,000","194,900,000","186,600,000","187,900,000","186,200,000","157,200,000","154,100,000","152,000,000","147,700,000","113,700,000","153,100,000","95,900,000","87,862,000","82,835,000","79,307,000","77,796,000","84,076,000","75,940,000","68,156,000","77,017,000","60,414,000","56,631,000","55,167,000","55,329,000","63,907,000","63,003,000","56,703,000","54,944,000","63,303,000","50,358,000","55,137,000","40,107,000","36,300,000","34,100,000","33,500,000","35,200,000","41,000,000","42,500,000","37,400,000","33,800,000","38,800,000","35,100,000","19,300,000","15,900,000","16,200,000","15,500,000"
	SellingGeneralAndAdministration,"899,000,000","235,000,000","217,000,000","228,000,000","219,000,000","244,000,000","235,000,000","213,000,000","237,000,000","283,000,000","289,000,000","293,000,000","417,000,000","304,000,000","322,000,000","320,000,000","303,000,000","288,000,000","278,000,000","292,000,000","293,000,000","306,000,000","307,000,000","293,000,000","305,000,000","433,000,000","386,000,000","383,000,000","417,000,000","607,000,000","524,000,000","540,000,000","542,000,000","535,000,000","540,000,000","516,000,000","497,000,000","513,000,000","491,000,000","473,000,000","427,000,000","390,000,000","427,000,000","392,000,000","375,000,000","366,000,000","373,000,000","349,000,000","338,000,000","325,000,000","390,000,000","279,000,000","342,000,000","319,000,000","326,400,000","309,700,000","273,400,000","228,100,000","216,400,000","194,900,000","186,600,000","187,900,000","186,200,000","157,200,000","154,100,000","152,000,000","149,800,000","106,100,000","137,800,000","95,900,000","87,862,000","82,835,000","79,307,000","77,796,000","84,076,000","75,940,000","68,156,000","77,017,000","60,414,000","56,631,000","55,167,000","55,329,000","63,907,000","63,003,000","56,703,000","54,944,000","54,082,000","42,046,000","44,555,000","33,188,000","28,800,000","29,200,000","28,100,000","29,800,000","35,700,000","37,400,000","32,900,000","29,500,000","34,600,000","26,700,000","18,100,000","15,000,000","15,500,000","14,500,000"
	DepreciationAmortizationDepletionIncomeStatement,,,,,,,,,,,,,,,,,,,,,,,,,,,,,,,,,,,,,,,,,,,,,,,,,,,,,,,,,,,,,,,,,,,,,,,,,,,,,,,,,,,,,,,"9,221,000","8,312,000","10,582,000","6,919,000","7,500,000","4,900,000","5,400,000","5,400,000","5,300,000","5,100,000","4,500,000","4,300,000","4,200,000","8,400,000","1,200,000","900,000","700,000","1,000,000"
		DepreciationAndAmortizationInIncomeStatement,,,,,,,,,,,,,,,,,,,,,,,,,,,,,,,,,,,,,,,,,,,,,,,,,,,,,,,,,,,,,,,,,,,,,,,,,,,,,,,,,,,,,,,"9,221,000","8,312,000","10,582,000","6,919,000","7,500,000","4,900,000","5,400,000","5,400,000","5,300,000","5,100,000","4,500,000","4,300,000","4,200,000","8,400,000","1,200,000","900,000","700,000","1,000,000"
	OtherOperatingExpenses,,,,,,,,,,,,,,,,,,,,,,,,,"117,000,000","141,000,000","1,773,000,000","112,000,000","17,000,000","122,000,000","163,000,000","1,000,000",,"19,000,000","16,000,000","-92,000,000","57,000,000","73,000,000","51,000,000","57,000,000","28,000,000",,,,,"19,000,000",,,"4,000,000",,,,"56,000,000",,,"28,000,000","16,400,000",,,,,,"0",,,,"-2,100,000","7,600,000","15,300,000",,,,,,,,,,,,,,,,,,,,,,,,,,,,,,,,,,,
OperatingIncome,"-67,000,000","-21,000,000","-15,000,000","-43,000,000","12,000,000","-88,000,000","-301,000,000","-74,000,000","-100,000,000","-59,000,000","87,000,000","-142,000,000","-355,000,000","-48,000,000","87,000,000","73,000,000","52,000,000","-1,000,000","-111,000,000","-7,000,000","-62,000,000","-97,000,000","-766,000,000","-214,000,000","-270,000,000","-189,000,000","2,000,000","289,000,000","438,000,000","570,000,000","1,017,000,000","988,000,000","913,000,000","861,000,000","957,000,000","946,000,000","769,000,000","751,000,000","903,000,000","898,000,000","879,000,000","877,000,000","848,000,000","772,000,000","708,000,000","609,000,000","624,000,000","596,000,000","590,000,000","637,000,000","589,000,000","612,000,000","533,000,000","720,000,000","867,000,000","762,300,000","691,700,000","568,500,000","574,700,000","545,400,000","497,200,000","427,100,000","381,200,000","285,500,000","246,600,000","197,800,000","163,800,000","145,000,000","102,100,000","65,900,000","55,437,000","49,128,000","38,283,000","25,752,000","30,758,000","43,841,000","40,961,000","43,428,000","32,468,000","31,902,000","32,237,000","37,716,000","49,355,000","56,902,000","46,791,000","36,229,000","30,881,000","22,239,000","13,629,000","9,231,000","8,300,000","800,000","3,700,000","10,300,000","23,900,000","38,400,000","39,900,000","35,300,000","34,600,000","28,700,000","14,300,000","11,300,000","11,000,000","10,200,000"
NetNonOperatingInterestIncomeExpense,"-68,000,000","-18,000,000","-17,000,000","-16,000,000","-17,000,000","-18,000,000","-17,000,000","-21,000,000","-20,000,000","-19,000,000","-21,000,000","-21,000,000","-19,000,000","-19,000,000","-15,000,000","-18,000,000","-18,000,000","-17,000,000","-19,000,000","-15,000,000","-22,000,000","-21,000,000","-21,000,000","-22,000,000","-27,000,000","-20,000,000","-22,000,000","-22,000,000","-24,000,000","-21,000,000","-21,000,000","-22,000,000","-22,000,000","-22,000,000","-23,000,000","-24,000,000","-27,000,000","-25,000,000","-19,000,000","-9,000,000","-6,000,000","-5,000,000","-4,000,000","-3,000,000","-5,000,000","-10,000,000","-8,000,000","-8,000,000","-10,000,000","-11,000,000","-12,000,000","-10,000,000","-11,000,000","-11,000,000",,,,,,,,,,,,,,,,,,,,,,,,,,,,,,,,,,,,,,,,,,,,,,,,,,
	InterestIncomeNonOperating,"8,000,000","1,000,000","2,000,000","3,000,000","2,000,000","2,000,000","2,000,000","0","2,000,000","3,000,000","4,000,000","4,000,000","6,000,000","6,000,000","7,000,000","6,000,000","5,000,000","7,000,000","6,000,000","11,000,000","4,000,000","4,000,000","4,000,000","3,000,000","3,000,000","5,000,000","5,000,000","2,000,000","2,000,000","5,000,000","5,000,000","4,000,000","5,000,000","4,000,000","4,000,000","2,000,000","3,000,000","3,000,000","2,000,000","2,000,000","3,000,000","3,000,000","5,000,000","5,000,000","4,000,000","4,000,000","4,000,000","4,000,000","3,000,000","2,000,000","1,000,000","4,000,000","2,000,000","2,000,000",,,,,,,,,,,,,,,,,,,,,,,,,,,,,,,,,,,,,,,,,,,,,,,,,,
	InterestExpenseNonOperating,"76,000,000","19,000,000","19,000,000","19,000,000","19,000,000","20,000,000","19,000,000","21,000,000","22,000,000","22,000,000","25,000,000","25,000,000","25,000,000","25,000,000","22,000,000","24,000,000","23,000,000","24,000,000","25,000,000","26,000,000","26,000,000","25,000,000","25,000,000","25,000,000","30,000,000","25,000,000","27,000,000","24,000,000","26,000,000","26,000,000","26,000,000","26,000,000","27,000,000","26,000,000","27,000,000","26,000,000","30,000,000","28,000,000","21,000,000","11,000,000","9,000,000","8,000,000","9,000,000","8,000,000","9,000,000","14,000,000","12,000,000","12,000,000","13,000,000","13,000,000","13,000,000","14,000,000","13,000,000","13,000,000",,,,,,,,,,,,,,,,,,,,,,,,,,,,,,,,,,,,,,,,,,,,,,,,,,
OtherIncomeExpense,"-10,000,000","4,000,000","3,000,000","-1,000,000","-16,000,000","-14,000,000","-8,000,000","-19,000,000","-14,000,000","-2,127,000,000","-497,000,000","-26,000,000","-5,383,000,000","-18,000,000","-31,000,000","-22,000,000","-4,000,000","-45,000,000","-15,000,000","-8,000,000","-4,000,000","-11,000,000","-18,000,000","-1,008,000,000","-41,000,000","-27,000,000","-1,654,000,000","-75,000,000","-23,000,000","-47,000,000","-166,000,000","18,000,000","2,000,000","10,000,000","-1,000,000","-3,000,000","28,000,000","-2,000,000","-13,000,000","-15,000,000","14,000,000","1,000,000","-1,000,000","11,000,000","3,000,000","-6,000,000","7,000,000","-15,000,000","5,000,000","-10,000,000","-2,000,000","-23,000,000","-169,000,000","-8,000,000","16,000,000","34,500,000","-13,900,000","13,500,000","-15,900,000","1,800,000","-800,000","-2,900,000","-8,200,000","-9,100,000","-11,000,000","-3,000,000","1,800,000","-6,500,000","-14,200,000","-700,000","-699,000","-1,219,000","1,045,000","-1,327,000","-1,480,000","-697,000","-1,180,000","-2,369,000","-638,000","2,066,000","143,000","1,212,000","1,908,000","-2,753,000","-472,000","3,211,000","-14,222,000","667,000","-21,276,000","-184,000","-100,000","200,000","-1,100,000","-400,000","-16,000,000","400,000","500,000","-500,000","300,000","-10,200,000","300,000","-100,000","-22,700,000","500,000"
	EarningsFromEquityInterest,"5,000,000","6,000,000","1,000,000","-2,000,000","0","-4,000,000","-10,000,000","-11,000,000","-6,000,000","-233,000,000","-7,000,000","-4,000,000","-2,000,000","0","-2,000,000","-2,000,000","-1,000,000","2,000,000","-1,000,000","-2,000,000","-2,000,000","0","-2,000,000","-6,000,000","-7,000,000","-6,000,000","-3,000,000","0","7,000,000","9,000,000","16,000,000","9,000,000","23,000,000","10,000,000","16,000,000","13,000,000","15,000,000","19,000,000","15,000,000","7,000,000","19,000,000","17,000,000","12,000,000","11,000,000","10,000,000","13,000,000","14,000,000","8,000,000","8,000,000","6,000,000","2,000,000","1,000,000","16,000,000","28,000,000","5,200,000","20,100,000","17,100,000",,,,,,,,,,,,,,,,,,,,,,,,,,,,,,,,,,,,,,,,,,,,,,,
	SpecialIncomeCharges,,,"0","0","0","0","0","0","0","-1,891,000,000","-436,000,000","-12,000,000","-5,373,000,000",,,,,,"0","0",,,"0","-972,000,000",,,"-1,634,000,000","-55,000,000",,,,,"-32,000,000",,,,,,,"-22,000,000","-5,000,000","-16,000,000","-13,000,000","0","-7,000,000","-19,000,000","-7,000,000","-23,000,000","-3,000,000","-16,000,000","-4,000,000","-24,000,000","-185,000,000","-36,000,000","10,800,000","14,400,000","-31,000,000","13,500,000","-15,900,000","1,800,000","-800,000","-2,900,000","-8,200,000","-9,100,000","-11,000,000","-3,000,000","1,800,000","-6,500,000","-14,200,000","-700,000","-699,000","-1,219,000","1,045,000","-1,327,000","-1,480,000","-697,000","-1,180,000","-2,369,000","-638,000","2,066,000","143,000","1,212,000","1,908,000","-2,753,000","-472,000","3,211,000","-14,222,000","667,000","-21,276,000","-184,000","-100,000","200,000","-1,100,000","-400,000","-16,000,000","400,000","500,000","-500,000","300,000","-10,200,000","300,000","-100,000","-22,700,000","500,000"
		RestructuringAndMergernAcquisition,,,,,,,,,,,,,,,,,,,,,,,,,,,,,,,,,,,,,,,,,,,,,,,,"0","0",,,"11,000,000",,,,,,,,,,,,,,,,,,,,,,,,,,,,,,,,,,,,,,,,,,,,,,,,,,,,
		ImpairmentOfCapitalAssets,,,"0","0","0","0","0","0","0","1,891,000,000","436,000,000","12,000,000","5,373,000,000",,,,,,"0","0",,,"0","972,000,000",,,"1,634,000,000","55,000,000",,,,,,,,,,,,,,,,,,,"0","0","0",,"0","0","147,000,000",,,,,,,,,,,,,,,,,,,,,,,,,,,,,,,,,,,,,,,,,,,,,,,,,,,
		OtherSpecialCharges,,,,,,,,,,,,,,,,,,,,,,,,,,,,,,,,,"32,000,000",,,,,,,,,,,,,,"7,000,000","23,000,000","3,000,000",,"23,000,000","13,000,000","38,000,000",,,,,,,,,,,,,,,,,,,,,,,,,,,,,,,,,,,,,,,,,,,,,,,,,,,
	OtherNonOperatingIncomeExpenses,"-15,000,000","-2,000,000","2,000,000","1,000,000","-16,000,000","-10,000,000","2,000,000","-8,000,000","-8,000,000","-3,000,000","-54,000,000","-10,000,000","-8,000,000","-18,000,000","-29,000,000","-20,000,000","-3,000,000","-47,000,000","-14,000,000","-6,000,000","-2,000,000","-11,000,000","-16,000,000","-30,000,000","-34,000,000","-21,000,000","-17,000,000","-20,000,000","-30,000,000","-56,000,000","-78,000,000","9,000,000","-21,000,000",,"-17,000,000","-16,000,000","13,000,000","-21,000,000","-28,000,000",,,,,,,,,,,,,,,,,,,,,,,,,,,,,,,,,,,,,,,,,,,,,,,,,,,,,,,,,,,,,,,,,
PretaxIncome,"-145,000,000","-35,000,000","-29,000,000","-60,000,000","-21,000,000","-120,000,000","-326,000,000","-114,000,000","-134,000,000","-2,205,000,000","-431,000,000","-189,000,000","-5,757,000,000","-85,000,000","41,000,000","33,000,000","30,000,000","-63,000,000","-145,000,000","-30,000,000","-88,000,000","-129,000,000","-805,000,000","-1,244,000,000","-338,000,000","-236,000,000","-1,674,000,000","192,000,000","391,000,000","502,000,000","830,000,000","984,000,000","893,000,000","849,000,000","933,000,000","919,000,000","770,000,000","724,000,000","871,000,000","874,000,000","887,000,000","873,000,000","843,000,000","780,000,000","706,000,000","593,000,000","623,000,000","573,000,000","585,000,000","616,000,000","575,000,000","579,000,000","353,000,000","701,000,000","876,500,000","816,600,000","680,500,000","587,700,000","566,300,000","548,300,000","493,300,000","421,000,000","369,300,000","271,100,000","225,900,000","182,900,000","151,400,000","132,500,000","90,600,000","55,500,000","46,091,000","39,193,000","30,458,000","15,758,000","-81,622,000","33,407,000","30,990,000","31,914,000","25,119,000","27,743,000","26,501,000","33,102,000","45,203,000","47,369,000","40,805,000","34,640,000","12,246,000","19,207,000","-11,645,000","4,745,000","4,100,000","-2,600,000","-600,000","6,000,000","3,700,000","34,000,000","38,100,000","33,500,000","33,600,000","16,700,000","13,200,000","9,900,000","-13,800,000","7,400,000"
TaxProvision,"35,000,000","14,000,000","14,000,000","5,000,000","2,000,000","-6,000,000","22,000,000","-61,000,000","-47,000,000","-156,000,000","-46,000,000","60,000,000","-373,000,000","-10,000,000","26,000,000","29,000,000","5,000,000","3,000,000","-130,000,000","-3,000,000","-14,000,000","-9,000,000","-88,000,000","120,000,000","-121,000,000","-118,000,000","-152,000,000","36,000,000","105,000,000","189,000,000","233,000,000","283,000,000","284,000,000","260,000,000","272,000,000","283,000,000","239,000,000","224,000,000","203,000,000","265,000,000","285,000,000","269,000,000","270,000,000","252,000,000","226,000,000","189,000,000","186,000,000","169,000,000","186,000,000","197,000,000","184,000,000","192,000,000","131,000,000","228,000,000","286,100,000","263,700,000","254,900,000","188,100,000","185,300,000","177,800,000","172,000,000","140,700,000","127,300,000","90,800,000","76,300,000","61,300,000","48,700,000","42,400,000","28,300,000","19,500,000","-4,871,000","10,668,000","8,833,000","4,570,000","2,652,000","10,693,000","9,518,000","10,822,000","7,951,000","9,987,000","9,540,000","11,917,000","16,855,000","18,431,000","15,506,000","13,162,000","6,038,000","7,299,000","-2,181,000","1,803,000","1,600,000","-700,000","-200,000","2,300,000","1,300,000","12,400,000","14,300,000","12,400,000","12,500,000","7,300,000","4,900,000","3,900,000","-5,200,000","2,600,000"
NetIncomeCommonStockholders,"-185,000,000","-50,000,000","-40,000,000","-69,000,000","-26,000,000","-115,000,000","-347,000,000","-55,000,000","-93,000,000","-2,047,000,000","-385,000,000","-244,000,000","-5,389,000,000","-77,000,000","12,000,000","1,000,000","24,000,000","-68,000,000","-14,000,000","-26,000,000","-75,000,000","-120,000,000","-714,000,000","-1,362,000,000","-217,000,000","-119,000,000","-1,523,000,000","155,000,000","289,000,000","310,000,000","595,000,000","699,000,000","619,000,000","589,000,000","658,000,000","636,000,000","531,000,000","502,000,000","668,000,000","612,000,000","605,000,000","606,000,000","574,000,000","532,000,000","481,000,000","407,000,000","440,000,000","404,000,000","401,000,000","422,000,000","394,000,000","385,000,000","220,000,000","470,000,000","585,000,000","547,700,000","421,700,000","397,600,000","376,700,000","366,000,000","318,500,000","275,900,000","239,200,000","176,600,000","147,900,000","120,300,000","101,600,000","88,500,000","61,200,000","35,600,000","50,020,000","27,829,000","21,387,000","10,964,000","14,581,000","22,714,000","20,360,000","19,166,000","17,168,000","17,756,000","16,961,000","21,185,000","28,348,000","28,938,000","25,299,000","21,478,000","6,208,000","11,908,000","-9,464,000","2,942,000","2,500,000","-1,900,000","-400,000","3,700,000","2,400,000","21,600,000","23,800,000","21,100,000","21,100,000","8,800,000","8,300,000","6,000,000","-8,600,000","4,800,000"
	NetIncome,"-185,000,000","-50,000,000","-40,000,000","-69,000,000","-26,000,000","-115,000,000","-347,000,000","-55,000,000","-93,000,000","-2,047,000,000","-385,000,000","-244,000,000","-5,389,000,000","-77,000,000","12,000,000","1,000,000","24,000,000","-68,000,000","-14,000,000","-26,000,000","-75,000,000","-120,000,000","-714,000,000","-1,362,000,000","-217,000,000","-119,000,000","-1,523,000,000","155,000,000","289,000,000","310,000,000","595,000,000","699,000,000","619,000,000","589,000,000","658,000,000","636,000,000","531,000,000","502,000,000","668,000,000","612,000,000","605,000,000","606,000,000","574,000,000","532,000,000","481,000,000","407,000,000","440,000,000","404,000,000","401,000,000","422,000,000","394,000,000","385,000,000","220,000,000","470,000,000","585,000,000","547,700,000","421,700,000","397,600,000","376,700,000","366,000,000","318,500,000","275,900,000","239,200,000","176,600,000","147,900,000","120,300,000","101,600,000","88,500,000","61,200,000","35,600,000","50,020,000","27,829,000","21,387,000","10,964,000","14,581,000","22,714,000","20,360,000","19,166,000","17,168,000","17,756,000","16,961,000","21,185,000","28,348,000","28,938,000","25,299,000","21,478,000","6,208,000","11,908,000","-9,464,000","2,942,000","2,500,000","-1,900,000","-400,000","3,700,000","2,400,000","21,600,000","23,800,000","21,100,000","21,100,000","8,800,000","8,300,000","6,000,000","-8,600,000","4,800,000"
		NetIncomeIncludingNoncontrollingInterests,"-180,000,000","-49,000,000","-43,000,000","-65,000,000","-23,000,000","-114,000,000","-348,000,000","-53,000,000","-87,000,000","-2,049,000,000","-385,000,000","-249,000,000","-5,384,000,000","-75,000,000","15,000,000","4,000,000","25,000,000","-66,000,000","-15,000,000","-27,000,000","-74,000,000","-120,000,000","-717,000,000","-1,364,000,000","-217,000,000","-118,000,000","-1,522,000,000","156,000,000","286,000,000","313,000,000","597,000,000","701,000,000","620,000,000","589,000,000","661,000,000","636,000,000","531,000,000","500,000,000","668,000,000","609,000,000","602,000,000","604,000,000","573,000,000","528,000,000","480,000,000","404,000,000","437,000,000","404,000,000","399,000,000","419,000,000","391,000,000","387,000,000","222,000,000","473,000,000","590,400,000","552,900,000","425,600,000","399,600,000","381,000,000","370,500,000","321,300,000","280,300,000","242,000,000","180,300,000","149,600,000","121,600,000","102,700,000","90,100,000","62,300,000","36,000,000","50,962,000","28,525,000","21,625,000","11,188,000","16,686,000","23,716,000","21,472,000","21,092,000","17,168,000","17,756,000","16,961,000","21,185,000","28,348,000","28,938,000","25,299,000","21,478,000","6,208,000","11,908,000","-9,464,000","2,942,000","2,500,000","-1,900,000","-400,000","3,700,000","2,400,000","21,600,000","23,800,000","21,100,000","21,100,000","8,800,000","8,300,000","6,000,000","-8,600,000","4,800,000"
			NetIncomeContinuousOperations,"-180,000,000","-49,000,000","-43,000,000","-65,000,000","-23,000,000","-114,000,000","-348,000,000","-53,000,000","-87,000,000","-2,049,000,000","-385,000,000","-249,000,000","-5,384,000,000","-75,000,000","15,000,000","4,000,000","25,000,000","-66,000,000","-15,000,000","-27,000,000","-74,000,000","-120,000,000","-717,000,000","-1,364,000,000","-217,000,000","-118,000,000","-1,522,000,000","156,000,000","286,000,000","313,000,000","597,000,000","701,000,000","609,000,000","589,000,000","661,000,000","636,000,000","531,000,000","500,000,000","668,000,000","609,000,000","602,000,000","604,000,000","573,000,000","528,000,000","480,000,000","404,000,000","437,000,000","404,000,000","399,000,000","419,000,000","391,000,000","387,000,000","222,000,000","473,000,000","585,000,000","547,700,000","421,700,000","397,600,000","376,700,000","366,000,000","318,500,000","275,900,000","239,200,000","176,600,000","147,900,000","120,300,000","101,600,000","88,500,000","61,200,000","35,600,000","50,020,000","27,829,000","21,387,000","10,964,000","14,581,000","22,714,000","20,360,000","19,166,000","17,168,000","17,756,000","16,961,000","21,185,000","28,348,000","28,938,000","25,299,000","21,478,000","6,208,000","11,908,000","-9,464,000","2,942,000","2,500,000","-1,900,000","-400,000","3,700,000","2,400,000","21,600,000","23,800,000","21,100,000","21,100,000","9,400,000","8,300,000","6,000,000","-8,600,000","4,800,000"
			NetIncomeDiscontinuousOperations,,,,,,,,,,,,,,,,,,,,,,,,,,,"0","0","0","0","0","0","11,000,000",,,,,,,,,,,,,,,,,,,,,,,,,,,,,,,,,,,,,,,,,,,,,,,,,,,,,,,,,,,,,,,,,,,,,,,
			NetIncomeFromTaxLossCarryforward,,,,,,,,,,,,,,,,,,,,,,,,,,,,,,,,,,,,,,,,,,,,,,,,,,,,,,,,,,,,,,,,,,,,,,,,,,,,,,,,,,,,,,,,,,,,,,,,,,,"0","-600,000",,,,
		MinorityInterests,"-5,000,000","-1,000,000","3,000,000","-4,000,000","-3,000,000","-1,000,000","1,000,000","-2,000,000","-6,000,000","2,000,000","0","5,000,000","-5,000,000","-2,000,000","-3,000,000","-3,000,000","-1,000,000","-2,000,000","1,000,000","1,000,000","-1,000,000","-2,000,000","3,000,000","2,000,000","0","-1,000,000","-1,000,000","-1,000,000","3,000,000","-3,000,000","-2,000,000","-2,000,000","-1,000,000","0","-3,000,000","0","0","2,000,000","0","3,000,000","3,000,000","2,000,000","1,000,000","4,000,000","1,000,000","3,000,000","3,000,000","0","2,000,000","3,000,000","3,000,000","-2,000,000","-2,000,000","-3,000,000","-5,400,000","-5,200,000","-3,900,000","-2,000,000","-4,300,000","-4,500,000","-2,800,000","-4,400,000","-2,800,000","-3,700,000","-1,700,000","-1,300,000","-1,100,000","-1,600,000","-1,100,000","-400,000","-942,000","-696,000","-238,000","-224,000","-2,105,000","-1,002,000","-1,112,000","-1,926,000",,,,,,,,,,,,,,,,,,,,,,,,,,
DilutedNIAvailtoComStockholders,"-185,000,000","-50,000,000","-40,000,000","-69,000,000","-26,000,000","-115,000,000","-347,000,000","-55,000,000","-93,000,000","-2,047,000,000","-385,000,000","-244,000,000","-5,389,000,000","-77,000,000","12,000,000","1,000,000","24,000,000","-68,000,000","-14,000,000","-26,000,000","-75,000,000","-120,000,000","-714,000,000","-1,362,000,000","-217,000,000","-119,000,000","-1,523,000,000","155,000,000","289,000,000","310,000,000","595,000,000","699,000,000","619,000,000","589,000,000","658,000,000","636,000,000","531,000,000","502,000,000","668,000,000","612,000,000","605,000,000","606,000,000","574,000,000","532,000,000","481,000,000","407,000,000","440,000,000","404,000,000","401,000,000","422,000,000","394,000,000","385,000,000","220,000,000","470,000,000","585,000,000","547,700,000","421,700,000","397,600,000","376,700,000","366,000,000","318,500,000","275,900,000","239,200,000","176,600,000","147,900,000","120,300,000","101,600,000","88,500,000","61,200,000","35,600,000","50,020,000","27,829,000","21,387,000","10,964,000","14,581,000","22,714,000","20,360,000","19,166,000","17,168,000","17,756,000","16,961,000","21,185,000","28,348,000","28,938,000","25,299,000","21,478,000","6,208,000","11,908,000","-9,464,000","2,942,000","2,500,000","-1,900,000","-400,000","3,700,000","2,400,000","21,600,000","23,800,000","21,100,000","21,100,000","8,800,000","8,300,000","6,000,000","-8,600,000","4,800,000"
BasicEPS,,"-0.13","-0.1","-0.18","-0.07","-0.3","-0.9","-0.14","-0.24","-5.34","-1.01","-0.64","-14.11","-0.2","0.03","0.003","0.06","-0.18","-0.04","-0.07","-0.2","-0.32","-1.9","-3.62","-0.58","-0.32","-4.06","0.41","0.75","0.76","1.39","1.63","1.45","1.38","1.54","1.49","1.25","1.18","1.57","1.44","1.42","1.43",,"1.26","1.14","0.97",,"0.97","0.96","1.01",,"0.93","0.53","1.13",,"1.32","1.05","1.12",,"1.03","0.9","0.785",,"0.505","0.42","0.345",,"0.255","0.175","0.17",,"0.16","0.125","0.065",,"0.135","0.12","0.115",,"0.11","0.105","0.13",,"0.18","0.155","0.135",,"0.075","-0.06","0.025",,"-0.015","-0.005","0.035",,"0.2","0.23","0.205",,"0.085","0.115","0.085",,"0.09"
DilutedEPS,,"-0.13","-0.1","-0.18","-0.07","-0.3","-0.9","-0.14","-0.24","-5.34","-1.01","-0.64","-14.11","-0.2","0.03","0.003","0.06","-0.18","-0.04","-0.07","-0.2","-0.32","-1.9","-3.62","-0.58","-0.32","-4.06","0.41","0.74","0.76","1.39","1.62","1.44","1.37","1.53","1.49","1.24","1.17","1.56","1.43","1.42","1.42",,"1.25","1.13","0.96",,"0.96","0.96","1.01",,"0.92","0.53","1.13",,"1.31","1.04","1.11",,"1.02","0.895","0.775",,"0.5","0.42","0.34",,"0.25","0.175","0.165",,"0.16","0.125","0.065",,"0.135","0.12","0.115",,"0.11","0.105","0.13",,"0.18","0.155","0.13",,"0.075","-0.06","0.025",,"-0.015","-0.005","0.035",,"0.2","0.23","0.2",,"0.085","0.115","0.085",,"0.09"
BasicAverageShares,,"387,000,000","387,000,000","387,000,000","386,000,000","385,000,000","385,000,000","385,000,000","385,000,000","383,000,000","382,000,000","382,000,000","382,000,000","380,000,000","379,000,000","379,000,000","378,000,000","377,000,000","377,000,000","377,000,000","377,000,000","376,000,000","376,000,000","376,000,000","375,000,000","375,000,000","375,000,000","380,000,000","387,000,000","407,000,000","427,000,000","429,000,000","428,000,000","428,000,000","427,000,000","426,000,000","426,000,000","426,000,000","426,000,000","425,000,000","425,000,000","423,000,000",,"422,000,000","422,000,000","420,000,000",,"417,000,000","417,000,000","417,000,000",,"416,000,000","416,000,000","416,000,000",,"415,700,000","401,700,000","356,100,000",,"355,500,000","354,400,000","351,800,000",,"350,800,000","350,400,000","349,200,000",,"347,400,000","344,600,000","210,600,000",,"171,770,000","171,590,000","170,792,000",,"169,964,000","168,880,000","167,408,000",,"161,984,000","161,960,000","161,840,000",,"161,774,000","161,718,000","161,232,000",,"160,222,000","159,732,000","127,114,000",,"126,666,667","80,000,000","105,714,286",,"108,000,000","103,478,261","102,926,829",,"103,529,412","72,173,913","70,588,235",,"53,333,333"
DilutedAverageShares,,"387,000,000","387,000,000","387,000,000","386,000,000","385,000,000","385,000,000","385,000,000","385,000,000","383,000,000","382,000,000","382,000,000","382,000,000","380,000,000","383,000,000","383,000,000","381,000,000","377,000,000","377,000,000","377,000,000","377,000,000","376,000,000","376,000,000","376,000,000","375,000,000","375,000,000","375,000,000","381,000,000","388,000,000","409,000,000","428,000,000","431,000,000","430,000,000","429,000,000","429,000,000","428,000,000","428,000,000","428,000,000","428,000,000","427,000,000","427,000,000","426,000,000",,"425,000,000","425,000,000","423,000,000",,"419,000,000","419,000,000","419,000,000",,"418,000,000","418,000,000","418,000,000",,"418,300,000","404,000,000","358,600,000",,"357,900,000","356,400,000","355,200,000",,"353,800,000","353,200,000","353,200,000",,"351,800,000","348,400,000","213,200,000",,"173,424,000","172,778,000","171,870,000",,"170,396,000","169,980,000","168,952,000",,"163,044,000","163,970,000","163,170,000",,"162,874,000","164,176,000","163,954,000",,"163,454,000","162,806,000","128,606,000",,"126,666,667","80,000,000","105,714,286",,"108,000,000","103,478,261","105,500,000",,"103,529,412","72,173,913","70,588,235",,"53,333,333"
TotalOperatingIncomeAsReported,"-67,000,000","-21,000,000","-15,000,000","-43,000,000","12,000,000","-88,000,000","-301,000,000","-74,000,000","-100,000,000","-1,950,000,000","-349,000,000","-154,000,000","-5,728,000,000","-48,000,000","87,000,000","73,000,000","52,000,000","-1,000,000","-111,000,000","-7,000,000","-62,000,000","-97,000,000","-766,000,000","-1,186,000,000","-270,000,000","-189,000,000","-1,632,000,000","234,000,000","438,000,000","570,000,000","913,000,000","988,000,000","913,000,000","861,000,000","957,000,000","946,000,000","769,000,000","751,000,000","903,000,000","898,000,000","879,000,000","877,000,000","848,000,000","772,000,000","708,000,000","609,000,000","624,000,000","596,000,000","590,000,000","637,000,000","608,000,000","601,000,000","386,000,000","720,000,000","867,000,000","790,300,000","691,700,000","568,500,000","574,700,000","545,400,000","497,200,000","427,100,000","381,200,000","285,500,000","246,600,000","197,800,000","163,800,000","145,000,000","102,100,000","65,900,000","55,437,000","49,128,000","38,283,000","25,752,000","30,758,000","43,841,000","40,961,000","43,428,000","32,468,000","31,902,000","32,237,000","37,716,000","49,355,000","56,902,000","46,791,000","36,229,000","30,881,000","22,239,000","13,629,000","9,231,000","8,300,000","800,000","3,700,000","10,300,000","23,900,000","38,400,000","39,900,000","35,300,000","34,600,000","28,700,000","14,300,000","11,300,000","11,000,000","10,200,000"
TotalExpenses,"5,890,000,000","1,569,000,000","1,532,000,000","1,384,000,000","1,405,000,000","1,337,000,000","1,628,000,000","1,458,000,000","1,596,000,000","1,942,000,000","2,194,000,000","2,268,000,000","2,487,000,000","1,988,000,000","2,311,000,000","2,081,000,000","2,054,000,000","1,796,000,000","2,080,000,000","1,842,000,000","1,821,000,000","1,838,000,000","2,458,000,000","1,860,000,000","1,994,000,000","2,378,000,000","2,720,000,000","3,017,000,000","3,471,000,000","4,250,000,000","4,692,000,000","4,599,000,000","4,342,000,000","4,916,000,000","5,215,000,000","4,843,000,000","4,832,000,000","4,556,000,000","4,782,000,000","4,421,000,000","3,855,000,000","3,426,000,000","3,411,000,000","2,968,000,000","2,805,000,000","2,537,000,000","2,548,000,000","2,415,000,000","2,351,000,000","2,395,000,000","2,545,000,000","2,475,000,000","2,477,000,000","2,761,000,000","2,943,200,000","2,849,300,000","2,632,500,000","2,116,900,000","2,084,200,000","2,034,100,000","1,887,700,000","1,738,600,000","1,697,500,000","1,492,400,000","1,410,800,000","1,314,000,000","1,213,600,000","1,091,500,000","1,113,600,000","749,000,000","614,011,000","569,764,000","495,272,000","470,453,000","499,588,000","454,759,000","434,437,000","457,148,000","361,173,000","335,027,000","340,153,000","351,270,000","416,388,000","429,910,000","387,837,000","324,043,000","298,518,000","264,086,000","256,676,000","220,155,000","190,000,000","167,400,000","155,400,000","174,900,000","244,900,000","268,100,000","254,900,000","266,600,000","265,300,000","236,300,000","183,600,000","164,900,000","169,500,000","163,300,000"
NetIncomeFromContinuingAndDiscontinuedOperation,"-185,000,000","-50,000,000","-40,000,000","-69,000,000","-26,000,000","-115,000,000","-347,000,000","-55,000,000","-93,000,000","-2,047,000,000","-385,000,000","-244,000,000","-5,389,000,000","-77,000,000","12,000,000","1,000,000","24,000,000","-68,000,000","-14,000,000","-26,000,000","-75,000,000","-120,000,000","-714,000,000","-1,362,000,000","-217,000,000","-119,000,000","-1,523,000,000","155,000,000","289,000,000","310,000,000","595,000,000","699,000,000","619,000,000","589,000,000","658,000,000","636,000,000","531,000,000","502,000,000","668,000,000","612,000,000","605,000,000","606,000,000","574,000,000","532,000,000","481,000,000","407,000,000","440,000,000","404,000,000","401,000,000","422,000,000","394,000,000","385,000,000","220,000,000","470,000,000","585,000,000","547,700,000","421,700,000","397,600,000","376,700,000","366,000,000","318,500,000","275,900,000","239,200,000","176,600,000","147,900,000","120,300,000","101,600,000","88,500,000","61,200,000","35,600,000","50,020,000","27,829,000","21,387,000","10,964,000","14,581,000","22,714,000","20,360,000","19,166,000","17,168,000","17,756,000","16,961,000","21,185,000","28,348,000","28,938,000","25,299,000","21,478,000","6,208,000","11,908,000","-9,464,000","2,942,000","2,500,000","-1,900,000","-400,000","3,700,000","2,400,000","21,600,000","23,800,000","21,100,000","21,100,000","9,400,000","8,300,000","6,000,000","-8,600,000","4,800,000"
NormalizedIncome,"-185,000,000","-50,000,000","-40,000,000","-69,000,000","-26,000,000","-115,000,000","-347,000,000","-55,000,000","-93,000,000","-290,261,000","4,466,357.309","-235,240,000","-365,245,000","-77,000,000","12,000,000","1,000,000","24,000,000","-68,000,000","-14,000,000","-26,000,000","-75,000,000","-120,000,000","-714,000,000","-483,312,000","-217,000,000","-119,000,000","-37,367,980.884","199,660,000","289,000,000","310,000,000","595,000,000","699,000,000","608,000,000","589,000,000","658,000,000","636,000,000","531,000,000","502,000,000","668,000,000","627,329,519.451","608,393,461.105","617,069,873.998","582,836,298.932","532,000,000","485,759,206.799","419,944,350.759","444,910,112.36","420,216,404.887","403,046,153.846","432,883,116.883","396,720,000","401,041,450.777","336,345,609.065","494,291,012.839","577,725,248.146","537,950,110.213","441,088,096.988","388,420,826.953","387,397,333.569","364,783,695.057","319,021,062.234","277,830,807.601","244,573,409.152","182,652,120.989","155,184,639.221","122,294,532.531","100,378,996.037","92,920,000","70,964,459.161","36,054,054.054","50,439,400","28,716,198.607","20,645,056.176","11,906,154.842","15,469,000","23,187,902.416","21,177,585.027","20,731,674.876","17,604,051.754","16,433,724.255","16,869,478.057","20,409,330.252","27,151,442.603","30,619,823.851","25,591,638.843","19,487,068.764","14,741,200","11,494,471.807","7,827,203.435","3,056,083.878","2,560,975.61","-2,046,153.846","333,333.333","3,946,666.667","12,778,378.378","21,345,882.353","23,487,664.042","21,414,925.373","20,911,607.143","15,520,000","8,111,363.636","6,060,606.061","5,546,376.812","4,475,675.676"
InterestIncome,"8,000,000","1,000,000","2,000,000","3,000,000","2,000,000","2,000,000","2,000,000","0","2,000,000","3,000,000","4,000,000","4,000,000","6,000,000","6,000,000","7,000,000","6,000,000","5,000,000","7,000,000","6,000,000","11,000,000","4,000,000","4,000,000","4,000,000","3,000,000","3,000,000","5,000,000","5,000,000","2,000,000","2,000,000","5,000,000","5,000,000","4,000,000","5,000,000","4,000,000","4,000,000","2,000,000","3,000,000","3,000,000","2,000,000","2,000,000","3,000,000","3,000,000","5,000,000","5,000,000","4,000,000","4,000,000","4,000,000","4,000,000","3,000,000","2,000,000","1,000,000","4,000,000","2,000,000","2,000,000",,,,,,,,,,,,,,,,,,,,,,,,,,,,,,,,,,,,,,,,,,,,,,,,,,
InterestExpense,"76,000,000","19,000,000","19,000,000","19,000,000","19,000,000","20,000,000","19,000,000","21,000,000","22,000,000","22,000,000","25,000,000","25,000,000","25,000,000","25,000,000","22,000,000","24,000,000","23,000,000","24,000,000","25,000,000","26,000,000","26,000,000","25,000,000","25,000,000","25,000,000","30,000,000","25,000,000","27,000,000","24,000,000","26,000,000","26,000,000","26,000,000","26,000,000","27,000,000","26,000,000","27,000,000","26,000,000","30,000,000","28,000,000","21,000,000","11,000,000","9,000,000","8,000,000","9,000,000","8,000,000","9,000,000","14,000,000","12,000,000","12,000,000","13,000,000","13,000,000","13,000,000","14,000,000","13,000,000","13,000,000",,,,,,,,,,,,,,,,,,,,,,,,,,,,,,,,,,,,,,,,,,,,,,,,,,
NetInterestIncome,"-68,000,000","-18,000,000","-17,000,000","-16,000,000","-17,000,000","-18,000,000","-17,000,000","-21,000,000","-20,000,000","-19,000,000","-21,000,000","-21,000,000","-19,000,000","-19,000,000","-15,000,000","-18,000,000","-18,000,000","-17,000,000","-19,000,000","-15,000,000","-22,000,000","-21,000,000","-21,000,000","-22,000,000","-27,000,000","-20,000,000","-22,000,000","-22,000,000","-24,000,000","-21,000,000","-21,000,000","-22,000,000","-22,000,000","-22,000,000","-23,000,000","-24,000,000","-27,000,000","-25,000,000","-19,000,000","-9,000,000","-6,000,000","-5,000,000","-4,000,000","-3,000,000","-5,000,000","-10,000,000","-8,000,000","-8,000,000","-10,000,000","-11,000,000","-12,000,000","-10,000,000","-11,000,000","-11,000,000",,,,,,,,,,,,,,,,,,,,,,,,,,,,,,,,,,,,,,,,,,,,,,,,,,
EBIT,"-69,000,000","-16,000,000","-10,000,000","-41,000,000","-2,000,000","-100,000,000","-307,000,000","-93,000,000","-112,000,000","-2,183,000,000","-406,000,000","-164,000,000","-5,732,000,000","-60,000,000","63,000,000","57,000,000","53,000,000","-39,000,000","-120,000,000","-4,000,000","-62,000,000","-104,000,000","-780,000,000","-1,219,000,000","-308,000,000","-211,000,000","-1,647,000,000","216,000,000","417,000,000","528,000,000","856,000,000","1,010,000,000","920,000,000","875,000,000","960,000,000","945,000,000","800,000,000","752,000,000","892,000,000","885,000,000","896,000,000","881,000,000","852,000,000","788,000,000","715,000,000","607,000,000","635,000,000","585,000,000","598,000,000","629,000,000","588,000,000","593,000,000","366,000,000","714,000,000","867,000,000","762,300,000","691,700,000","568,500,000","574,700,000","545,400,000","497,200,000","427,100,000","381,200,000","285,500,000","246,600,000","197,800,000","163,800,000","145,000,000","102,100,000","65,900,000","55,437,000","49,128,000","38,283,000","25,752,000","30,758,000","43,841,000","40,961,000","43,428,000","32,468,000","31,902,000","32,237,000","37,716,000","49,355,000","56,902,000","46,791,000","36,229,000","30,881,000","22,239,000","13,629,000","9,231,000","8,300,000","800,000","3,700,000","10,300,000","23,900,000","38,400,000","39,900,000","35,300,000","34,600,000","28,700,000","14,300,000","11,300,000","11,000,000","10,200,000"
EBITDA,"232,000,000"
ReconciledCostOfRevenue,"4,991,000,000","1,334,000,000","1,315,000,000","1,156,000,000","1,186,000,000","1,093,000,000","1,393,000,000","1,245,000,000","1,359,000,000","1,659,000,000","1,905,000,000","1,975,000,000","2,070,000,000","1,684,000,000","1,989,000,000","1,761,000,000","1,751,000,000","1,508,000,000","1,802,000,000","1,550,000,000","1,528,000,000","1,532,000,000","2,151,000,000","1,567,000,000","1,689,000,000","1,945,000,000","2,334,000,000","2,634,000,000","3,054,000,000","3,643,000,000","4,168,000,000","4,059,000,000","3,800,000,000","4,381,000,000","4,675,000,000","4,327,000,000","4,335,000,000","4,043,000,000","4,291,000,000","3,948,000,000","3,428,000,000","3,036,000,000","2,984,000,000","2,576,000,000","2,430,000,000","2,171,000,000","2,175,000,000","2,066,000,000","2,013,000,000","2,070,000,000","2,155,000,000","2,196,000,000","2,135,000,000","2,442,000,000","2,616,800,000","2,511,600,000","2,342,700,000","1,888,800,000","1,867,800,000","1,839,200,000","1,701,100,000","1,550,700,000","1,511,300,000","1,335,200,000","1,256,700,000","1,162,000,000","1,065,900,000","977,800,000","960,500,000","653,100,000","526,149,000","486,929,000","415,965,000","392,657,000","415,512,000","378,819,000","366,281,000","380,131,000","300,759,000","278,396,000","284,986,000","295,941,000","352,481,000","366,907,000","331,134,000","269,099,000","235,215,000","213,728,000","201,539,000","180,048,000","153,700,000","133,300,000","121,900,000","139,700,000","203,900,000","225,600,000","217,500,000","232,800,000","226,500,000","201,200,000","164,300,000","149,000,000","153,300,000","147,800,000"
ReconciledDepreciation,"301,000,000","74,000,000","75,000,000","75,000,000","77,000,000","79,000,000","82,000,000","83,000,000","82,000,000","105,000,000","100,000,000","102,000,000","154,000,000","177,000,000","171,000,000","172,000,000","174,000,000","173,000,000","175,000,000","174,000,000","174,000,000","175,000,000","174,000,000","176,000,000","178,000,000","175,000,000","183,000,000","184,000,000","190,000,000","190,000,000","199,000,000","198,000,000","186,000,000","195,000,000","200,000,000","191,000,000","190,000,000","174,000,000","166,000,000","157,000,000","157,000,000","148,000,000","142,000,000","140,000,000","138,000,000","135,000,000","129,000,000","127,000,000","124,000,000","127,000,000","126,000,000","126,000,000","122,000,000","116,000,000","117,500,000","116,200,000","106,400,000","61,500,000","58,500,000","56,400,000","51,900,000","47,300,000","41,900,000","41,600,000","38,700,000","38,400,000","28,500,000","34,800,000","35,000,000","16,300,000","11,205,000","12,092,000","10,881,000","9,822,000","12,349,000","9,199,000","8,962,000","8,672,000","6,316,000","6,031,000","6,368,000","6,333,000","9,991,000","9,810,000","9,603,000","9,469,000","9,221,000","8,312,000","10,582,000","6,919,000","7,500,000","4,900,000","5,400,000","5,400,000","5,300,000","5,100,000","4,500,000","4,300,000","4,200,000","8,400,000","1,200,000","900,000","700,000","1,000,000"
NetIncomeFromContinuingOperationNetMinorityInterest,"-185,000,000","-50,000,000","-40,000,000","-69,000,000","-26,000,000","-115,000,000","-347,000,000","-55,000,000","-93,000,000","-2,047,000,000","-385,000,000","-244,000,000","-5,389,000,000","-77,000,000","12,000,000","1,000,000","24,000,000","-68,000,000","-14,000,000","-26,000,000","-75,000,000","-120,000,000","-714,000,000","-1,362,000,000","-217,000,000","-119,000,000","-1,523,000,000","155,000,000","289,000,000","310,000,000","595,000,000","699,000,000","608,000,000","589,000,000","658,000,000","636,000,000","531,000,000","502,000,000","668,000,000","612,000,000","605,000,000","606,000,000","574,000,000","532,000,000","481,000,000","407,000,000","440,000,000","404,000,000","401,000,000","422,000,000","394,000,000","385,000,000","220,000,000","470,000,000","585,000,000","547,700,000","421,700,000","397,600,000","376,700,000","366,000,000","318,500,000","275,900,000","239,200,000","176,600,000","147,900,000","120,300,000","101,600,000","88,500,000","61,200,000","35,600,000","50,020,000","27,829,000","21,387,000","10,964,000","14,581,000","22,714,000","20,360,000","19,166,000","17,168,000","17,756,000","16,961,000","21,185,000","28,348,000","28,938,000","25,299,000","21,478,000","6,208,000","11,908,000","-9,464,000","2,942,000","2,500,000","-1,900,000","-400,000","3,700,000","2,400,000","21,600,000","23,800,000","21,100,000","21,100,000","9,400,000","8,300,000","6,000,000","-8,600,000","4,800,000"
TotalUnusualItemsExcludingGoodwill,"0",,"0","0","0","0","0","0","0","-1,891,000,000","-436,000,000","-12,000,000","-5,373,000,000",,,,,,"0","0",,,"0","-972,000,000",,,"-1,634,000,000","-55,000,000",,,,,"-32,000,000",,,,,,,"-22,000,000","-5,000,000","-16,000,000","-13,000,000","0","-7,000,000","-19,000,000","-7,000,000","-23,000,000","-3,000,000","-16,000,000","-4,000,000","-24,000,000","-185,000,000","-36,000,000","10,800,000","14,400,000","-31,000,000","13,500,000","-15,900,000","1,800,000","-800,000","-2,900,000","-8,200,000","-9,100,000","-11,000,000","-3,000,000","1,800,000","-6,500,000","-14,200,000","-700,000","-699,000","-1,219,000","1,045,000","-1,327,000","-1,480,000","-697,000","-1,180,000","-2,369,000","-638,000","2,066,000","143,000","1,212,000","1,908,000","-2,753,000","-472,000","3,211,000","-14,222,000","667,000","-21,276,000","-184,000","-100,000","200,000","-1,100,000","-400,000","-16,000,000","400,000","500,000","-500,000","300,000","-10,200,000","300,000","-100,000","-22,700,000","500,000"
TotalUnusualItems,"0",,"0","0","0","0","0","0","0","-1,891,000,000","-436,000,000","-12,000,000","-5,373,000,000",,,,,,"0","0",,,"0","-972,000,000",,,"-1,634,000,000","-55,000,000",,,,,"-32,000,000",,,,,,,"-22,000,000","-5,000,000","-16,000,000","-13,000,000","0","-7,000,000","-19,000,000","-7,000,000","-23,000,000","-3,000,000","-16,000,000","-4,000,000","-24,000,000","-185,000,000","-36,000,000","10,800,000","14,400,000","-31,000,000","13,500,000","-15,900,000","1,800,000","-800,000","-2,900,000","-8,200,000","-9,100,000","-11,000,000","-3,000,000","1,800,000","-6,500,000","-14,200,000","-700,000","-699,000","-1,219,000","1,045,000","-1,327,000","-1,480,000","-697,000","-1,180,000","-2,369,000","-638,000","2,066,000","143,000","1,212,000","1,908,000","-2,753,000","-472,000","3,211,000","-14,222,000","667,000","-21,276,000","-184,000","-100,000","200,000","-1,100,000","-400,000","-16,000,000","400,000","500,000","-500,000","300,000","-10,200,000","300,000","-100,000","-22,700,000","500,000"
NormalizedEBITDA,"232,000,000","58,000,000","65,000,000","34,000,000","75,000,000","-21,000,000","-225,000,000","-10,000,000","-30,000,000","-187,000,000","130,000,000","-50,000,000","-205,000,000","117,000,000","234,000,000","229,000,000","227,000,000","134,000,000","55,000,000","170,000,000","112,000,000","71,000,000","-606,000,000","-71,000,000","-130,000,000","-36,000,000","170,000,000","455,000,000","607,000,000","718,000,000","1,055,000,000","1,208,000,000","1,106,000,000","1,070,000,000","1,160,000,000","1,136,000,000","990,000,000","926,000,000","1,058,000,000","1,064,000,000","1,058,000,000","1,045,000,000","1,007,000,000","928,000,000","860,000,000","761,000,000","771,000,000","735,000,000","725,000,000","772,000,000","718,000,000","743,000,000","673,000,000","866,000,000","973,700,000","864,100,000","829,100,000","616,500,000","649,100,000","600,000,000","549,900,000","477,300,000","431,300,000","336,200,000","296,300,000","239,200,000","190,500,000","186,300,000","151,300,000","82,900,000","67,341,000","62,439,000","48,119,000","36,901,000","44,587,000","53,737,000","51,103,000","54,469,000","39,422,000","35,867,000","38,462,000","42,837,000","57,438,000","69,465,000","56,866,000","42,487,000","54,324,000","29,884,000","45,487,000","16,334,000","15,900,000","5,500,000","10,200,000","16,100,000","45,200,000","43,100,000","43,900,000","40,100,000","38,500,000","47,300,000","15,200,000","12,300,000","34,400,000","10,700,000"
TaxRateForCalcs,"0.4","0.4","0.27","0.27","0.27","0.05","0.27","0.27","0.351","0.071","0.107","0.27","0.065","0.118","0.27","0.27","0.167","0.048","0.4","0.1","0.159","0.07","0.109","0.096","0.358","0.4","0.091","0.188","0.269","0.376","0.281","0.288","0.318","0.306","0.292","0.308","0.31","0.309","0.233","0.303","0.321","0.308","0.32","0.323","0.32","0.319","0.299","0.295","0.318","0.32","0.32","0.332","0.371","0.325","0.326","0.323","0.375","0.32","0.327","0.324","0.349","0.334","0.345","0.335","0.338","0.335","0.322","0.32","0.312","0.351","0.4","0.272","0.29","0.29","0.4","0.32","0.307","0.339","0.317","0.36","0.36","0.36","0.373","0.389","0.38","0.38","0.4","0.38","0.187","0.38","0.39","0.269","0.333","0.383","0.351","0.365","0.375","0.37","0.372","0.4","0.371","0.394","0.377","0.351"
TaxEffectOfUnusualItems,"0","0","0","0","0","0","0","0","0","-134,261,000","-46,533,642.691","-3,240,000","-349,245,000","0","0","0","0","0","0","0","0","0","0","-93,312,000","0","0","-148,367,980.884","-10,340,000","0","0","0","0","0","0","0","0","0","0","0","-6,670,480.549","-1,606,538.895","-4,930,126.002","-4,163,701.068","0","-2,240,793.201","-6,055,649.241","-2,089,887.64","-6,783,595.113","-953,846.154","-5,116,883.117","-1,280,000","-7,958,549.223","-68,654,390.935","-11,708,987.161","3,525,248.146","4,650,110.213","-11,611,903.012","4,320,826.953","-5,202,666.431","583,695.057","-278,937.766","-969,192.399","-2,826,590.848","-3,047,879.011","-3,715,360.779","-1,005,467.469","578,996.037","-2,080,000","-4,435,540.839","-245,945.946","-279,600","-331,801.393","303,056.176","-384,845.158","-592,000","-223,097.584","-362,414.973","-803,325.124","-201,948.246","743,724.255","51,478.057","436,330.252","711,442.603","-1,071,176.149","-179,361.157","1,220,068.764","-5,688,800","253,471.807","-3,984,796.565","-69,916.122","-39,024.39","53,846.154","-366,666.667","-153,333.333","-5,621,621.622","145,882.353","187,664.042","-185,074.627","111,607.143","-4,080,000","111,363.636","-39,393.939","-8,553,623.188","175,675.676"