name,ttm,03/31/2022,12/31/2021,09/30/2021,06/30/2021,03/31/2021,12/31/2020,09/30/2020,06/30/2020,03/31/2020,12/31/2019,09/30/2019,06/30/2019,03/31/2019,12/31/2018,09/30/2018,06/30/2018,03/31/2018,12/31/2017,09/30/2017,06/30/2017,03/31/2017,12/31/2016,09/30/2016,06/30/2016,03/31/2016,12/31/2015,09/30/2015,06/30/2015,03/31/2015,12/31/2014,09/30/2014,06/30/2014,03/31/2014,12/31/2013,09/30/2013,06/30/2013,03/31/2013,12/31/2012,09/30/2012,06/30/2012,03/31/2012,12/31/2011,09/30/2011,06/30/2011,03/31/2011,12/31/2010,09/30/2010,06/30/2010,03/31/2010,12/31/2009,09/30/2009,06/30/2009,03/31/2009,12/31/2008,09/30/2008,06/30/2008,03/31/2008,12/31/2007,09/30/2007,06/30/2007,03/31/2007,12/31/2006,09/30/2006,06/30/2006,03/31/2006,12/31/2005,09/30/2005,06/30/2005,03/31/2005,12/31/2004,09/30/2004,06/30/2004,03/31/2004,12/31/2003,09/30/2003,06/30/2003,03/31/2003,12/31/2002,09/30/2002,06/30/2002
TotalRevenue,"1,191,200,000","328,700,000","280,800,000","283,100,000","298,600,000","279,300,000","276,000,000","268,300,000","247,000,000","282,700,000","85,400,000","373,000,000","387,000,000","360,300,000","381,400,000","388,200,000","393,600,000","368,800,000","362,500,000","343,700,000","307,600,000","295,800,000","286,900,000","292,700,000","313,200,000","294,900,000","321,900,000","306,600,000","298,400,000","277,500,000","316,400,000","302,600,000","313,100,000","287,200,000","275,500,000","276,000,000","305,800,000","286,900,000","279,300,000","291,700,000","301,700,000","311,500,000","271,400,000","300,800,000","263,700,000","269,600,000","191,500,000","194,500,000","250,800,000","228,200,000","131,600,000","219,700,000","235,300,000","216,400,000","289,300,000","278,600,000","316,800,000","283,100,000","275,600,000","252,700,000","254,400,000","247,300,000","244,800,000","228,600,000","226,700,000","228,300,000","207,100,000","199,600,000","219,400,000","212,500,000","204,100,000","192,100,000","216,300,000","213,800,000","179,000,000","168,800,000","198,300,000","184,000,000","177,200,000","174,200,000","191,200,000"
	OperatingRevenue,"1,191,200,000","328,700,000","280,800,000","283,100,000","298,600,000","279,300,000","276,000,000","268,300,000","247,000,000","282,700,000","85,400,000","373,000,000","387,000,000","360,300,000","381,400,000","388,200,000","393,600,000","368,800,000","362,500,000","343,700,000","307,600,000","295,800,000","286,900,000","292,700,000","313,200,000","294,900,000","321,900,000","306,600,000","298,400,000","277,500,000","316,400,000","302,600,000","313,100,000","287,200,000","275,500,000","276,000,000","305,800,000","286,900,000","279,300,000","291,700,000","301,700,000","311,500,000","271,400,000","300,800,000","263,700,000","269,600,000","191,500,000","194,500,000","250,800,000","228,200,000","131,600,000","219,700,000","235,300,000","216,400,000","289,300,000","278,600,000","316,800,000","283,100,000","275,600,000","252,700,000","254,400,000","247,300,000","244,800,000","228,600,000","226,700,000","228,300,000","207,100,000","199,600,000","219,400,000","212,500,000","204,100,000","192,100,000","216,300,000","213,800,000","179,000,000","168,800,000","198,300,000","184,000,000","177,200,000","174,200,000","191,200,000"
CostOfRevenue,"749,400,000","214,100,000","180,100,000","173,600,000","181,600,000","169,900,000","172,500,000","173,800,000","164,500,000","187,400,000","34,800,000","258,000,000","261,900,000","247,200,000","267,400,000","264,100,000","277,800,000","243,700,000","239,400,000","228,500,000","203,100,000","194,200,000","196,300,000","194,100,000","205,300,000","197,300,000","218,900,000","205,200,000","197,100,000","187,700,000","210,500,000","196,400,000","205,000,000","190,700,000","189,700,000","183,900,000","196,600,000","192,700,000","188,200,000","192,900,000","198,700,000","204,300,000","182,500,000","204,000,000","164,400,000","175,600,000","121,000,000","121,300,000","159,100,000","139,600,000","72,900,000","146,600,000","160,800,000","143,500,000","199,400,000","179,700,000","201,800,000","179,600,000","185,000,000","163,200,000","163,000,000","158,800,000","165,200,000","156,700,000","149,300,000","149,900,000","143,000,000","133,700,000","145,600,000","143,400,000","141,300,000","138,900,000","147,000,000","144,900,000","122,600,000","113,300,000","137,900,000","127,300,000","115,800,000","124,400,000","135,900,000"
GrossProfit,"441,800,000","114,600,000","100,700,000","109,500,000","117,000,000","109,400,000","103,500,000","94,500,000","82,500,000","95,300,000","50,600,000","115,000,000","125,100,000","113,100,000","114,000,000","124,100,000","115,800,000","125,100,000","123,100,000","115,200,000","104,500,000","101,600,000","90,600,000","98,600,000","107,900,000","97,600,000","103,000,000","101,400,000","101,300,000","89,800,000","105,900,000","106,200,000","108,100,000","96,500,000","85,800,000","92,100,000","109,200,000","94,200,000","91,100,000","98,800,000","103,000,000","107,200,000","88,900,000","96,800,000","99,300,000","94,000,000","70,500,000","73,200,000","91,700,000","88,600,000","58,700,000","73,100,000","74,500,000","72,900,000","89,900,000","98,900,000","115,000,000","103,500,000","90,600,000","89,500,000","91,400,000","88,500,000","79,600,000","71,900,000","77,400,000","78,400,000","64,100,000","65,900,000","73,800,000","69,100,000","62,800,000","53,200,000","69,300,000","68,900,000","56,400,000","55,500,000","60,400,000","56,700,000","61,400,000","49,800,000","55,300,000"
OperatingExpense,"347,300,000","87,200,000","94,100,000","80,900,000","85,100,000","82,200,000","92,400,000","102,000,000","80,700,000","74,800,000","86,800,000","86,400,000","84,800,000","89,200,000","95,000,000","79,900,000","93,700,000","93,100,000","85,000,000","96,700,000","77,200,000","74,200,000","77,300,000","73,300,000","78,800,000","90,000,000","81,400,000","76,500,000","74,600,000","78,400,000","81,600,000","78,600,000","84,000,000","79,100,000","69,200,000","73,800,000","78,400,000","73,500,000","71,000,000","70,000,000","76,600,000","75,000,000","76,100,000","67,200,000","71,400,000","62,600,000","64,400,000","56,700,000","71,000,000","77,500,000","141,800,000","71,400,000","79,100,000","78,400,000","77,500,000","78,900,000","80,700,000","77,600,000","88,200,000","70,100,000","69,600,000","68,900,000","354,000,000","77,700,000","70,400,000","54,200,000","35,300,000","50,900,000","51,300,000","52,200,000","49,900,000","47,400,000","51,400,000","48,700,000","43,800,000","43,700,000","42,100,000","44,000,000","59,100,000","36,400,000","40,000,000"
	SellingGeneralAndAdministration,"341,700,000","85,700,000","93,300,000","80,000,000","82,700,000","80,300,000","85,200,000","73,200,000","68,200,000","73,200,000","59,200,000","84,100,000","83,800,000","87,800,000","80,000,000","78,900,000","89,400,000","92,100,000","93,600,000","85,700,000","74,100,000","72,900,000","72,100,000","70,900,000","75,200,000","85,600,000","76,600,000","74,800,000","74,100,000","77,300,000","79,700,000","77,400,000","83,500,000","78,900,000","66,200,000","71,400,000","75,600,000","72,600,000","68,000,000","68,800,000","75,800,000","73,500,000","74,700,000","66,800,000","71,200,000","62,300,000","63,400,000","55,800,000","70,000,000","77,000,000","139,000,000","70,700,000","74,000,000","76,500,000","115,100,000","65,900,000","72,400,000","77,600,000","60,400,000","57,800,000","55,200,000","67,900,000","50,400,000","47,700,000","49,300,000","53,800,000","42,700,000","44,400,000","48,700,000","52,200,000","49,900,000","47,400,000","47,000,000","50,200,000","42,300,000","40,800,000","39,600,000","41,100,000","41,100,000","36,400,000","40,000,000"
	OtherOperatingExpenses,"5,600,000","1,500,000","800,000","900,000","2,400,000","1,900,000","7,200,000","28,800,000","12,500,000","1,600,000","27,600,000","2,300,000","1,000,000","1,400,000","15,000,000","1,000,000","4,300,000","1,000,000","-8,600,000","11,000,000","3,100,000","1,300,000","5,200,000","2,400,000","3,600,000","4,400,000","4,800,000","1,700,000","500,000","1,100,000","1,900,000","1,200,000","500,000","200,000","3,000,000","2,400,000","2,800,000","900,000","3,000,000","1,200,000","800,000","1,500,000","1,400,000","400,000","200,000","300,000","1,000,000","900,000","1,000,000","500,000","2,800,000","700,000","5,100,000","1,900,000","-37,600,000","13,000,000","8,300,000",,"27,800,000","12,300,000","14,400,000","1,000,000","303,600,000","30,000,000","21,100,000","400,000","-7,400,000","6,500,000","2,600,000",,"0",,"4,400,000","-1,500,000","1,500,000","2,900,000","2,500,000","2,900,000",,,
OperatingIncome,"94,500,000","27,400,000","6,600,000","28,600,000","31,900,000","27,200,000","11,100,000","-7,500,000","1,800,000","20,500,000","-36,200,000","28,600,000","40,300,000","23,900,000","19,000,000","44,200,000","22,100,000","32,000,000","38,100,000","18,500,000","27,300,000","27,400,000","13,300,000","25,300,000","29,100,000","7,600,000","21,600,000","24,900,000","26,700,000","11,400,000","24,300,000","27,600,000","24,100,000","17,400,000","16,600,000","18,300,000","30,800,000","20,700,000","20,100,000","28,800,000","26,400,000","32,200,000","12,800,000","29,600,000","27,900,000","31,400,000","6,100,000","16,500,000","20,700,000","11,100,000","-83,100,000","1,700,000","-4,600,000","-5,500,000","12,400,000","20,000,000","34,300,000","25,900,000","2,400,000","19,400,000","21,800,000","19,600,000","-274,400,000","-5,800,000","7,000,000","24,200,000","28,800,000","15,000,000","22,500,000","16,900,000","12,900,000","5,800,000","17,900,000","20,200,000","12,600,000","11,800,000","18,300,000","12,700,000","2,300,000","13,400,000","15,300,000"
NetNonOperatingInterestIncomeExpense,"-16,800,000","-6,900,000","-3,500,000","-2,600,000","-3,800,000","-3,800,000","-3,500,000","-3,900,000","-3,500,000","-4,000,000","-5,700,000","-3,800,000","-4,200,000","-4,500,000","-6,500,000","-5,900,000","-7,100,000","-7,800,000","-8,200,000","-10,300,000","-16,100,000","-14,800,000","-14,100,000","-14,000,000","-13,900,000","-13,100,000","-13,500,000","-12,800,000","-12,900,000","-12,900,000","-12,600,000","-10,500,000","-10,100,000","-10,900,000","-11,200,000","-11,100,000","-11,000,000","-11,000,000","-10,500,000","-10,900,000","-10,800,000","-10,600,000","-10,600,000","-9,900,000","-9,600,000","-9,500,000","-9,300,000","-9,200,000","-4,600,000","-2,800,000","-2,700,000","-2,700,000","-3,000,000","-3,000,000",,,,,,,,,,,,,,,,,,,,,,,,,,,
	InterestIncomeNonOperating,"2,600,000","200,000","800,000","1,400,000","200,000","200,000","400,000","100,000","400,000","700,000","100,000","300,000","300,000","700,000","400,000","200,000","200,000","400,000","500,000","900,000","0","100,000","100,000","300,000","200,000","200,000","300,000","100,000","200,000","100,000","200,000","300,000","300,000","200,000","200,000","200,000","300,000","100,000","200,000","0","100,000","100,000","100,000","300,000","400,000","400,000","400,000","400,000","500,000","300,000","300,000","400,000","100,000","100,000",,,,,,,,,,,,,,,,,,,,,,,,,,,
	InterestExpenseNonOperating,"19,400,000","7,100,000","4,300,000","4,000,000","4,000,000","4,000,000","3,900,000","4,000,000","3,900,000","4,700,000","5,800,000","4,100,000","4,500,000","5,200,000","6,900,000","6,100,000","7,300,000","8,200,000","8,700,000","11,200,000","16,100,000","14,900,000","14,200,000","14,300,000","14,100,000","13,300,000","13,800,000","12,900,000","13,100,000","13,000,000","12,800,000","10,800,000","10,400,000","11,100,000","11,400,000","11,300,000","11,300,000","11,100,000","10,700,000","10,900,000","10,900,000","10,700,000","10,700,000","10,200,000","10,000,000","9,900,000","9,700,000","9,600,000","5,100,000","3,100,000","3,000,000","3,100,000","3,100,000","3,100,000",,,,,,,,,,,,,,,,,,,,,,,,,,,
OtherIncomeExpense,"132,600,000","700,000","113,300,000","16,700,000","1,900,000","-100,000","-22,300,000","-17,200,000","300,000","1,400,000","-6,800,000","-24,600,000","-1,200,000","-1,500,000","-29,000,000","-13,800,000","-1,200,000","600,000","-13,700,000","532,500,000",,"-3,200,000","-3,500,000","-1,300,000","-2,500,000","-81,600,000","100,000","100,000","-47,200,000","-4,100,000","-6,000,000","-4,000,000","-2,500,000","-4,200,000","0",,"-6,300,000",,"-200,000","-500,000","-500,000",,"0","2,900,000",,,"0",,"54,100,000",,"-1,700,000",,"-93,600,000",,"35,900,000","-13,200,000","-9,300,000","-4,000,000","-33,800,000","-11,700,000","-14,400,000","-1,000,000","-305,900,000","-30,000,000","-20,800,000","-400,000","7,900,000","-4,200,000","9,300,000","300,000","-5,100,000","9,600,000","-7,200,000","1,000,000","400,000","-1,500,000","-1,400,000","-4,200,000","-18,000,000","-12,200,000","-31,400,000"
	SpecialIncomeCharges,"0",,,,,,,,,,,,,,"0","0",,,"-10,100,000","534,400,000","0","0","0","0","0","-80,000,000","0","0","-47,000,000",,"-30,000,000",,,,,,,,"1,000,000","-500,000","-500,000",,"0","2,900,000","0",,"0","0","54,100,000","0","-1,700,000","0","-93,600,000","0","35,900,000","-13,200,000","-9,300,000","-4,000,000","-33,800,000","-11,700,000","-14,400,000","-1,000,000","-305,900,000","-30,000,000","-20,800,000","-400,000","7,900,000","-4,200,000","9,300,000","300,000","-5,100,000","9,600,000","-7,200,000","1,000,000","400,000","-1,500,000","-1,400,000","-4,200,000","-18,000,000","-12,200,000","-31,400,000"
		RestructuringAndMergernAcquisition,,,,,,,,,,,,,,,,,,,,,,,,,,,,,,,,,,,,,,,,,,,,,,,,,,,,,,,,,,"1,200,000",,,,,,,,,"600,000","100,000","200,000","100,000","4,700,000","1,600,000","2,600,000","500,000","1,800,000","300,000","400,000","100,000","800,000","1,100,000","1,100,000"
		ImpairmentOfCapitalAssets,,,,,,,,,,,,,,,,,,,,,,,"0","0","0",,"0","0","47,000,000",,,,,,,,,,,,,,,,,,"0","0","0",,"0","0","113,100,000",,,,,,,,,,,,,,,,,,,,,,,,,,,,
		OtherSpecialCharges,,,,,,,,,,,,,,,,,,,,,,,"0",,,"80,000,000",,,,,"30,000,000",,,,,,,,,,,,,,,,"0",,"-54,100,000",,"1,700,000",,"-19,500,000",,,,,"2,800,000",,,,,,,,,"-8,500,000","4,100,000","-9,500,000","-400,000","400,000","-11,200,000","4,600,000","-1,500,000","-2,200,000","1,200,000","1,000,000","4,100,000","17,200,000","11,100,000","30,300,000"
		GainOnSaleOfBusiness,"0",,,,,,,,,,,,,,"0","0",,,"0","534,400,000",,,,,,,,,,,,,,,,,,,,,,,,,,,,,,,,,,,,,,,,,,,,,,,,,,,,,,,,,,,,,
	OtherNonOperatingIncomeExpenses,"132,600,000","700,000","113,300,000","16,700,000","1,900,000","-100,000","-22,300,000","-17,200,000","300,000","1,400,000","-6,800,000","-24,600,000","-1,200,000","-1,500,000","-29,000,000","-13,800,000","-1,200,000","600,000","-3,600,000","-1,900,000",,"-3,200,000","-3,500,000","-1,300,000","-2,500,000","-1,600,000","100,000","100,000","-200,000","-4,100,000","24,000,000","-4,000,000","-2,500,000","-4,200,000","0",,"-6,300,000",,"-200,000",,,,,,,,,,,,,,,,,,,,,,,,,,,,,,,,,,,,,,,,,,
PretaxIncome,"210,300,000","21,200,000","116,400,000","42,700,000","30,000,000","23,300,000","-14,700,000","-28,600,000","-1,400,000","17,900,000","-48,700,000","200,000","34,900,000","17,900,000","-16,500,000","24,500,000","13,800,000","24,800,000","16,200,000","540,700,000","11,200,000","9,400,000","-4,300,000","10,000,000","12,700,000","-87,100,000","8,200,000","12,200,000","-33,400,000","-5,600,000","5,700,000","13,100,000","11,500,000","2,300,000","5,400,000","7,200,000","13,500,000","9,700,000","9,400,000","17,400,000","15,100,000","21,600,000","2,200,000","22,600,000","18,300,000","21,900,000","-3,200,000","7,300,000","70,200,000","8,300,000","-87,500,000","-1,000,000","-101,200,000","-8,500,000","9,400,000","18,200,000","32,100,000","21,000,000","-3,400,000","19,900,000","22,000,000","19,500,000","-277,400,000","-6,700,000","6,500,000","23,400,000","27,900,000","15,600,000","32,900,000","15,700,000","6,200,000","13,700,000","13,200,000","17,800,000","12,800,000","11,200,000","17,400,000","9,500,000","400,000","-800,000","-19,300,000"
TaxProvision,"34,300,000","4,700,000","13,700,000","15,100,000","800,000","5,200,000","-5,700,000","-7,300,000","1,800,000","7,700,000","-21,000,000","1,700,000","11,000,000","4,800,000","5,600,000","300,000","3,900,000","12,200,000","-18,000,000","50,500,000","2,200,000","3,000,000","-1,400,000","4,000,000","9,100,000","-40,300,000","1,600,000","800,000","3,900,000","-4,000,000","1,900,000","4,500,000","3,200,000","1,000,000","200,000","1,600,000","5,500,000","1,100,000","3,700,000","6,100,000","4,900,000","7,800,000","-400,000","8,400,000","6,100,000","6,700,000","-9,500,000","2,400,000","25,700,000","2,700,000","-44,600,000","-2,800,000","4,500,000","-11,700,000","3,300,000","5,100,000","11,000,000","7,800,000","-2,700,000","7,600,000","8,200,000","7,200,000","-103,800,000","-2,400,000","2,300,000","8,600,000","10,400,000","5,600,000","11,800,000","5,700,000","2,300,000","3,600,000","4,800,000","6,400,000","4,400,000","3,900,000","6,000,000","3,400,000","200,000","-300,000","-8,500,000"
NetIncomeCommonStockholders,"175,800,000","16,200,000","102,800,000","27,500,000","29,300,000","18,000,000","-8,100,000","-19,700,000","-6,500,000","218,700,000","2,800,000","-1,500,000","23,900,000","13,100,000","-22,100,000","24,200,000","9,900,000","12,600,000","34,200,000","490,200,000","9,000,000","6,400,000","-2,900,000","6,000,000","3,600,000","-46,800,000","6,600,000","11,400,000","-37,300,000","-1,600,000","3,800,000","8,600,000","8,300,000","1,300,000","5,200,000","5,600,000","8,000,000","8,600,000","5,700,000","11,300,000","10,200,000","13,800,000","2,600,000","14,200,000","12,200,000","15,200,000","6,300,000","4,900,000","45,200,000","99,000,000","-38,600,000","1,800,000","-105,700,000","3,200,000","6,100,000","13,100,000","21,100,000","13,200,000","1,800,000","12,300,000","13,800,000","12,300,000","-173,600,000","-4,300,000","4,200,000","14,800,000","17,500,000","10,000,000","21,100,000","10,000,000","3,900,000","10,100,000","8,400,000","11,400,000","8,400,000","7,300,000","11,400,000","6,100,000","-14,400,000","-500,000","-1,300,000"
	NetIncome,"175,800,000","16,200,000","102,800,000","27,500,000","29,300,000","18,000,000","-8,100,000","-19,700,000","-6,500,000","218,700,000","2,800,000","-1,500,000","23,900,000","13,100,000","-22,100,000","24,200,000","9,900,000","12,600,000","34,200,000","490,200,000","9,000,000","6,400,000","-2,900,000","6,000,000","3,600,000","-46,800,000","6,600,000","11,400,000","-37,300,000","-1,600,000","3,800,000","8,600,000","8,300,000","1,300,000","5,200,000","5,600,000","8,000,000","8,600,000","5,700,000","11,300,000","10,200,000","13,800,000","2,600,000","14,200,000","12,200,000","15,200,000","6,300,000","4,900,000","45,200,000","99,000,000","-38,600,000","1,800,000","-105,700,000","3,200,000","6,100,000","13,100,000","21,100,000","13,200,000","1,800,000","12,300,000","13,800,000","12,300,000","-173,600,000","-4,300,000","4,200,000","14,800,000","17,500,000","10,000,000","21,100,000","10,000,000","3,900,000","10,100,000","8,400,000","11,400,000","8,400,000","7,300,000","11,400,000","6,100,000","-14,400,000","-500,000","-1,300,000"
		NetIncomeIncludingNoncontrollingInterests,"176,000,000","16,500,000","102,700,000","27,600,000","29,200,000","18,100,000","-8,200,000","-19,400,000","-6,400,000","218,800,000","2,800,000","-1,500,000","23,900,000","13,100,000","-22,100,000","24,200,000","9,900,000","12,600,000","34,200,000","490,200,000","9,000,000","6,400,000","-2,900,000","6,000,000","3,600,000","-46,800,000","6,600,000","11,400,000","-37,300,000","-1,600,000","3,800,000","8,600,000","8,300,000","1,300,000","5,200,000","5,600,000","8,000,000","8,600,000","5,700,000","11,300,000","10,200,000","13,800,000","2,600,000","14,200,000","12,200,000","15,200,000","6,300,000","4,900,000","45,200,000","99,000,000","-38,600,000","1,800,000","-105,700,000","3,200,000","6,100,000","13,100,000","21,100,000","13,200,000","1,800,000","12,300,000","13,800,000","12,300,000","-173,600,000","-4,300,000","4,200,000","14,800,000","17,500,000","10,000,000","21,100,000","10,000,000","3,900,000","10,100,000","8,400,000","11,400,000","8,400,000","7,300,000","11,400,000","6,100,000","-14,400,000","-500,000","-1,300,000"
			NetIncomeContinuousOperations,"176,000,000","16,500,000","102,700,000","27,600,000","29,200,000","18,100,000","-9,000,000","-21,300,000","-3,200,000","10,200,000","-27,700,000","-1,500,000","23,900,000","13,100,000","-22,100,000","24,200,000","9,900,000","12,600,000","34,200,000","490,200,000","9,000,000","6,400,000","-2,900,000","6,000,000","3,600,000","-46,800,000","6,600,000","11,400,000","-37,300,000","-1,600,000","3,800,000","8,600,000","8,300,000","1,300,000","5,200,000","5,600,000","8,000,000","8,600,000","5,700,000","11,300,000","10,200,000","13,800,000","2,600,000","14,200,000","12,200,000","15,200,000","6,300,000","4,900,000","44,500,000","5,600,000","-42,900,000","1,800,000","-105,700,000","3,200,000","6,100,000","13,100,000","21,100,000","13,200,000","-700,000","12,300,000","13,800,000","12,300,000","-173,600,000","-4,300,000","4,200,000","14,800,000","17,500,000","10,000,000","21,100,000","10,000,000","3,900,000","10,100,000","8,400,000","11,400,000","8,400,000","7,300,000","11,400,000","6,100,000","200,000","-500,000","-12,100,000"
			NetIncomeDiscontinuousOperations,,,"0","0","0","0","800,000","1,900,000","-3,200,000","208,600,000","11,000,000",,,,,,,,,,,,,,,,,,,,,,,,,,,,,,,,"0","0","0","0","0","0","700,000","93,400,000",,,,,,,,,,,,,,,,,,,,,,,,,,,,,"0",,"10,800,000"
		MinorityInterests,"-600,000","-300,000","-300,000","-100,000","100,000","-100,000","100,000","-300,000","-100,000","-100,000",,,,,,,,,,,,,,,,,,,,,,,,,,,,,,,,,,,,,,,,,,,,,,,,,,,,,,,,,,,,,,,,,,,,,,,
DilutedNIAvailtoComStockholders,"175,800,000","16,200,000","102,800,000","27,500,000","29,300,000","18,000,000","-8,100,000","-19,700,000","-6,500,000","218,700,000","2,800,000","-1,500,000","23,900,000","13,100,000","-22,100,000","24,200,000","9,900,000","12,600,000","34,200,000","490,200,000","9,000,000","6,400,000","-2,900,000","6,000,000","3,600,000","-46,800,000","6,600,000","11,400,000","-37,300,000","-1,600,000","3,800,000","8,600,000","8,300,000","1,300,000","5,200,000","5,600,000","8,000,000","8,600,000","5,700,000","11,300,000","10,200,000","13,800,000","2,600,000","14,200,000","12,200,000","15,200,000","6,300,000","4,900,000","45,200,000","99,000,000","-38,600,000","1,800,000","-105,700,000","3,200,000","6,100,000","13,100,000","21,100,000","13,200,000","1,800,000","12,300,000","13,800,000","12,300,000","-173,600,000","-4,300,000","4,200,000","14,800,000","17,500,000","10,000,000","21,100,000","10,000,000","3,900,000","10,100,000","8,400,000","11,400,000","8,400,000","7,300,000","11,400,000","6,100,000","-14,400,000","-500,000","-1,300,000"
BasicEPS,,"0.78","4.97","1.34","1.42","0.87","-0.39","-0.96","-0.31","10.62","0.14","-0.08","1.16","0.63","-1.07","1.17","0.47","0.59","1.6","22.98","0.42","0.3","-0.14","0.28","0.17","-2.15","0.3","0.52","-1.66","-0.07","0.16","0.36","0.36","0.06","0.25","0.27","0.39","0.41","0.28","0.54","0.5","0.67",,"0.7","0.59","0.74",,"0.24","2.22","4.89",,"0.09","-5.3","0.16",,"0.66","1.05","0.63",,"0.58","0.65","0.58",,"-0.2","0.2","0.71",,"0.48","1.02","0.49",,"0.49","0.41","0.56",,"0.36","0.57","0.3",,"-0.02","-0.06"
DilutedEPS,,"0.77","4.92","1.33","1.41","0.87","-0.39","-0.96","-0.31","10.59","0.14","-0.08","1.15","0.63","-1.07","1.16","0.47","0.58","1.57","22.49","0.41","0.3","-0.14","0.28","0.17","-2.15","0.3","0.51","-1.66","-0.07","0.15","0.33","0.32","0.05","0.22","0.23","0.35","0.39","0.27","0.53","0.47","0.64",,"0.66","0.56","0.71",,"0.24","2.2","4.83",,"0.09","-5.3","0.16",,"0.62","0.99","0.61",,"0.54","0.61","0.56",,"-0.2","0.19","0.69",,"0.47","0.99","0.47",,"0.47","0.4","0.54",,"0.35","0.56","0.3",,"-0.02","-0.06"
BasicAverageShares,,"20,800,000","20,600,000","20,600,000","20,600,000","20,600,000","20,500,000","20,500,000","20,500,000","20,600,000","20,600,000","20,600,000","20,700,000","20,800,000","20,700,000","20,700,000","20,900,000","21,300,000","21,400,000","21,300,000","21,300,000","21,400,000","21,400,000","21,500,000","21,700,000","21,800,000","21,900,000","22,000,000","22,500,000","23,800,000","24,000,000","24,000,000","22,900,000","21,300,000","20,900,000","20,900,000","20,700,000","20,700,000","20,700,000","20,700,000","20,700,000","20,600,000",,"20,500,000","20,500,000","20,500,000",,"20,400,000","20,300,000","20,300,000",,"20,000,000","20,000,000","19,900,000",,"20,000,000","20,000,000","20,952,381",,"21,206,897","21,230,769","21,206,897",,"21,500,000","21,000,000","20,845,070",,"20,833,333","20,686,275","20,408,163",,"20,612,245","20,487,805","20,357,143",,"20,277,778","20,000,000","20,200,000",,"20,200,000","20,200,000"
DilutedAverageShares,,"20,900,000","20,800,000","20,700,000","20,800,000","20,700,000","20,500,000","20,500,000","20,500,000","20,600,000","20,600,000","20,600,000","20,800,000","20,900,000","20,700,000","20,900,000","21,100,000","21,600,000","21,800,000","21,800,000","21,800,000","21,800,000","21,400,000","21,700,000","21,900,000","21,800,000","22,200,000","22,100,000","22,500,000","23,800,000","25,800,000","26,100,000","26,000,000","25,100,000","24,200,000","24,300,000","22,500,000","22,300,000","21,700,000","21,300,000","21,800,000","21,400,000",,"21,600,000","21,900,000","21,500,000",,"20,600,000","20,600,000","20,500,000",,"20,300,000","20,000,000","20,100,000",,"21,100,000","21,300,000","21,639,344",,"22,777,778","22,622,951","21,964,286",,"21,500,000","22,105,263","21,449,275",,"21,276,596","21,313,131","21,276,596",,"21,489,362","21,000,000","21,111,111",,"20,857,143","20,357,143","20,200,000",,"20,200,000","20,200,000"
TotalOperatingIncomeAsReported,"94,500,000","27,400,000","6,600,000","28,600,000","31,900,000","27,200,000","11,100,000","-7,500,000","1,800,000","20,500,000","-36,200,000","28,600,000","40,300,000","23,900,000","19,000,000","44,200,000","22,100,000","32,000,000","28,000,000","18,500,000","27,300,000","27,400,000","13,300,000","25,300,000","29,100,000","-72,400,000","21,600,000","24,900,000","-20,300,000","11,400,000","-5,700,000","27,600,000","24,100,000","17,400,000","16,600,000","18,300,000","30,800,000","20,700,000","20,100,000","28,800,000","26,400,000","32,200,000","12,800,000","29,600,000","27,900,000","31,400,000","6,100,000","16,500,000","20,700,000","11,100,000","-83,100,000","1,700,000","-117,700,000","-5,500,000","12,400,000","20,000,000","34,300,000","24,700,000","-3,600,000","19,400,000","21,800,000","19,600,000","-276,700,000","-5,800,000","7,000,000","24,200,000","28,200,000","14,900,000","22,300,000","16,800,000","8,200,000","4,200,000","15,300,000","19,700,000","10,800,000","11,500,000","17,900,000","12,600,000","1,500,000","12,300,000","14,200,000"
TotalExpenses,"1,096,700,000","301,300,000","274,200,000","254,500,000","266,700,000","252,100,000","264,900,000","275,800,000","245,200,000","262,200,000","121,600,000","344,400,000","346,700,000","336,400,000","362,400,000","344,000,000","371,500,000","336,800,000","324,400,000","325,200,000","280,300,000","268,400,000","273,600,000","267,400,000","284,100,000","287,300,000","300,300,000","281,700,000","271,700,000","266,100,000","292,100,000","275,000,000","289,000,000","269,800,000","258,900,000","257,700,000","275,000,000","266,200,000","259,200,000","262,900,000","275,300,000","279,300,000","258,600,000","271,200,000","235,800,000","238,200,000","185,400,000","178,000,000","230,100,000","217,100,000","214,700,000","218,000,000","239,900,000","221,900,000","276,900,000","258,600,000","282,500,000","257,200,000","273,200,000","233,300,000","232,600,000","227,700,000","519,200,000","234,400,000","219,700,000","204,100,000","178,300,000","184,600,000","196,900,000","195,600,000","191,200,000","186,300,000","198,400,000","193,600,000","166,400,000","157,000,000","180,000,000","171,300,000","174,900,000","160,800,000","175,900,000"
NetIncomeFromContinuingAndDiscontinuedOperation,"175,800,000","16,200,000","102,800,000","27,500,000","29,300,000","18,000,000","-8,100,000","-19,700,000","-6,500,000","218,700,000","2,800,000","-1,500,000","23,900,000","13,100,000","-22,100,000","24,200,000","9,900,000","12,600,000","34,200,000","490,200,000","9,000,000","6,400,000","-2,900,000","6,000,000","3,600,000","-46,800,000","6,600,000","11,400,000","-37,300,000","-1,600,000","3,800,000","8,600,000","8,300,000","1,300,000","5,200,000","5,600,000","8,000,000","8,600,000","5,700,000","11,300,000","10,200,000","13,800,000","2,600,000","14,200,000","12,200,000","15,200,000","6,300,000","4,900,000","45,200,000","99,000,000","-38,600,000","1,800,000","-105,700,000","3,200,000","6,100,000","13,100,000","21,100,000","13,200,000","-700,000","12,300,000","13,800,000","12,300,000","-173,600,000","-4,300,000","4,200,000","14,800,000","17,500,000","10,000,000","21,100,000","10,000,000","3,900,000","10,100,000","8,400,000","11,400,000","8,400,000","7,300,000","11,400,000","6,100,000","200,000","-500,000","-1,300,000"
NormalizedIncome,"175,800,000","16,200,000","102,800,000","27,500,000","29,300,000","18,000,000","-8,900,000","-21,600,000","-3,300,000","10,100,000","-27,700,000","-1,500,000","23,900,000","13,100,000","-22,100,000","24,200,000","9,900,000","12,600,000","40,260,000","5,499,200","9,000,000","6,400,000","-2,900,000","6,000,000","3,600,000","1,200,000","6,600,000","11,400,000","-9,100,000","-1,600,000","3,800,000","8,600,000","8,300,000","1,300,000","5,200,000","5,600,000","8,000,000","8,600,000","5,093,617.021","11,624,712.644","10,537,748.344","13,800,000","2,600,000","12,377,876.106","12,200,000","15,200,000","6,300,000","4,900,000","10,205,840.456","5,600,000","-41,795,000","1,800,000","-44,860,000","3,200,000","-17,196,808.511","22,601,098.901","27,213,084.112","15,714,285.714","21,270,000","19,531,658.291","22,832,727.273","12,930,769.231","17,835,616.438","14,953,731.343","17,640,000","15,052,991.453","12,544,802.867","12,692,307.692","15,135,562.31","9,808,917.197","7,108,064.516","3,022,627.737","12,981,818.182","10,759,550.562","8,137,500","8,277,678.571","12,317,241.379","8,796,842.105","11,000,000","7,125,000","6,740,000"
InterestIncome,"2,600,000","200,000","800,000","1,400,000","200,000","200,000","400,000","100,000","400,000","700,000","100,000","300,000","300,000","700,000","400,000","200,000","200,000","400,000","500,000","900,000","0","100,000","100,000","300,000","200,000","200,000","300,000","100,000","200,000","100,000","200,000","300,000","300,000","200,000","200,000","200,000","300,000","100,000","200,000","0","100,000","100,000","100,000","300,000","400,000","400,000","400,000","400,000","500,000","300,000","300,000","400,000","100,000","100,000",,,,,,,,,,,,,,,,,,,,,,,,,,,
InterestExpense,"19,400,000","7,100,000","4,300,000","4,000,000","4,000,000","4,000,000","3,900,000","4,000,000","3,900,000","4,700,000","5,800,000","4,100,000","4,500,000","5,200,000","6,900,000","6,100,000","7,300,000","8,200,000","8,700,000","11,200,000","16,100,000","14,900,000","14,200,000","14,300,000","14,100,000","13,300,000","13,800,000","12,900,000","13,100,000","13,000,000","12,800,000","10,800,000","10,400,000","11,100,000","11,400,000","11,300,000","11,300,000","11,100,000","10,700,000","10,900,000","10,900,000","10,700,000","10,700,000","10,200,000","10,000,000","9,900,000","9,700,000","9,600,000","5,100,000","3,100,000","3,000,000","3,100,000","3,100,000","3,100,000",,,,,,,,,,,,,,,,,,,,,,,,,,,
NetInterestIncome,"-16,800,000","-6,900,000","-3,500,000","-2,600,000","-3,800,000","-3,800,000","-3,500,000","-3,900,000","-3,500,000","-4,000,000","-5,700,000","-3,800,000","-4,200,000","-4,500,000","-6,500,000","-5,900,000","-7,100,000","-7,800,000","-8,200,000","-10,300,000","-16,100,000","-14,800,000","-14,100,000","-14,000,000","-13,900,000","-13,100,000","-13,500,000","-12,800,000","-12,900,000","-12,900,000","-12,600,000","-10,500,000","-10,100,000","-10,900,000","-11,200,000","-11,100,000","-11,000,000","-11,000,000","-10,500,000","-10,900,000","-10,800,000","-10,600,000","-10,600,000","-9,900,000","-9,600,000","-9,500,000","-9,300,000","-9,200,000","-4,600,000","-2,800,000","-2,700,000","-2,700,000","-3,000,000","-3,000,000",,,,,,,,,,,,,,,,,,,,,,,,,,,
EBIT,"229,700,000","28,300,000","120,700,000","46,700,000","34,000,000","27,300,000","-10,800,000","-24,600,000","2,500,000","22,600,000","-42,900,000","4,300,000","39,400,000","23,100,000","-9,600,000","30,600,000","21,100,000","33,000,000","24,900,000","551,900,000","27,300,000","24,300,000","9,900,000","24,300,000","26,800,000","-73,800,000","22,000,000","25,100,000","-20,300,000","7,400,000","18,500,000","23,900,000","21,900,000","13,400,000","16,800,000","18,500,000","24,800,000","20,800,000","20,100,000","28,300,000","26,000,000","32,300,000","12,900,000","32,800,000","28,300,000","31,800,000","6,500,000","16,900,000","75,300,000","11,400,000","-84,500,000","2,100,000","-98,100,000","-5,400,000","9,700,000","20,000,000","34,300,000","25,900,000","2,400,000","19,400,000","21,800,000","19,600,000","-274,400,000","-5,800,000","7,000,000","24,200,000","28,800,000","15,000,000","22,500,000","16,900,000","12,900,000","5,800,000","17,900,000","20,200,000","12,600,000","11,800,000","18,300,000","12,700,000","2,300,000","13,400,000","15,300,000"
EBITDA,"314,600,000"
ReconciledCostOfRevenue,"749,400,000","214,100,000","180,100,000","173,600,000","181,600,000","169,900,000","172,500,000","173,800,000","164,500,000","187,400,000","34,800,000","258,000,000","261,900,000","247,200,000","267,400,000","264,100,000","277,800,000","243,700,000","239,400,000","228,500,000","203,100,000","194,200,000","196,300,000","194,100,000","205,300,000","197,300,000","218,900,000","205,200,000","197,100,000","187,700,000","210,500,000","196,400,000","205,000,000","190,700,000","189,700,000","183,900,000","196,600,000","192,700,000","188,200,000","192,900,000","198,700,000","204,300,000","182,500,000","204,000,000","164,400,000","175,600,000","121,000,000","121,300,000","159,100,000","139,600,000","72,900,000","146,600,000","160,800,000","143,500,000","199,400,000","179,700,000","201,800,000","179,600,000","185,000,000","163,200,000","163,000,000","158,800,000","165,200,000","156,700,000","149,300,000","149,900,000","143,000,000","133,700,000","145,600,000","143,400,000","141,300,000","138,900,000","147,000,000","144,900,000","122,600,000","113,300,000","137,900,000","127,300,000","115,800,000","124,400,000","135,900,000"
ReconciledDepreciation,"84,900,000","27,900,000","19,900,000","18,400,000","18,700,000","18,800,000","19,300,000","17,100,000","17,200,000","17,200,000","14,300,000","18,000,000","18,200,000","17,400,000","19,100,000","17,900,000","18,400,000","18,300,000","18,500,000","17,300,000","14,200,000","13,800,000","14,400,000","14,600,000","14,200,000","13,900,000","14,800,000","14,400,000","14,800,000","14,100,000","14,500,000","14,100,000","14,700,000","14,200,000","13,900,000","14,300,000","14,300,000","14,100,000","14,900,000","14,200,000","13,900,000","12,500,000","14,000,000","12,300,000","11,500,000","10,600,000","9,500,000","9,000,000","10,200,000","10,900,000","6,600,000","11,300,000","11,200,000","11,200,000","11,300,000","11,300,000","11,400,000","10,800,000","10,600,000","10,400,000","9,600,000","9,600,000","9,300,000","9,100,000","8,600,000","8,200,000","8,000,000","7,600,000","7,800,000","7,900,000","8,000,000","7,600,000","7,900,000","8,100,000","8,600,000","7,400,000","7,800,000","7,800,000","6,900,000","7,700,000",
NetIncomeFromContinuingOperationNetMinorityInterest,"175,800,000","16,200,000","102,800,000","27,500,000","29,300,000","18,000,000","-8,900,000","-21,600,000","-3,300,000","10,100,000","-27,700,000","-1,500,000","23,900,000","13,100,000","-22,100,000","24,200,000","9,900,000","12,600,000","34,200,000","490,200,000","9,000,000","6,400,000","-2,900,000","6,000,000","3,600,000","-46,800,000","6,600,000","11,400,000","-37,300,000","-1,600,000","3,800,000","8,600,000","8,300,000","1,300,000","5,200,000","5,600,000","8,000,000","8,600,000","5,700,000","11,300,000","10,200,000","13,800,000","2,600,000","14,200,000","12,200,000","15,200,000","6,300,000","4,900,000","44,500,000","5,600,000","-42,900,000","1,800,000","-105,700,000","3,200,000","6,100,000","13,100,000","21,100,000","13,200,000","-700,000","12,300,000","13,800,000","12,300,000","-173,600,000","-4,300,000","4,200,000","14,800,000","17,500,000","10,000,000","21,100,000","10,000,000","3,900,000","10,100,000","8,400,000","11,400,000","8,400,000","7,300,000","11,400,000","6,100,000","200,000","-500,000","-12,100,000"
TotalUnusualItemsExcludingGoodwill,,,,,,,,,,,,,,,"0","0",,,"-10,100,000","534,400,000","0","0","0","0","0","-80,000,000","0","0","-47,000,000",,"-30,000,000",,,,,,,,"1,000,000","-500,000","-500,000",,"0","2,900,000","0",,"0","0","54,100,000","0","-1,700,000","0","-93,600,000","0","35,900,000","-13,200,000","-9,300,000","-4,000,000","-33,800,000","-11,700,000","-14,400,000","-1,000,000","-305,900,000","-30,000,000","-20,800,000","-400,000","7,900,000","-4,200,000","9,300,000","300,000","-5,100,000","9,600,000","-7,200,000","1,000,000","400,000","-1,500,000","-1,400,000","-4,200,000","-18,000,000","-12,200,000","-31,400,000"
TotalUnusualItems,,,,,,,,,,,,,,,"0","0",,,"-10,100,000","534,400,000","0","0","0","0","0","-80,000,000","0","0","-47,000,000",,"-30,000,000",,,,,,,,"1,000,000","-500,000","-500,000",,"0","2,900,000","0",,"0","0","54,100,000","0","-1,700,000","0","-93,600,000","0","35,900,000","-13,200,000","-9,300,000","-4,000,000","-33,800,000","-11,700,000","-14,400,000","-1,000,000","-305,900,000","-30,000,000","-20,800,000","-400,000","7,900,000","-4,200,000","9,300,000","300,000","-5,100,000","9,600,000","-7,200,000","1,000,000","400,000","-1,500,000","-1,400,000","-4,200,000","-18,000,000","-12,200,000","-31,400,000"
NormalizedEBITDA,"314,600,000","56,200,000","140,600,000","65,100,000","52,700,000","46,100,000","8,500,000","-7,500,000","19,700,000","39,800,000","-28,600,000","22,300,000","57,600,000","40,500,000","9,500,000","48,500,000","39,500,000","51,300,000","53,500,000","34,800,000","41,500,000","38,100,000","24,300,000","38,900,000","41,000,000","20,100,000","36,800,000","39,500,000","41,500,000","21,500,000","33,000,000","38,000,000","36,600,000","27,600,000","30,700,000","32,800,000","39,100,000","34,900,000","34,000,000","43,000,000","40,400,000","44,800,000","26,900,000","42,200,000","39,800,000","42,400,000","16,000,000","25,900,000","31,400,000","22,300,000","-76,200,000","13,400,000","6,700,000","5,800,000","-14,900,000","44,500,000","55,000,000","40,700,000","46,800,000","41,500,000","45,800,000","30,200,000","40,800,000","33,300,000","36,400,000","32,800,000","28,900,000","26,800,000","21,000,000","24,500,000","26,000,000","3,800,000","33,000,000","27,300,000","20,800,000","20,700,000","27,500,000","24,700,000","27,200,000","33,300,000","46,700,000"
TaxRateForCalcs,"0.163","0.223","0.118","0.354","0.026","0.222","0.388","0.254","0.27","0.27","0.27","0.27","0.314","0.268","0.27","0.012","0.286","0.27","0.4","0.093","0.196","0.318","0.326","0.396","0.4","0.4","0.195","0.063","0.4","0.4","0.333","0.343","0.272","0.35","0.037","0.222","0.35","0.114","0.394","0.351","0.325","0.361","0.35","0.372","0.333","0.306","0.35","0.329","0.366","0.325","0.35","0.35","0.35","0.35","0.351","0.28","0.343","0.371","0.35","0.382","0.373","0.369","0.374","0.358","0.354","0.368","0.373","0.359","0.359","0.363","0.371","0.263","0.364","0.36","0.344","0.348","0.345","0.358","0.4","0.375","0.4"
TaxEffectOfUnusualItems,"0","0","0","0","0","0","0","0","0","0","0","0","0","0","0","0","0","0","-4,040,000","49,699,200","0","0","0","0","0","-32,000,000","0","0","-18,800,000","0","0","0","0","0","0","0","0","0","393,617.021","-175,287.356","-162,251.656","0","0","1,077,876.106","0","0","0","0","19,805,840.456","0","-595,000","0","-32,760,000","0","12,603,191.489","-3,698,901.099","-3,186,915.888","-1,485,714.286","-11,830,000","-4,468,341.709","-5,367,272.727","-369,230.769","-114,464,383.562","-10,746,268.657","-7,360,000","-147,008.547","2,944,802.867","-1,507,692.308","3,335,562.31","108,917.197","-1,891,935.484","2,522,627.737","-2,618,181.818","359,550.562","137,500","-522,321.429","-482,758.621","-1,503,157.895","-7,200,000","-4,575,000","-12,560,000"