name,ttm,03/31/2022,12/31/2021,09/30/2021,06/30/2021,03/31/2021,12/31/2020,09/30/2020,06/30/2020,03/31/2020,12/31/2019,09/30/2019,06/30/2019,03/31/2019,12/31/2018,09/30/2018,06/30/2018,03/31/2018,12/31/2017,09/30/2017,06/30/2017,03/31/2017,12/31/2016,09/30/2016,06/30/2016,03/31/2016,12/31/2015,09/30/2015,06/30/2015,03/31/2015,12/31/2014,09/30/2014,06/30/2014,03/31/2014,12/31/2013,09/30/2013,06/30/2013,03/31/2013,12/31/2012,09/30/2012,06/30/2012,03/31/2012,12/31/2011,09/30/2011,06/30/2011,03/31/2011,12/31/2010,09/30/2010,06/30/2010,03/31/2010,12/31/2009,09/30/2009,06/30/2009,03/31/2009,12/31/2008,09/30/2008,06/30/2008,03/31/2008,12/31/2007,09/30/2007,06/30/2007,03/31/2007,12/31/2006,09/30/2006,06/30/2006,03/31/2006,12/31/2005,09/30/2005,06/30/2005,03/31/2005,12/31/2004,09/30/2004,06/30/2004,03/31/2004,12/31/2003,09/30/2003,06/30/2003,03/31/2003,12/31/2002,09/30/2002,06/30/2002,03/31/2002,12/31/2001,09/30/2001,06/30/2001,03/31/2001,03/31/2000
TotalRevenue,"1,666,717,000","409,863,000","417,416,000","412,345,000","427,093,000","361,646,000","386,642,000","362,591,000","339,540,000","392,791,000","399,694,000","378,056,000","372,445,000","486,469,000","509,309,000","490,363,000","486,204,000","475,881,000","450,535,000","440,566,000","435,488,000","487,430,000","471,757,000","441,418,000","437,804,000","405,703,000","464,919,000","493,566,000","570,611,000","554,944,000","681,738,000","794,422,000","749,745,000","849,213,000","779,816,000","780,010,000","904,196,000","999,710,000","573,313,000","1,744,766,000","1,901,905,000","1,735,692,000","1,927,105,000","1,824,350,000","1,589,184,000","1,234,616,000","1,194,212,000","1,138,379,000","1,124,941,000","945,529,000","982,778,000","1,251,247,000","987,842,000","634,004,000","1,033,190,000","1,825,226,000","1,377,580,000","592,774,000","463,142,000","394,542,000","320,506,000","296,824,000","290,679,000","291,023,000","279,968,000","274,004,000","281,070,000","263,546,000","58,306,000","56,635,000","54,686,000","58,075,000","55,707,000","52,324,000","50,397,000","51,695,000","47,542,000","31,816,000","30,243,000","32,161,000","30,030,000","26,024,000","24,911,000","26,857,000","23,637,000","23,422,000","21,406,000"
	OperatingRevenue,"1,666,717,000","409,863,000","417,416,000","412,345,000","427,093,000","361,646,000","386,642,000","362,591,000","339,540,000","392,791,000","399,694,000","378,056,000","372,445,000","486,469,000","509,309,000","490,363,000","486,204,000","475,881,000","450,535,000","440,566,000","435,488,000","487,430,000","471,757,000","441,418,000","437,804,000","405,703,000","464,919,000","493,566,000","570,611,000","554,944,000","681,738,000","794,422,000","749,745,000","849,213,000","779,816,000","780,010,000","904,196,000","999,710,000","573,313,000","1,744,766,000","1,901,905,000","1,735,692,000","1,927,105,000","1,824,350,000","1,589,184,000","1,234,616,000","1,194,212,000","1,138,379,000","1,124,941,000","945,529,000","982,778,000","1,251,247,000","987,842,000","634,004,000","1,033,190,000","1,825,226,000","1,377,580,000","592,774,000","463,142,000","394,542,000","320,506,000","296,824,000","290,679,000","291,023,000","279,968,000","274,004,000","281,070,000","263,546,000","58,306,000","56,635,000","54,686,000","58,075,000","55,707,000","52,324,000","50,397,000","51,695,000","47,542,000","31,816,000","30,243,000","32,161,000","30,030,000","26,024,000","24,911,000","26,857,000","23,637,000","23,422,000","21,406,000"
CostOfRevenue,"1,111,681,000","276,420,000","279,847,000","273,316,000","282,098,000","236,818,000","249,475,000","229,985,000","220,968,000","235,693,000","252,300,000","248,064,000","252,475,000","363,013,000","386,483,000","364,993,000","376,134,000","355,509,000","231,825,000","207,256,000","212,080,000","264,670,000","247,914,000","209,075,000","211,268,000","182,132,000","222,187,000","246,259,000","334,375,000","314,963,000","437,963,000","558,393,000","521,691,000","641,189,000","567,496,000","574,814,000","695,428,000","795,180,000","53,836,000","1,629,404,000","1,796,452,000","1,615,503,000","1,272,616,000","1,671,224,000","1,404,074,000","1,112,606,000","927,678,000","860,942,000","962,531,000","1,559,779,000","412,646,000","1,108,058,000","842,366,000","416,795,000","828,233,000","1,467,152,000","1,282,844,000","481,459,000","366,559,000","291,004,000","233,505,000","209,139,000","195,893,000","200,261,000","197,438,000","185,288,000","200,510,000","172,575,000","21,645,000","19,685,000","18,552,000","21,626,000","20,212,000","17,908,000","17,168,000","19,445,000","16,335,000","11,661,000","8,713,000","10,376,000","9,565,000","9,184,000","6,598,000","8,033,000","7,726,000",,
GrossProfit,"555,036,000","133,443,000","137,569,000","139,029,000","144,995,000","124,828,000","137,167,000","132,606,000","118,572,000","157,098,000","147,394,000","129,992,000","119,970,000","123,456,000","122,826,000","125,370,000","110,070,000","120,372,000","218,710,000","233,310,000","223,408,000","222,760,000","223,843,000","232,343,000","226,536,000","223,571,000","242,732,000","247,307,000","236,236,000","239,981,000","243,775,000","236,029,000","228,054,000","208,024,000","212,320,000","205,196,000","208,768,000","204,530,000","519,477,000","115,362,000","105,453,000","120,189,000","654,489,000","153,126,000","185,110,000","122,010,000","266,534,000","277,437,000","162,410,000","-614,250,000","570,132,000","143,189,000","145,476,000","217,209,000","204,957,000","358,074,000","94,736,000","111,315,000","96,583,000","103,538,000","87,001,000","87,685,000","94,786,000","90,762,000","82,530,000","88,716,000","80,560,000","90,971,000","36,661,000","36,950,000","36,134,000","36,449,000","35,495,000","34,416,000","33,229,000","32,250,000","31,207,000","20,155,000","21,530,000","21,785,000","20,465,000","16,840,000","18,313,000","18,824,000","15,911,000",,
OperatingExpense,"123,355,000","28,895,000","35,824,000","29,246,000","29,390,000","26,539,000","32,751,000","27,562,000","25,871,000","25,157,000","23,338,000","30,020,000","26,687,000","28,115,000","32,858,000","30,093,000","30,232,000","21,892,000","144,692,000","141,593,000","150,004,000","125,621,000","138,470,000","144,389,000","135,319,000","129,006,000","144,708,000","146,313,000","143,831,000","140,700,000","162,429,000","140,931,000","138,700,000","126,921,000","126,367,000","139,322,000","134,725,000","145,068,000","442,301,000","64,640,000","68,711,000","71,868,000","606,554,000","60,149,000","67,759,000","66,279,000","196,070,000","187,147,000","60,380,000","65,198,000","523,516,000","55,999,000","61,400,000","161,775,000","172,406,000","182,596,000","54,374,000","46,129,000","48,865,000","45,652,000","45,441,000","42,250,000","41,137,000","36,382,000","35,214,000","32,749,000","32,568,000","34,293,000","12,352,000","-210,203,000","11,701,000","12,001,000","10,895,000","9,873,000","10,015,000","8,723,000","8,939,000","6,127,000","5,732,000","5,940,000","5,574,000","6,144,000","5,918,000","5,394,000","5,592,000","13,061,000","12,802,000"
	SellingGeneralAndAdministration,"115,786,000","27,071,000","33,873,000","27,365,000","27,477,000","24,492,000","30,588,000","25,457,000","23,700,000","22,971,000","29,492,000","27,804,000","24,868,000","25,996,000","30,628,000","27,817,000","27,981,000","19,774,000","29,038,000","25,003,000","33,604,000","24,595,000","25,418,000","26,957,000","22,657,000","23,785,000","27,096,000","23,679,000","26,693,000","25,053,000","27,070,000","24,967,000","23,163,000","20,856,000","25,108,000","18,831,000","19,653,000","27,494,000","29,480,000","24,954,000","23,135,000","27,187,000","562,622,000","17,731,000","26,119,000","25,983,000","519,949,000","26,860,000","22,195,000","27,269,000","27,204,000","19,213,000","25,852,000","22,464,000","-305,532,000","147,453,000","19,544,000","16,083,000","19,308,000","16,118,000","17,581,000","14,908,000","14,893,000","11,388,000","10,375,000","8,560,000","9,098,000","10,391,000","3,561,000","3,503,000","3,088,000","3,588,000","2,646,000","1,999,000","2,435,000","1,588,000","1,670,000","1,844,000","1,680,000","1,783,000","1,699,000","1,789,000","1,520,000","1,326,000","1,331,000","1,172,000","901,000"
		GeneralAndAdministrativeExpense,"115,786,000","27,071,000","33,873,000","27,365,000","27,477,000","24,492,000","30,588,000","25,457,000","23,700,000","22,971,000","29,492,000","27,804,000","24,868,000","25,996,000","30,628,000","27,817,000","27,981,000","19,774,000","29,038,000","25,003,000","33,604,000","24,595,000","25,418,000","26,957,000","22,657,000","23,785,000","27,096,000","23,679,000","26,693,000","25,053,000","27,070,000","24,967,000","23,163,000","20,856,000","25,108,000","18,831,000","19,653,000","27,494,000",,"167,373,000","158,398,000","27,187,000",,"17,731,000","160,745,000",,"33,917,000",,"22,195,000","27,269,000","27,204,000","19,213,000","25,852,000",,,,,,,,,,,,,,,,,,,,,,,,,,,,,,,,,,
			OtherGandA,"115,786,000","27,071,000","33,873,000","27,365,000","27,477,000","24,492,000","30,588,000","25,457,000","23,700,000","22,971,000","29,492,000","27,804,000","24,868,000","25,996,000","30,628,000","27,817,000","27,981,000","19,774,000","29,038,000","25,003,000","33,604,000","24,595,000","25,418,000","26,957,000","22,657,000","23,785,000","27,096,000","23,679,000","26,693,000","25,053,000","27,070,000","24,967,000","23,163,000","20,856,000","25,108,000","18,831,000","19,653,000","27,494,000",,,,,,,,,,,,,,,,,,,,,,,,,,,,,,,,,,,,,,,,,,,,,,,,,
	DepreciationAmortizationDepletionIncomeStatement,"7,569,000","1,824,000","1,951,000","1,881,000","1,913,000","2,047,000","2,163,000","2,105,000","2,171,000","2,186,000",,"2,216,000","1,819,000","2,119,000","2,230,000","2,276,000","2,251,000","2,118,000","70,589,000","69,178,000","67,601,000","56,864,000",,"53,946,000","53,651,000","53,142,000","52,687,000",,"52,765,000",,"48,943,000",,,"46,230,000","45,805,000","47,597,000","46,662,000","42,926,000",,"39,686,000","45,576,000","44,681,000","43,932,000","42,418,000","41,640,000","40,296,000","39,149,000","38,539,000","38,185,000","37,929,000","37,420,000","36,786,000","35,548,000","35,989,000","35,690,000","35,143,000","34,830,000","30,046,000","29,557,000","29,534,000","27,860,000","27,342,000","26,244,000","24,994,000","24,839,000","24,189,000","23,470,000","23,902,000","8,791,000","8,732,000","8,613,000","8,413,000","8,249,000","7,874,000","7,580,000","7,135,000","7,269,000","4,283,000","4,052,000","4,157,000","3,875,000","4,355,000","3,449,000","3,452,000","3,251,000","3,238,000","3,220,000"
		DepreciationAndAmortizationInIncomeStatement,"7,569,000","1,824,000","1,951,000","1,881,000","1,913,000","2,047,000","2,163,000","2,105,000","2,171,000","2,186,000",,"2,216,000","1,819,000","2,119,000","2,230,000","2,276,000","2,251,000","2,118,000","70,589,000","69,178,000","67,601,000","56,864,000",,"53,946,000","53,651,000","53,142,000","52,687,000",,"52,765,000",,"48,943,000",,,"46,230,000","45,805,000","47,597,000","46,662,000","42,926,000",,"39,686,000","45,576,000","44,681,000","43,932,000","42,418,000","41,640,000","40,296,000","39,149,000","38,539,000","38,185,000","37,929,000","37,420,000","36,786,000","35,548,000","35,989,000","35,690,000","35,143,000","34,830,000","30,046,000","29,557,000","29,534,000","27,860,000","27,342,000","26,244,000","24,994,000","24,839,000","24,189,000","23,470,000","23,902,000","8,791,000","8,732,000","8,613,000","8,413,000","8,249,000","7,874,000","7,580,000","7,135,000","7,269,000","4,283,000","4,052,000","4,157,000","3,875,000","4,355,000","3,449,000","3,452,000","3,251,000","3,238,000","3,220,000"
	OtherOperatingExpenses,,,,,,,,,,,,,,,"123,167,000",,,"108,884,000","115,654,000","116,590,000","116,400,000","101,026,000","113,052,000","117,432,000","112,662,000","105,221,000","117,612,000","122,634,000","117,138,000","115,647,000","135,359,000","115,964,000","115,537,000","106,065,000","101,259,000","120,491,000","115,072,000","117,574,000",,,,,,,,"120,239,000",,"121,748,000",,,,,,"103,322,000",,,,,,,,,,,,,,,,"-222,438,000",,,,,,,,,,,,,"949,000","616,000","1,010,000","8,651,000","8,681,000"
OperatingIncome,"431,681,000","104,548,000","101,745,000","109,783,000","115,605,000","98,289,000","104,416,000","105,044,000","92,701,000","131,941,000","124,056,000","99,972,000","93,283,000","95,341,000","89,968,000","95,277,000","79,838,000","98,480,000","74,018,000","91,717,000","73,404,000","97,139,000","85,373,000","87,954,000","91,217,000","94,565,000","98,024,000","100,994,000","92,405,000","99,281,000","81,346,000","95,098,000","89,354,000","81,103,000","85,953,000","65,874,000","74,043,000","59,462,000","77,176,000","50,722,000","36,742,000","48,321,000","47,935,000","92,977,000","117,351,000","55,731,000","70,464,000","90,290,000","102,030,000","-679,448,000","46,616,000","87,190,000","84,076,000","55,434,000","32,551,000","175,478,000","40,362,000","65,186,000","47,718,000","57,886,000","41,560,000","45,435,000","53,649,000","54,380,000","47,316,000","55,967,000","47,992,000","56,678,000","24,309,000","247,153,000","24,433,000","24,448,000","24,600,000","24,543,000","23,214,000","23,527,000","22,268,000","14,028,000","15,798,000","15,845,000","14,891,000","10,696,000","12,395,000","13,430,000","10,319,000","10,361,000","8,604,000"
NetNonOperatingInterestIncomeExpense,"-208,885,000","-49,818,000","-51,774,000","-53,513,000","-53,780,000","-54,918,000","-57,896,000","-64,165,000","-59,499,000","-47,494,000","-46,184,000","-46,902,000","-45,693,000","-44,268,000","-44,704,000","-44,825,000","-48,936,000","-47,772,000","-45,801,000","-45,256,000","-45,612,000","-36,414,000","-34,976,000","-35,022,000","-34,229,000","-34,123,000","-33,559,000","-33,448,000","-32,824,000","-32,037,000","-31,735,000","-33,007,000","-33,122,000","-33,362,000","-31,965,000","-29,250,000","-29,678,000","-30,113,000","-18,633,000","-24,867,000","-23,820,000","-22,350,000","-21,037,000","-21,565,000","-20,622,000","-20,457,000","-20,221,000","-20,583,000","-18,890,000","-18,586,000","-18,858,000","-19,791,000","-20,265,000","-20,470,000",,,,,,,,,,,,,,,,,,,,,,,,,,,,,,,,,
	InterestIncomeNonOperating,,,,,,,,,,,,,,,,,,,,,,,,,,,,"0","0","0","0","0","0","1,055,000","1,553,000","1,828,000","1,610,000","1,122,000",,,,,,,,,,,,,,,,,,,,,,,,,,,,,,,,,,,,,,,,,,,,,,,,,
	InterestExpenseNonOperating,"208,885,000","49,818,000","51,774,000","53,513,000","53,780,000","54,918,000","57,896,000","64,165,000","59,499,000","47,494,000",,,,"44,268,000","44,704,000",,"48,936,000","47,772,000","45,801,000","45,256,000","45,612,000","36,414,000","34,976,000","35,022,000","34,229,000","34,123,000","33,559,000","33,448,000","32,824,000","32,037,000","31,735,000","33,007,000","33,122,000","34,417,000","33,518,000","31,078,000","31,288,000","31,235,000",,,"23,820,000",,,"21,565,000","20,622,000","20,457,000",,"20,583,000","18,890,000","18,586,000","18,858,000","19,791,000","20,265,000","20,470,000",,,,,,,,,,,,,,,,,,,,,,,,,,,,,,,,,
	TotalOtherFinanceCost,"183,070,000",,,,,,,,,,"46,184,000","46,902,000","45,693,000","44,268,000","44,704,000","44,825,000","48,936,000","47,772,000","45,801,000","45,256,000","45,612,000","36,414,000",,"35,022,000","34,229,000","34,123,000",,,,,,,,,,,,,,"24,867,000","23,820,000","22,350,000",,,"20,622,000","20,457,000",,,,,,,,,,,,,,,,,,,,,,,,,,,,,,,,,,,,,,,,,
OtherIncomeExpense,"-212,173,000","-42,451,000","7,900,000","-180,518,000","2,896,000","398,000","-28,951,000","-139,302,000","-1,626,000","-231,489,000","1,722,000","608,000","621,000","-327,653,000","-42,208,000","920,000","1,412,000","79,752,000","-396,000","-5,126,000","88,000","140,000","-58,773,000","362,000","-201,000","-171,000","-70,000","1,776,000","-2,152,000","62,268,000","5,742,000","1,361,000","2,820,000","-628,000","-314,431,000","-3,951,000","-7,925,000","-10,775,000","-18,321,000","-20,891,000","-243,471,000","3,754,000","6,869,000","3,366,000","1,043,000","-3,111,000","3,981,000","2,219,000","16,918,000","3,316,000","7,893,000","413,000","22,251,000","10,917,000","23,957,000","3,818,000","2,380,000","12,110,000","1,778,000","16,279,000","19,372,000","8,234,000","1,368,000","1,464,000","1,844,000","1,206,000","-21,000","1,541,000","421,000","378,000","242,000","372,000","177,000","553,000","428,000","657,000","600,000","731,000","823,000","843,000","844,000","678,000","875,000","728,000","907,000","669,000",
	EarningsFromEquityInterest,,,,,,,,,,,,,,,,,,,,,,,,,,,"0","0","0","0","3,059,000","2,749,000","3,294,000","-4,306,000","-13,341,000","-5,358,000","-10,128,000","-11,143,000","-13,194,000","-951,000","2,381,000","2,386,000","4,461,000","2,599,000","2,010,000","2,388,000","2,929,000","2,454,000","2,102,000","3,015,000","1,917,000","2,374,000","3,011,000","2,313,000","1,958,000","2,122,000","1,749,000","2,201,000","1,863,000","1,613,000","1,746,000","1,611,000","1,368,000","1,464,000","1,844,000","1,206,000","-21,000","1,541,000","421,000","378,000","242,000","372,000","177,000","553,000","428,000","657,000","600,000","731,000","823,000","843,000","844,000","678,000",,"728,000","907,000",,
	SpecialIncomeCharges,"-235,090,000","-46,122,000","0","-188,968,000","0","0","0","-137,904,000","0","-225,000,000",,,,"-328,440,000",,,,,"-86,000","-5,126,000","88,000","140,000",,"362,000","-201,000","-171,000","-70,000",,"-2,152,000",,"0",,,"3,678,000","-304,977,000","0","0","11,511,000","-27,151,000","0","-245,852,000",,"2,408,000","767,000","-967,000","-5,499,000","1,052,000","-235,000","14,816,000","301,000","-4,563,000","-1,961,000","19,240,000","8,604,000","14,220,000","1,696,000","631,000","9,909,000","-85,000","14,666,000","17,626,000","6,623,000",,,,,,,,,,,,,,,,,,,,,,,,,
		ImpairmentOfCapitalAssets,"235,090,000","46,122,000","0","188,968,000","0","0","0","0","0","225,000,000",,,,"328,440,000",,,,,,,,,,,,,,,,,"0",,,,"304,453,000","0","0",,"0","0","271,778,000",,,,,,,,,,,,,,,,,,,,,,,,,,,,,,,,,,,,,,,,,,,,,,
		OtherSpecialCharges,,,,,,,"0","137,904,000",,,,,,,,,,,,,,,,,,,,,,,"-2,683,000",,,,"-3,424,000","-1,407,000","-2,203,000","-11,511,000","0","0","-25,926,000",,,,,,,,,,,,,,,,,,,,,,,,,,,,,,,,,,,,,,,,,,,,,,
	OtherNonOperatingIncomeExpenses,"22,917,000","3,671,000","7,900,000","8,450,000","2,896,000","398,000","-28,951,000","-1,398,000","-1,626,000","-6,489,000","1,722,000","608,000","621,000","787,000","-77,598,000","920,000","1,412,000","79,752,000","4,932,000","-5,126,000","88,000","140,000","-58,049,000","362,000","-201,000","-171,000","-61,855,000","1,776,000","-2,152,000","62,268,000","-16,000","-1,388,000","-474,000","3,678,000","-3,820,000","1,407,000","2,203,000","368,000","23,446,000","-19,940,000",,"1,368,000",,,,,,,,,,,,,,,,,,,,,,,,,,,,,,,,,,,,,,,,,,,,,
PretaxIncome,"10,623,000","12,279,000","57,871,000","-124,248,000","64,721,000","43,769,000","17,569,000","-98,423,000","31,576,000","-147,042,000","79,594,000","53,678,000","48,211,000","-276,580,000","3,056,000","51,372,000","32,314,000","130,460,000","27,821,000","41,335,000","27,880,000","60,865,000","-8,376,000","53,294,000","56,787,000","60,271,000","64,395,000","69,322,000","57,429,000","129,512,000","55,353,000","63,452,000","59,052,000","47,113,000","-260,443,000","32,673,000","36,440,000","18,574,000","40,222,000","4,964,000","-230,549,000","29,725,000","33,767,000","74,778,000","97,772,000","32,163,000","54,224,000","71,926,000","100,058,000","24,503,000","35,651,000","67,812,000","86,062,000","45,881,000","32,717,000","154,068,000","17,808,000","60,431,000","30,667,000","54,784,000","41,480,000","34,815,000","41,220,000","40,555,000","32,284,000","41,708,000","31,368,000","42,904,000",,,,,,,"19,399,000","19,680,000","18,132,000","12,382,000","14,831,000","14,950,000","14,939,000","10,818,000",,,,"8,786,000","9,257,000"
TaxProvision,"2,343,000","-33,000","353,000","685,000","1,338,000","1,512,000","2,037,000","-1,783,000","1,810,000","599,000","1,186,000","1,090,000","1,296,000","1,283,000","930,000","3,236,000","2,915,000","4,327,000","2,639,000","2,743,000","1,630,000","2,925,000","2,680,000","2,153,000","4,270,000","2,870,000","4,915,000","4,306,000","3,104,000","2,387,000","484,000","4,335,000","1,865,000","4,117,000","6,606,000","-563,000","4,174,000","2,536,000","2,140,000","622,000","16,261,000","3,471,000","3,568,000","4,497,000","5,167,000","3,647,000","2,689,000","3,616,000","636,000","4,800,000","-1,694,000","3,372,000","2,327,000","6,526,000","-65,000","2,791,000","3,718,000","4,562,000","2,402,000","3,571,000","1,783,000","3,692,000","3,864,000","-614,000","492,000","2,119,000","2,566,000","2,147,000",,,,,,,,,,,"0","0","0","395,000",,,,"0","3,562,000"
NetIncomeCommonStockholders,"-138,218,000","-23,994,000","-89,180,000","-124,933,000","26,755,000","5,751,000","-20,831,000","-132,797,000","-6,484,000","-183,472,000","42,472,000","12,189,000","10,440,000","-313,231,000","-33,109,000","-363,328,000","13,705,000","107,064,000","-330,000","14,305,000","4,364,000","38,452,000","-24,342,000","38,592,000","40,018,000","44,750,000","47,485,000","52,911,000","42,434,000","114,536,000","41,522,000","50,074,000","43,599,000","28,144,000","-330,581,000","21,924,000","21,619,000","13,268,000","-47,328,000","4,389,000","-246,737,000","26,351,000","30,202,000","70,158,000","92,599,000","28,502,000","51,535,000","68,310,000","99,422,000","19,703,000","4,135,000","64,440,000","83,735,000","39,355,000","3,432,000","151,277,000","14,090,000","55,869,000","28,265,000","51,213,000","39,697,000","31,123,000","37,357,000","41,169,000","31,553,000","39,451,000","27,790,000","45,167,000","18,852,000","19,264,000","19,355,000","19,387,000","19,706,000","19,970,000","19,399,000","19,680,000","18,132,000","12,382,000","14,831,000","14,950,000","14,939,000","10,423,000","12,960,000","13,771,000","10,356,000","8,698,000","0"
	NetIncome,"5,849,000","11,679,000","55,122,000","-124,933,000","62,797,000","41,659,000","14,949,000","-97,142,000","29,264,000","-148,147,000","77,641,000","47,204,000","45,309,000","-278,506,000","1,479,000","-329,416,000","29,950,000","124,195,000","26,440,000","39,672,000","27,528,000","58,520,000","-11,805,000","51,458,000","52,784,000","57,516,000","59,480,000","65,016,000","54,325,000","127,899,000","88,956,000","50,074,000","55,514,000","39,744,000","-364,818,000","33,397,000","33,086,000","24,565,000","-10,619,000","4,389,000","-246,737,000","26,351,000","30,202,000","70,158,000","92,599,000","28,502,000","51,535,000","68,310,000","99,422,000","19,703,000","37,345,000","64,440,000","83,735,000","39,355,000","32,782,000","151,277,000","14,090,000","55,869,000","28,265,000","51,213,000","39,697,000","31,123,000","37,357,000","41,169,000","31,553,000","39,451,000","27,790,000","45,167,000","18,852,000","19,264,000","19,355,000","19,387,000","19,706,000","19,970,000","19,399,000","19,680,000","18,132,000","12,382,000","14,831,000","14,950,000","14,939,000","10,423,000","12,960,000","13,771,000","10,356,000","8,786,000","5,695,000"
		NetIncomeIncludingNoncontrollingInterests,"8,280,000","12,312,000","57,518,000","-124,933,000","63,383,000","42,257,000","15,532,000","-96,640,000","29,766,000","-147,641,000","78,408,000","47,811,000","45,951,000","-277,863,000","2,126,000","48,136,000","29,399,000","126,133,000","25,182,000","38,592,000","26,250,000","57,940,000","-11,056,000","51,141,000","52,517,000","57,401,000","59,480,000","65,016,000","54,325,000","127,899,000","53,394,000","61,948,000","55,399,000","39,637,000","-375,280,000","33,236,000","32,969,000","24,404,000","-11,023,000","4,342,000","-246,810,000","26,254,000","30,199,000","70,281,000","92,605,000","28,516,000","51,535,000","68,310,000","99,422,000","19,703,000","37,345,000","64,440,000","83,735,000","39,355,000","286,800,000","151,277,000","14,090,000","55,869,000","28,265,000","51,213,000","39,697,000","31,123,000","37,357,000","41,169,000","31,553,000","39,451,000","27,790,000","45,167,000","18,852,000","19,264,000","19,355,000","19,387,000","19,706,000","19,970,000","19,399,000","19,680,000","18,132,000","12,382,000","14,831,000","14,950,000","14,939,000","10,423,000","12,960,000","13,771,000","10,356,000","8,786,000","5,695,000"
			NetIncomeContinuousOperations,"8,280,000","12,312,000","57,518,000","-124,933,000","63,383,000","42,257,000","15,532,000","-96,640,000","29,766,000","-147,641,000","78,408,000","52,588,000","46,915,000","-277,863,000","2,126,000","48,136,000","29,399,000","126,133,000","25,182,000","38,592,000","26,250,000","57,940,000","-11,056,000","51,141,000","52,517,000","57,401,000","59,480,000","65,016,000","54,325,000","127,125,000","54,869,000","59,117,000","57,187,000","42,996,000","-267,049,000","33,236,000","32,266,000","16,038,000","38,082,000","4,342,000","-246,810,000","26,254,000","30,199,000","70,281,000","92,605,000","28,516,000","51,535,000","68,310,000","99,422,000","19,703,000","37,345,000","64,440,000","83,735,000","39,355,000","32,782,000","151,277,000","14,090,000","55,869,000","28,265,000","51,213,000","39,697,000","31,123,000","37,356,000","41,169,000","31,792,000","39,589,000","28,802,000","40,757,000","18,852,000","19,264,000","19,355,000","19,387,000","19,706,000","19,970,000","19,399,000","19,680,000","18,132,000","12,382,000","14,831,000","14,950,000","14,939,000","10,423,000","12,960,000","13,771,000","10,356,000","8,786,000","5,695,000"
			NetIncomeDiscontinuousOperations,,,,,,,"0","0","0","0","0","-4,777,000","-964,000",,,,,,,,,,"0",,"0","0","0","0","0","774,000","-1,475,000","2,831,000","-1,788,000","-3,359,000","-108,231,000","0","703,000","8,366,000",,,,,,,,,,,,,,,,,,,,,,,,,"1,000",,"-239,000","-138,000","-1,012,000","4,410,000",,,,,,,,,,,,,,,,,,,
		MinorityInterests,,,,,,,,,,,,,,,,,,,,,,,,,,,,"0","0","0","0","173,000","115,000","107,000","10,462,000","161,000","117,000","161,000","404,000","47,000","73,000","97,000","3,000","-123,000","-6,000","-14,000",,,,,,,,,,,,,,,,,,,,,,,,,,,,,,,,,,,,,,,,,
	PreferredStockDividends,"144,067,000","35,673,000",,,"36,042,000","35,908,000","35,780,000","35,655,000","35,748,000","35,325,000","35,169,000","35,015,000","34,869,000","34,725,000","34,588,000","33,912,000","16,245,000","17,131,000","26,770,000","25,367,000","23,164,000","20,068,000",,"12,866,000","12,766,000","12,766,000",,,"11,891,000",,,,,,,"-11,473,000","11,350,000","11,136,000",,"10,845,000","4,808,000",,,,"10,821,000",,,,,,,,,,,,,,,,,,,,,,,,,,,,,,,,,,,,,,,,,,
	OtherunderPreferredStockDividend,,,,,,,,,,,,,,,,,,,"-24,852,000","24,287,000",,,,,"12,499,000","12,651,000","11,995,000",,,,,,,"11,493,000","-6,953,000","56,343,000",,,,,,,,,,,,,,,,,,,,,,,,,,,,,,,,,,,,,,,,,,,,,,,,,,"88,000","5,695,000"
DilutedNIAvailtoComStockholders,"-138,218,000","-23,994,000","-89,180,000","-124,933,000","26,755,000","5,751,000","-20,831,000","-132,797,000","-6,484,000","-183,472,000","42,472,000","12,189,000","10,440,000","-313,231,000","-33,109,000","-363,328,000","13,705,000","107,064,000","-330,000","14,305,000","4,364,000","38,452,000","-24,342,000","38,592,000","40,018,000","44,750,000","47,485,000","52,911,000","42,434,000","114,536,000","41,522,000","50,074,000","43,599,000","28,144,000","-368,327,000","21,924,000","21,619,000","13,268,000",,,,,,,"92,599,000","28,502,000",,"68,310,000","99,422,000","19,703,000","4,135,000","64,440,000","83,735,000","39,355,000","3,432,000","151,277,000","14,090,000","55,869,000","28,265,000","51,213,000","39,697,000","31,123,000","37,357,000","41,169,000","31,553,000","39,451,000","27,790,000","45,167,000","18,852,000","19,264,000","19,355,000","19,387,000","19,706,000","19,970,000","19,399,000","19,680,000","18,132,000","12,382,000","14,831,000","14,950,000","14,939,000","10,423,000","12,960,000","13,771,000","10,356,000","8,698,000","0"
BasicEPS,,"-0.22",,"-1.48","0.25","0.05",,"-1.22","-0.06","-1.68",,"0.11","0.1","-2.91","-0.31","-3.49","0.15","1.15","-0.004","0.15","0.05","0.49","-0.31","0.49","0.52","0.57","0.61","0.68","0.54","1.47","0.54","0.64","0.56","0.36","-4.73","0.28","0.28","0.17",,"-0.09","-3.56","0.23",,"0.92","1.27","0.3",,"0.9","1.43","0.19",,"1.03","1.38","0.58",,"2.6","0.15","1.01",,"0.97","0.74","0.57",,"0.79","0.59","0.75",,"0.88","0.74","0.77",,"0.78","0.79","0.8",,"0.82","0.79","0.6",,"0.72","0.76","0.5",,"0.7","0.46","0.906","0"
DilutedEPS,,"-0.22",,"-1.48","0.25","0.05",,"-1.22","-0.06","-1.68",,"0.11","0.1","-2.91","-0.31","-3.49","0.15","1.15","-0.004","0.15","0.05","0.49","-0.31","0.49","0.52","0.57","0.61","0.68","0.54","1.47","0.54","0.64","0.56","0.36","-4.73","0.28","0.28","0.17",,"-0.09","-3.56","0.23",,"0.92","1.27","0.3",,"0.9","1.43","0.19",,"1.03","1.38","0.58",,"2.6","0.15","1.01",,"0.97","0.74","0.57",,"0.79","0.59","0.75",,"0.88","0.74","0.77",,"0.78","0.79","0.8",,"0.82","0.79","0.6",,"0.72","0.76","0.5",,"0.7","0.46","0.906","0"
BasicAverageShares,,"110,177,045",,"109,532,381","109,529,658","109,506,222",,"109,195,358","109,194,722","108,897,400",,"107,763,870","107,763,016","107,531,619","107,117,562","104,264,796","93,192,238","93,181,781","93,079,324","93,031,320","90,345,469","78,642,888","78,514,363","78,031,053","77,886,219","77,886,078","77,886,078","77,886,078","77,886,078","77,886,078","77,886,078","77,886,078","77,886,078","77,886,078","77,886,078","77,886,078","77,886,078","77,886,078",,"72,383,578","70,756,078","70,756,078",,"64,612,423","64,610,549","64,610,549",,"64,610,549","62,289,670","60,210,549",,"54,460,549","54,460,549","54,460,549",,"54,460,549","54,372,035","49,409,749",,"46,809,749","46,809,749","46,809,749",,"46,809,749","46,809,749","46,809,749",,"46,809,749","23,041,394","23,041,394",,"23,041,394","23,041,394","23,041,394",,"22,477,019","21,702,990","19,556,486",,"19,253,894","19,253,894","19,241,617",,"19,198,644","19,198,644","9,599,322","9,599,322"
DilutedAverageShares,,"110,177,045",,"109,532,381","109,529,658","109,506,222",,"109,195,358","109,194,722","108,897,400",,"107,875,529","107,763,016","107,531,619","107,117,562","104,264,796","93,192,238","93,181,781","93,079,324","93,031,320","90,345,469","78,642,888","78,514,363","78,031,053","77,886,219","77,886,078","77,886,078","77,886,078","77,886,078","77,886,078","77,886,078","77,886,078","77,886,078","77,886,078","77,886,078","77,886,078","77,886,078","77,886,078",,"72,383,578","70,756,078","70,756,078",,"64,612,423","64,610,549","64,610,549",,"64,610,549","62,289,670","60,210,549",,"54,460,549","54,460,549","54,460,549",,"54,460,549","54,372,035","49,409,749",,"46,809,749","46,809,749","46,809,749",,"46,809,749","46,809,749","46,809,749",,"46,809,749","23,041,394","23,041,394",,"23,041,394","23,041,394","23,041,394",,"22,477,019","21,702,990","19,556,486",,"19,253,894","19,253,894","19,241,617",,"19,198,644","19,198,644","9,599,322","9,599,322"
TotalOperatingIncomeAsReported,"196,591,000","58,426,000","101,745,000","-79,185,000","115,605,000","98,289,000","104,416,000","105,044,000","92,701,000","-93,059,000","124,056,000","99,972,000","93,283,000","-233,099,000","89,968,000","95,277,000","79,838,000","98,480,000","74,018,000","91,717,000","73,404,000","97,139,000","85,373,000","87,954,000","91,217,000","94,565,000","98,024,000","100,994,000","92,405,000","99,281,000","81,346,000","95,098,000","89,354,000","81,103,000","-218,500,000","65,874,000","74,043,000","59,462,000","77,176,000","50,722,000","-206,298,000","48,321,000","47,935,000","92,977,000","117,351,000","55,731,000","70,464,000","90,290,000","102,030,000","39,773,000","46,616,000","87,190,000","84,076,000","55,434,000","29,047,000","175,478,000","40,362,000","65,186,000","47,718,000","57,886,000","41,560,000","45,435,000","53,649,000","54,380,000","47,316,000","55,967,000","47,992,000","56,678,000","24,309,000","247,153,000","24,433,000","24,448,000","24,600,000","24,543,000","23,214,000","23,527,000","22,268,000","14,028,000","15,798,000","15,845,000","14,891,000","10,696,000","12,395,000","13,430,000","10,319,000","10,361,000","8,604,000"
TotalExpenses,"1,235,036,000","305,315,000","315,671,000","302,562,000","311,488,000","263,357,000","282,226,000","257,547,000","246,839,000","260,850,000","275,638,000","278,084,000","279,162,000","391,128,000","419,341,000","395,086,000","406,366,000","377,401,000","376,517,000","348,849,000","362,084,000","390,291,000","386,384,000","353,464,000","346,587,000","311,138,000","366,895,000","392,572,000","478,206,000","455,663,000","600,392,000","699,324,000","660,391,000","768,110,000","693,863,000","714,136,000","830,153,000","940,248,000","496,137,000","1,694,044,000","1,865,163,000","1,687,371,000","1,879,170,000","1,731,373,000","1,471,833,000","1,178,885,000","1,123,748,000","1,048,089,000","1,022,911,000","1,624,977,000","936,162,000","1,164,057,000","903,766,000","578,570,000","1,000,639,000","1,649,748,000","1,337,218,000","527,588,000","415,424,000","336,656,000","278,946,000","251,389,000","237,030,000","236,643,000","232,652,000","218,037,000","233,078,000","206,868,000","33,997,000","-190,518,000","30,253,000","33,627,000","31,107,000","27,781,000","27,183,000","28,168,000","25,274,000","17,788,000","14,445,000","16,316,000","15,139,000","15,328,000","12,516,000","13,427,000","13,318,000","13,061,000","12,802,000"
NetIncomeFromContinuingAndDiscontinuedOperation,"5,849,000","11,679,000","55,122,000","-124,933,000","62,797,000","41,659,000","14,949,000","-97,142,000","29,264,000","-148,147,000","77,641,000","47,204,000","45,309,000","-278,506,000","1,479,000","-329,416,000","29,950,000","124,195,000","26,440,000","39,672,000","27,528,000","58,520,000","-11,805,000","51,458,000","52,784,000","57,516,000","59,480,000","65,016,000","54,325,000","127,899,000","88,956,000","50,074,000","55,514,000","39,744,000","-364,818,000","33,397,000","33,086,000","24,565,000","-10,619,000","4,389,000","-246,737,000","26,351,000","30,202,000","70,158,000","92,599,000","28,502,000","51,535,000","68,310,000","99,422,000","19,703,000","37,345,000","64,440,000","83,735,000","39,355,000","32,782,000","151,277,000","14,090,000","55,869,000","28,265,000","51,213,000","39,697,000","31,123,000","37,357,000","41,169,000","31,553,000","39,451,000","27,790,000","45,167,000","18,852,000","19,264,000","19,355,000","19,387,000","19,706,000","19,970,000","19,399,000","19,680,000","18,132,000","12,382,000","14,831,000","14,950,000","14,939,000","10,423,000","12,960,000","13,771,000","10,356,000","8,786,000","5,695,000"
NormalizedIncome,"189,087,746.117","39,352,200","55,122,000","13,013,640","62,797,000","41,659,000","14,949,000","38,263,774.666","29,264,000","16,103,000","77,641,000","51,981,000","46,273,000","-38,744,800","1,479,000","-329,416,000","29,950,000","124,195,000","26,440,000","39,672,000","27,528,000","58,520,000","-11,805,000","51,458,000","52,784,000","57,516,000","59,480,000","65,016,000","54,325,000","127,125,000","90,431,000","47,243,000","57,302,000","43,103,000","-63,361,500","33,397,000","32,383,000","16,199,000","65,538,781.712","4,389,000","-86,933,200","26,351,000","28,048,442.029","69,437,125.853","93,514,896.525","33,377,461.99","50,535,169.298","68,533,185.635","84,700,175.138","19,460,964.208","43,637,650","66,303,487.878","65,015,223.56","31,974,811.687","19,711,800","149,611,723.68","13,590,741.801","46,708,040.873","28,343,342.355","37,502,977.767","22,828,646.046","25,202,344.277","37,356,000","41,169,000","31,792,000","39,589,000","28,802,000","40,757,000","18,852,000","19,264,000","19,355,000","19,387,000","19,706,000","19,970,000","19,399,000","19,680,000","18,132,000","12,382,000","14,831,000","14,950,000","14,939,000","10,423,000","12,960,000","13,771,000","10,356,000","8,786,000","5,695,000"
InterestIncome,,,,,,,,,,,,,,,,,,,,,,,,,,,,"0","0","0","0","0","0","1,055,000","1,553,000","1,828,000","1,610,000","1,122,000",,,,,,,,,,,,,,,,,,,,,,,,,,,,,,,,,,,,,,,,,,,,,,,,,
InterestExpense,"208,885,000","49,818,000","51,774,000","53,513,000","53,780,000","54,918,000","57,896,000","64,165,000","59,499,000","47,494,000",,,,"44,268,000","44,704,000",,"48,936,000","47,772,000","45,801,000","45,256,000","45,612,000","36,414,000","34,976,000","35,022,000","34,229,000","34,123,000","33,559,000","33,448,000","32,824,000","32,037,000","31,735,000","33,007,000","33,122,000","34,417,000","33,518,000","31,078,000","31,288,000","31,235,000",,,"23,820,000",,,"21,565,000","20,622,000","20,457,000",,"20,583,000","18,890,000","18,586,000","18,858,000","19,791,000","20,265,000","20,470,000","23,791,000","25,228,000","24,934,000","16,865,000","18,829,000","19,381,000","19,452,000",,"13,797,000","15,289,000",,"15,465,000","16,603,000",,"5,878,000","5,829,000","5,320,000",,,"5,126,000","4,243,000","4,504,000",,,"1,790,000","1,738,000","796,000","556,000","310,000",,,"2,244,000",
NetInterestIncome,"-208,885,000","-49,818,000","-51,774,000","-53,513,000","-53,780,000","-54,918,000","-57,896,000","-64,165,000","-59,499,000","-47,494,000","-46,184,000","-46,902,000","-45,693,000","-44,268,000","-44,704,000","-44,825,000","-48,936,000","-47,772,000","-45,801,000","-45,256,000","-45,612,000","-36,414,000","-34,976,000","-35,022,000","-34,229,000","-34,123,000","-33,559,000","-33,448,000","-32,824,000","-32,037,000","-31,735,000","-33,007,000","-33,122,000","-33,362,000","-31,965,000","-29,250,000","-29,678,000","-30,113,000","-18,633,000","-24,867,000","-23,820,000","-22,350,000","-21,037,000","-21,565,000","-20,622,000","-20,457,000","-20,221,000","-20,583,000","-18,890,000","-18,586,000","-18,858,000","-19,791,000","-20,265,000","-20,470,000","-23,791,000","-25,228,000","-24,934,000","-16,865,000","-18,829,000","-19,381,000","-19,452,000",,"-13,797,000","-15,289,000",,"-15,465,000","-16,603,000",,"-5,878,000","-5,829,000","-5,320,000",,,"-5,126,000","-4,243,000","-4,504,000",,,"-1,790,000","-1,738,000","-796,000","-556,000","-310,000",,,"-2,244,000",
EBIT,"219,508,000","62,097,000","109,645,000","-70,735,000","118,501,000","98,687,000","75,465,000","-34,258,000","91,075,000","-99,548,000","124,056,000","99,972,000","93,283,000","95,341,000","89,968,000","95,277,000","79,838,000","98,480,000","74,018,000","91,717,000","73,404,000","97,139,000","26,590,000","87,954,000","91,217,000","94,565,000","97,954,000","102,770,000","90,253,000","161,549,000","87,088,000","96,459,000","92,174,000","81,530,000","-226,925,000","63,751,000","67,728,000","49,809,000","-200,534,000","50,722,000","36,742,000","48,321,000","46,637,000","96,343,000","118,394,000","52,620,000","48,011,000","92,509,000","118,948,000","43,089,000","13,035,000","87,603,000","106,327,000","66,351,000","74,816,000","175,478,000","40,362,000","65,186,000","47,718,000","57,886,000","41,560,000","45,435,000","53,649,000","54,380,000","47,316,000","55,967,000","47,992,000","56,678,000","24,309,000","247,153,000","24,433,000","24,448,000","24,600,000","24,543,000","23,214,000","23,527,000","22,268,000","14,028,000","15,798,000","15,845,000","14,891,000","10,696,000","12,395,000","13,430,000","10,319,000","10,361,000","8,604,000"
EBITDA,"488,550,000"
ReconciledCostOfRevenue,"850,208,000","213,117,000","216,767,000","207,190,000","213,134,000","168,400,000","180,754,000","159,505,000","151,754,000","167,632,000","252,300,000","181,732,000","186,417,000","290,726,000","314,418,000","291,569,000","302,521,000","285,612,000","231,825,000","207,256,000","212,080,000","264,670,000","247,914,000","209,075,000","211,268,000","182,132,000","222,187,000","246,259,000","334,375,000","314,963,000","437,963,000","558,393,000","521,691,000","641,189,000","567,496,000","574,814,000","695,428,000","795,180,000","53,836,000","1,629,404,000","1,796,452,000","1,615,503,000","1,272,616,000","1,671,224,000","1,404,074,000","1,112,606,000","927,678,000","860,942,000","962,531,000","1,559,779,000","412,646,000","1,108,058,000","842,366,000","416,795,000","823,447,000","1,468,768,000","1,284,428,000","483,045,000","372,075,000","291,004,000","233,505,000","209,139,000","195,893,000","200,261,000","197,438,000","185,288,000","198,738,000","172,575,000","21,645,000","19,685,000","18,552,000","21,626,000","20,212,000","17,908,000","17,168,000","19,445,000","16,335,000","11,661,000","8,713,000","10,376,000","9,564,000","9,184,000","6,568,000","8,002,000","7,697,000",,
ReconciledDepreciation,"269,042,000","65,127,000","65,031,000","68,007,000","70,877,000","70,465,000","70,884,000","72,585,000","71,385,000","70,247,000","70,629,000","68,548,000","67,877,000","74,406,000","74,295,000","75,700,000","75,864,000","72,015,000","70,589,000","69,178,000","67,601,000","56,864,000","55,997,000","53,946,000","53,651,000","53,142,000","52,687,000","52,301,000","52,765,000","52,457,000","48,943,000","48,599,000","47,936,000","46,230,000","47,178,000","47,597,000","46,662,000","42,926,000","40,708,000","39,686,000","45,576,000","44,681,000","43,932,000","42,418,000","41,640,000","40,296,000","39,149,000","38,539,000","38,185,000","37,929,000","37,420,000","36,786,000","35,548,000","35,989,000","40,476,000","33,527,000","33,246,000","28,460,000","24,041,000","29,534,000","27,860,000","27,342,000","26,244,000","24,994,000","24,839,000","24,189,000","25,242,000","23,902,000","8,791,000","8,732,000","8,613,000","8,413,000","8,249,000","7,874,000","7,580,000","7,135,000","7,269,000","4,283,000","4,052,000","4,157,000","3,876,000","4,355,000","3,479,000","3,483,000","3,280,000","3,238,000","3,220,000"
NetIncomeFromContinuingOperationNetMinorityInterest,"5,849,000","11,679,000","55,122,000","-124,933,000","62,797,000","41,659,000","14,949,000","-97,142,000","29,264,000","-148,147,000","77,641,000","51,981,000","46,273,000","-278,506,000","1,479,000","-329,416,000","29,950,000","124,195,000","26,440,000","39,672,000","27,528,000","58,520,000","-11,805,000","51,458,000","52,784,000","57,516,000","59,480,000","65,016,000","54,325,000","127,125,000","90,431,000","47,243,000","57,302,000","43,103,000","-256,587,000","33,397,000","32,383,000","16,199,000","38,486,000","4,389,000","-246,737,000","26,351,000","30,202,000","70,158,000","92,599,000","28,502,000","51,535,000","68,310,000","99,422,000","19,703,000","37,345,000","64,440,000","83,735,000","39,355,000","32,782,000","151,277,000","14,090,000","55,869,000","28,265,000","51,213,000","39,697,000","31,123,000","37,356,000","41,169,000","31,792,000","39,589,000","28,802,000","40,757,000","18,852,000","19,264,000","19,355,000","19,387,000","19,706,000","19,970,000","19,399,000","19,680,000","18,132,000","12,382,000","14,831,000","14,950,000","14,939,000","10,423,000","12,960,000","13,771,000","10,356,000","8,786,000","5,695,000"
TotalUnusualItemsExcludingGoodwill,"-235,090,000","-46,122,000","0","-188,968,000","0","0","0","-137,904,000","0","-225,000,000",,,,"-328,440,000",,,,,"-86,000","-5,126,000","88,000","140,000",,"362,000","-201,000","-171,000","-70,000",,"-2,152,000",,"0",,,"3,678,000","-297,270,000","0","0","11,511,000","-28,573,000","0","-245,852,000","1,368,000","2,408,000","767,000","-967,000","-5,499,000","1,052,000","-235,000","14,816,000","301,000","-9,681,000","-1,961,000","19,240,000","8,604,000","20,108,000","1,696,000","631,000","9,909,000","-85,000","14,666,000","17,626,000","6,623,000","0","0",,"0","0",,"0","0","0",,,"0","0","0",,,"0","0","0","0",,,,,
TotalUnusualItems,"-235,090,000","-46,122,000","0","-188,968,000","0","0","0","-137,904,000","0","-225,000,000",,,,"-328,440,000",,,,,"-86,000","-5,126,000","88,000","140,000",,"362,000","-201,000","-171,000","-70,000",,"-2,152,000",,"0",,,"3,678,000","-297,270,000","0","0","11,511,000","-28,573,000","0","-245,852,000","1,368,000","2,408,000","767,000","-967,000","-5,499,000","1,052,000","-235,000","14,816,000","301,000","-9,681,000","-1,961,000","19,240,000","8,604,000","20,108,000","1,696,000","631,000","9,909,000","-85,000","14,666,000","17,626,000","6,623,000","0","0",,"0","0",,"0","0","0",,,"0","0","0",,,"0","0","0","0",,,,,
NormalizedEBITDA,"723,640,000","173,346,000","174,676,000","186,240,000","189,378,000","169,152,000","146,349,000","176,231,000","162,460,000","195,699,000","194,685,000","168,520,000","161,160,000","498,187,000","164,263,000","170,977,000","155,702,000","170,495,000","144,607,000","160,895,000","141,005,000","154,003,000","82,587,000","141,900,000","144,868,000","147,707,000","150,641,000","155,071,000","143,018,000","214,006,000","136,031,000","145,058,000","140,110,000","127,760,000","117,523,000","111,348,000","114,390,000","92,735,000","-131,253,000","90,408,000","328,170,000","93,002,000","88,161,000","137,994,000","161,001,000","98,415,000","86,108,000","131,283,000","142,317,000","80,717,000","60,136,000","126,350,000","122,635,000","93,736,000","95,184,000","208,925,000","74,561,000","85,323,000","77,360,000","72,754,000","51,794,000","66,154,000","79,893,000","79,374,000","72,155,000","80,156,000","73,234,000","80,580,000","33,100,000","255,885,000","33,046,000","32,861,000","32,849,000","32,417,000","30,794,000","30,662,000","29,537,000","18,311,000","19,850,000","20,002,000","18,767,000","15,051,000","15,874,000","16,913,000","13,599,000","13,599,000","11,824,000"
TaxRateForCalcs,"0.221","0.4","0.006","0.27","0.021","0.035","0.116","0.018","0.057","0.27","0.015","0.02","0.027","0.27","0.304","0.063","0.09","0.033","0.095","0.066","0.058","0.048","0.4","0.04","0.075","0.048","0.076","0.062","0.054","0.018","0.009","0.068","0.032","0.087","0.35","0.35","0.115","0.137","0.053","0.125","0.35","0.117","0.106","0.06","0.053","0.113","0.05","0.05","0.006","0.196","0.35","0.05","0.027","0.142","0.35","0.018","0.209","0.075","0.078","0.065","0.043","0.106","0.094","0.4","0.015","0.051","0.082","0.05","0.4","0.4","0.4","0.4","0.4","0.4","0.4","0.4","0.4","0.4","0","0.4","0.4","0.037","0.4","0.4","0.4","0","0.385"
TaxEffectOfUnusualItems,"-51,851,253.883","-18,448,800","0","-51,021,360","0","0","0","-2,498,225.334","0","-60,750,000","0","0","0","-88,678,800","0","0","0","0","0","0","0","0","0","0","0","0","0","0","0","0","0","0","0","0","-104,044,500","0","0","0","-1,520,218.288","0","-86,048,200","0","254,442.029","46,125.853","-51,103.475","-623,538.01","52,169.298","-11,814.365","94,175.138","58,964.208","-3,388,350","-97,512.122","520,223.56","1,223,811.687","7,037,800","30,723.68","131,741.801","748,040.873","-6,657.645","955,977.767","757,646.046","702,344.277","0","0","0","0","0","0","0","0","0","0","0","0","0","0","0","0","0","0","0","0","0","0","0","0","0"