name,ttm,03/31/2022,12/31/2021,09/30/2021,06/30/2021,03/31/2021,12/31/2020,09/30/2020,06/30/2020,03/31/2020,12/31/2019,09/30/2019,06/30/2019,03/31/2019,12/31/2018,09/30/2018,06/30/2018,03/31/2018,12/31/2017,09/30/2017,06/30/2017,03/31/2017,12/31/2016,09/30/2016,06/30/2016,03/31/2016,12/31/2015,09/30/2015,06/30/2015,03/31/2015,12/31/2014,09/30/2014,06/30/2014,03/31/2014,12/31/2013,09/30/2013,06/30/2013,03/31/2013,12/31/2012,09/30/2012,06/30/2012,03/31/2012,12/31/2011,09/30/2011,06/30/2011,03/31/2011,12/31/2010,09/30/2010,06/30/2010,03/31/2010,12/31/2009,09/30/2009,06/30/2009,03/31/2009,12/31/2008,09/30/2008,06/30/2008,03/31/2008,12/31/2007,09/30/2007,06/30/2007,03/31/2007,12/31/2006,09/30/2006,06/30/2006,03/31/2006,12/31/2005,09/30/2005,06/30/2005,03/31/2005,12/31/2004,09/30/2004,06/30/2004,03/31/2004,12/31/2003,09/30/2003,06/30/2003,03/31/2003
TotalRevenue,"1,060,706,000","210,558,000","251,187,000","290,150,000","308,811,000","317,925,000","367,073,000","378,114,000","280,052,000","229,963,000","252,971,000","265,858,000","230,852,000","249,082,000","-53,563,000","400,586,000","366,820,000","344,973,000","397,057,000","355,483,000","330,723,000","323,657,000","367,929,000","338,458,000","311,655,000","310,256,000","360,863,000","341,893,000","288,782,000","309,157,000","353,182,000","353,338,000","337,604,000","349,391,000","356,620,000","361,895,000","357,719,000","293,399,000","310,436,000","315,210,000","320,655,000","325,620,000","309,155,000","301,800,000","291,240,000","278,823,000","258,531,000","236,017,000","195,949,000","211,555,000","218,832,000","171,071,000","144,674,000","152,018,000","161,359,000","179,367,000","204,464,000","198,154,000","198,259,000","191,681,000","164,275,000","173,572,000","164,002,000","151,571,000","130,738,000","127,259,000","121,765,000","111,317,000","107,576,000","108,952,000","105,106,000","101,236,000","88,372,000","88,425,000","86,808,000","75,785,000","69,003,000","67,706,000"
	OperatingRevenue,"1,060,706,000","210,558,000","251,187,000","290,150,000","308,811,000","317,925,000","367,073,000","378,114,000","280,052,000","229,963,000","252,971,000","265,858,000","230,852,000","249,082,000","-53,563,000","400,586,000","366,820,000","344,973,000","397,057,000","355,483,000","330,723,000","323,657,000","367,929,000","338,458,000","311,655,000","310,256,000","360,863,000","341,893,000","288,782,000","309,157,000","353,182,000","353,338,000","337,604,000","349,391,000","356,620,000","361,895,000","357,719,000","293,399,000","310,436,000","315,210,000","320,655,000","325,620,000","309,155,000","301,800,000","291,240,000","278,823,000","258,531,000","236,017,000","195,949,000","211,555,000","218,832,000","171,071,000","144,674,000","152,018,000","161,359,000","179,367,000","204,464,000","198,154,000","198,259,000","191,681,000","164,275,000","173,572,000","164,002,000","151,571,000","130,738,000","127,259,000","121,765,000","111,317,000","107,576,000","108,952,000","105,106,000","101,236,000","88,372,000","88,425,000","86,808,000","75,785,000","69,003,000","67,706,000"
CostOfRevenue,"746,907,000","151,655,000","176,488,000","203,309,000","215,455,000","206,984,000","255,957,000","264,620,000","198,751,000","163,722,000","183,388,000","188,666,000","165,407,000","167,074,000","-57,392,000","276,394,000","257,648,000","240,468,000","292,978,000","252,388,000","238,787,000","226,725,000","257,219,000","235,336,000","213,867,000","209,691,000","255,447,000","245,566,000","211,126,000","220,877,000","252,708,000","251,005,000","240,418,000","251,466,000","255,831,000","260,236,000","254,289,000","205,662,000","219,058,000","217,522,000","226,017,000","225,771,000","214,182,000","205,490,000","200,863,000","191,037,000","177,377,000","160,310,000","126,387,000","138,731,000","152,368,000","115,326,000","103,414,000","109,087,000","112,900,000","117,074,000","138,055,000","134,291,000","135,414,000","127,903,000","108,321,000","113,542,000","110,826,000","101,013,000","85,361,000","82,711,000","83,613,000","72,181,000","68,937,000","73,033,000","70,577,000","68,704,000","59,975,000","60,899,000","61,506,000","54,691,000","49,889,000","49,246,000"
GrossProfit,"313,799,000","58,903,000","74,699,000","86,841,000","93,356,000","110,941,000","111,116,000","113,494,000","81,301,000","66,241,000","69,583,000","77,192,000","65,445,000","82,008,000","3,829,000","124,192,000","109,172,000","104,505,000","104,079,000","103,095,000","91,936,000","96,932,000","110,710,000","103,122,000","97,788,000","100,565,000","105,416,000","96,327,000","77,656,000","88,280,000","100,474,000","102,333,000","97,186,000","97,925,000","100,789,000","101,659,000","103,430,000","87,737,000","91,378,000","97,688,000","94,638,000","99,849,000","94,973,000","96,310,000","90,377,000","87,786,000","81,154,000","75,707,000","69,562,000","72,824,000","66,464,000","55,745,000","41,260,000","42,931,000","48,459,000","62,293,000","66,409,000","63,863,000","62,845,000","63,778,000","55,954,000","60,030,000","53,176,000","50,558,000","45,377,000","44,548,000","38,152,000","39,136,000","38,639,000","35,919,000","34,529,000","32,532,000","28,397,000","27,526,000","25,302,000","21,094,000","19,114,000","18,460,000"
OperatingExpense,"292,632,000","73,006,000","73,848,000","73,926,000","71,852,000","79,614,000","77,274,000","81,328,000","72,434,000","65,572,000","69,794,000","65,127,000","63,818,000","67,804,000","4,271,000","107,526,000","98,802,000","89,243,000","84,651,000","77,667,000","72,768,000","74,106,000","77,630,000","73,383,000","70,928,000","72,263,000","74,750,000","69,298,000","65,481,000","69,077,000","74,109,000","74,346,000","72,549,000","73,467,000","72,412,000","74,715,000","76,706,000","64,054,000","61,815,000","66,887,000","63,653,000","63,504,000","61,254,000","63,189,000","60,934,000","57,307,000","55,824,000","53,991,000","48,843,000","49,104,000","48,593,000","41,085,000","39,823,000","44,024,000","44,501,000","46,620,000","47,653,000","49,130,000","44,913,000","45,308,000","42,278,000","40,896,000","35,913,000","33,959,000","31,720,000","29,637,000","24,608,000","25,792,000","25,473,000","23,670,000","22,850,000","22,979,000","20,943,000","20,696,000","19,499,000","17,324,000","15,747,000","15,235,000"
	SellingGeneralAndAdministration,"201,588,000","49,188,000","50,805,000","50,232,000","51,363,000","53,220,000","56,711,000","56,261,000","49,865,000","46,165,000","48,228,000","45,378,000","45,004,000","48,972,000","17,426,000","72,273,000","67,431,000","60,296,000","59,215,000","54,540,000","49,411,000","51,423,000","54,139,000","51,448,000","49,124,000","50,126,000","51,377,000","47,726,000","44,379,000","48,625,000","51,201,000","51,009,000","50,073,000","51,286,000","49,883,000","51,395,000","52,725,000","48,716,000","47,026,000","49,488,000","48,896,000","49,383,000","47,657,000","50,451,000","49,584,000","46,293,000","45,666,000","43,427,000","38,898,000","39,799,000","38,239,000","33,732,000","32,327,000","36,671,000","35,742,000","38,268,000","39,069,000","40,341,000","37,759,000","37,290,000","35,369,000","34,740,000","30,666,000","29,284,000","27,731,000","25,105,000","21,114,000","21,676,000","21,980,000","20,510,000","19,978,000","19,838,000","18,261,000","17,950,000","16,817,000","14,775,000","13,485,000","12,863,000"
		GeneralAndAdministrativeExpense,"57,856,000","13,602,000","14,575,000","14,056,000","15,623,000","15,405,000","16,066,000","16,467,000","15,481,000","13,134,000","13,965,000","11,887,000","10,463,000","13,117,000","4,503,000","23,268,000","20,448,000","16,638,000","16,048,000","14,229,000","12,950,000","13,194,000","14,487,000","14,111,000","13,035,000","12,849,000","12,121,000","11,803,000","10,366,000","11,023,000","11,557,000","11,726,000","11,894,000","11,375,000","12,339,000","11,930,000","12,319,000","12,327,000","11,507,000","11,888,000","11,219,000","10,413,000","8,379,000","10,851,000","10,548,000","9,645,000","9,312,000","9,358,000","8,540,000","9,010,000","8,153,000","8,022,000","7,863,000","10,769,000",,,,,,,,,,,,,,,,,,,,,,,,
			OtherGandA,"57,856,000","13,602,000","14,575,000","14,056,000","15,623,000","15,405,000","16,066,000","16,467,000","15,481,000","13,134,000","13,965,000","11,887,000","10,463,000","13,117,000","4,503,000","23,268,000","20,448,000","16,638,000","16,048,000","14,229,000","12,950,000","13,194,000","14,487,000","14,111,000","13,035,000","12,849,000","12,121,000","11,803,000","10,366,000","11,023,000","11,557,000","11,726,000","11,894,000","11,375,000","12,339,000","11,930,000","12,319,000","12,327,000","11,507,000","11,888,000","11,219,000","10,413,000","8,379,000","10,851,000","10,548,000","9,645,000","9,312,000","9,358,000","8,540,000","9,010,000","8,153,000","8,022,000","7,863,000","10,769,000",,,,,,,,,,,,,,,,,,,,,,,,
		SellingAndMarketingExpense,"143,732,000","35,586,000","36,230,000","36,176,000","35,740,000","37,815,000","40,645,000","39,794,000","34,384,000","33,031,000","34,263,000","33,491,000","34,541,000","35,855,000","12,923,000","49,005,000","46,983,000","43,658,000","43,167,000","40,311,000","36,461,000","38,229,000","39,652,000","37,337,000","36,089,000","37,277,000","39,256,000","35,923,000","34,013,000","37,602,000","39,644,000","39,283,000","38,179,000","39,911,000","37,544,000","39,465,000","40,406,000","36,389,000","35,519,000","37,600,000","37,677,000","38,970,000","39,278,000","39,600,000","39,036,000","36,648,000","36,354,000","34,069,000","30,358,000","30,789,000","30,086,000","25,710,000","24,464,000","25,902,000",,,,,,,,,,,,,,,,,,,,,,,,
	ResearchAndDevelopment,"92,959,000","23,821,000","23,080,000","23,472,000","22,586,000","23,829,000","23,376,000","24,529,000","21,144,000","19,739,000","20,799,000","19,537,000","18,814,000","18,832,000","-13,155,000","35,253,000","31,371,000","28,947,000","25,436,000","23,127,000","23,357,000","22,683,000","23,491,000","21,935,000","21,804,000","22,137,000","23,373,000","21,572,000","21,102,000","20,452,000","22,908,000","23,337,000","22,476,000","22,181,000","22,529,000","23,320,000","23,981,000","15,338,000","14,789,000","17,399,000","14,757,000","14,121,000","13,597,000","12,738,000","11,350,000","11,014,000","10,158,000","10,564,000","9,945,000","9,305,000","7,854,000","7,353,000","7,496,000","7,353,000","8,184,000","8,267,000","8,584,000","8,738,000","7,189,000","7,816,000","6,909,000","6,156,000","5,247,000","4,675,000","3,989,000","4,532,000","3,158,000","3,342,000","3,207,000","2,837,000","2,566,000","2,730,000","2,277,000","2,343,000","2,243,000","2,079,000","1,882,000","2,016,000"
	DepreciationAmortizationDepletionIncomeStatement,,,,,,,,,,,,,,,,,,,,,,,,,,,,,,,,,,,,,,,,,,,,,,,,,,,,,,,,,,,,,,,,,,,"168,000","211,000","324,000","361,000","346,000","452,000","445,000","445,000","490,000","516,000","422,000","345,000"
		DepreciationAndAmortizationInIncomeStatement,,,,,,,,,,,,,,,,,,,,,,,,,,,,,,,,,,,,,,,,,,,,,,,,,,,,,,,,,,,,,,,,,,,"168,000","211,000","324,000","361,000","346,000","452,000","445,000","445,000","490,000","516,000","422,000","345,000"
			Amortization,,,,,,,,,,,,,,,,,,,,,,,,,,,,,,,,,,,,,,,,,,,,,,,,,,,,,,,,,,,,,,,,,,,"168,000","211,000","324,000","361,000","346,000","452,000","445,000","445,000","490,000","516,000","422,000","345,000"
				AmortizationOfIntangiblesIncomeStatement,,,,,,,,,,,,,,,,,,,,,,,,,,,,,,,,,,,,,,,,,,,,,,,,,,,,,,,,,,,,,,,,,,,"168,000","211,000","324,000","361,000","346,000","452,000","445,000","445,000","490,000","516,000","422,000","345,000"
	OtherOperatingExpenses,"-1,915,000","-3,000","-37,000","222,000","-2,097,000","2,565,000","-2,813,000","538,000","1,425,000","-332,000","767,000","212,000",,,,,,,,,,,,,,,,,,,,,,,,,,,,,,,,,,,,,,,,,,,"575,000","85,000",,"51,000","-35,000","202,000",,,,,,,"168,000","563,000","-38,000","-38,000","-40,000","-41,000","-40,000","-42,000","-51,000","-46,000","-42,000","11,000"
OperatingIncome,"21,167,000","-14,103,000","851,000","12,915,000","21,504,000","31,327,000","33,842,000","32,166,000","8,867,000","669,000","-211,000","12,065,000","1,627,000","14,204,000","-442,000","16,666,000","10,370,000","15,262,000","19,428,000","25,428,000","19,168,000","22,826,000","33,080,000","29,739,000","26,860,000","28,302,000","30,666,000","27,029,000","12,175,000","19,203,000","26,365,000","27,987,000","24,637,000","24,458,000","28,377,000","26,944,000","26,724,000","23,683,000","29,563,000","30,801,000","30,985,000","36,345,000","33,719,000","33,121,000","29,443,000","30,479,000","25,330,000","21,716,000","20,719,000","23,720,000","17,871,000","14,660,000","1,437,000","-1,093,000","3,958,000","15,673,000","18,756,000","14,733,000","17,932,000","18,470,000","13,676,000","19,134,000","17,263,000","16,599,000","13,657,000","14,911,000","13,544,000","13,344,000","13,166,000","12,249,000","11,679,000","9,553,000","7,454,000","6,830,000","5,803,000","3,770,000","3,367,000","3,225,000"
NetNonOperatingInterestIncomeExpense,,,,,"3,000","10,000","27,000","98,000","49,000","262,000","417,000","639,000","782,000","701,000","670,000","1,490,000","1,072,000","748,000","725,000","501,000","482,000","405,000","359,000","291,000","279,000","234,000","111,000","65,000","67,000","52,000","79,000","68,000","49,000","57,000","85,000","71,000","95,000","149,000","154,000","109,000","116,000","119,000","127,000","115,000","106,000","129,000","124,000","132,000","100,000","70,000","81,000","66,000","178,000","304,000",,,,,,,,,,,,,,,,,,,,,,,,
	InterestIncomeNonOperating,,,,,"3,000","10,000","27,000","98,000","49,000","262,000","417,000","639,000","782,000","701,000","670,000","1,490,000","1,072,000","748,000","725,000","501,000","482,000","405,000","359,000","291,000","279,000","234,000","111,000","65,000","67,000","52,000","79,000","68,000","49,000","57,000","85,000","71,000","95,000","149,000","154,000","109,000","116,000","119,000",,"115,000","106,000","129,000",,"132,000","100,000","70,000",,"66,000","178,000","304,000",,,,,,,,,,,,,,,,,,,,,,,,
	TotalOtherFinanceCost,,,,,,,,,,,"-417,000","-639,000","-782,000",,,,,,,,,,,,,,,,,,,,,,,,,,,,,,,,,,,,,,,,,,,,,,,,,,,,,,,,,,,,,,,,,
OtherIncomeExpense,"-46,122,000","-45,424,000","-1,265,000","-132,000","696,000","-562,000","-390,000","-515,000","314,000","-4,586,000","419,000","-403,000","-814,000","145,000","23,925,000","-6,226,000","-12,304,000","-8,027,000","513,000","632,000","308,000","298,000","424,000","233,000","-1,678,000","-3,054,000","-43,000","-1,215,000","-1,317,000","-1,229,000","-72,406,000","817,000","-283,000","-1,067,000","-5,318,000","-2,194,000","-5,690,000","56,000","-1,313,000","2,801,000","354,000","-752,000","-231,000","-311,000","-2,210,000","-277,000","-375,000","-318,000","213,000","-207,000","-477,000","-370,000","-461,000","371,000","-9,900,000","-5,702,000","-14,000","2,792,000","181,000","1,530,000","-2,952,000","272,000","1,889,000","-3,215,000","852,000","69,000","-824,000","-914,000","-780,000","-54,000","-306,000","-357,000","206,000","-103,000","-15,000","-5,963,000","128,000","-78,000"
	SpecialIncomeCharges,,"-44,442,000",,,,,,,,,,,"-1,301,000","-196,000","24,053,000","-7,055,000","-13,365,000","-6,775,000","-127,000","-34,000","-75,000","-37,000","-37,000","117,000","-1,346,000","-2,688,000","-22,000","-1,016,000","-974,000","-1,704,000","-72,950,000","-1,429,000","-56,000","-959,000","-4,824,000","-2,705,000","-5,142,000","-18,000","-3,983,000","2,801,000","354,000","-752,000","-231,000","-311,000","-2,210,000","-277,000","-375,000","-318,000","213,000","-207,000","-477,000","-370,000","-461,000","371,000","-9,900,000","-5,702,000","-14,000","2,792,000","181,000","1,530,000","-2,952,000","272,000","1,889,000","-3,215,000","852,000","69,000","-824,000","-914,000","-780,000","-54,000","-306,000","-357,000","206,000","-103,000","-15,000","-5,963,000","128,000","-78,000"
		RestructuringAndMergernAcquisition,,,,,,,,,,,,,"1,291,000","-68,000","830,000","1,000","1,376,000","-9,000","19,000","19,000","22,000","37,000","22,000","-130,000","1,311,000","2,678,000","14,000","1,016,000","974,000","4,394,000","19,000","1,360,000","-12,000","842,000","3,378,000","400,000","1,587,000","-30,000","1,190,000","0","0",,"0","0",,"0","-12,000","-8,000","-81,000","13,000","11,000","104,000","18,000","676,000","965,000","964,000",,,,,,,,,,,,,,,,,,,,,,
		ImpairmentOfCapitalAssets,,"44,442,000",,,,,,,,,,,,,,,,,,,,,,,,,"0",,,"0","74,196,000",,,,,,,,,,,,,,,,,,,,,,,,,,,,,,,,,,,,,,,,,,,,,,,
		WriteOff,,,,,,,,,,,,,,,,,,,,,,,,,,,,,,,"0","0",,,"0","2,000,000",,,,,,,,,,,,,,,,,,,,,,,,,,,,,,,,,,,,,,,,,,
		OtherSpecialCharges,,,,,,,,,,,,,"10,000",,"10,000",,"5,000",,"108,000","15,000","53,000",,"15,000","13,000","35,000","10,000","8,000",,,"-2,690,000","-1,265,000","69,000","68,000","117,000","1,446,000","305,000","3,555,000","48,000","2,793,000","-2,801,000","-354,000",,"231,000","311,000",,"277,000","387,000","326,000","-132,000","194,000","466,000","266,000","443,000","-1,047,000","8,935,000","4,738,000",,,,,,,,,,,,,,,,,,,,,,
		GainOnSaleOfBusiness,,,,,,,,,,,,,"0","-264,000","24,893,000","-7,054,000","-11,984,000","-6,784,000",,,,,,,,,,,,,,,,,,,,,,,,,,,,,,,,,,,,,,,,,,,,,,,,,,,,,,,,,,,,
	OtherNonOperatingIncomeExpenses,"335,000","-982,000","750,000","-132,000","696,000","-562,000","5,273,000","-515,000","314,000","-4,586,000","-191,000","-403,000","487,000","341,000","-1,421,000","829,000","1,061,000","-1,252,000","-1,240,000","666,000","383,000","335,000","142,000","116,000","-332,000","-366,000","189,000","-199,000","-343,000","475,000","-1,367,000","2,246,000","-227,000","-108,000","757,000","511,000","-548,000","74,000","-153,000",,,,,,,,,,,,,,,,,,,,,,,,,,,,,,,,,,,,,,,
PretaxIncome,"-24,798,000","-59,527,000","-257,000","12,783,000","22,203,000","30,775,000","33,479,000","31,749,000","9,230,000","-3,655,000","625,000","12,301,000","1,595,000","15,050,000","24,153,000","11,930,000","-862,000","7,983,000","20,666,000","26,561,000","19,958,000","23,529,000","33,863,000","30,263,000","25,461,000","25,482,000","30,734,000","25,879,000","10,925,000","18,026,000","-45,962,000","28,872,000","24,403,000","23,448,000","23,144,000","24,821,000","21,129,000","23,888,000","28,404,000","33,711,000","31,455,000","35,712,000","33,615,000","32,925,000","27,339,000","30,331,000","25,079,000","21,530,000","21,032,000","23,583,000","17,475,000","14,356,000","1,154,000","-418,000","-4,559,000","11,032,000","19,782,000","19,088,000","20,080,000","22,062,000","12,917,000","21,777,000","21,109,000","15,060,000","16,248,000","16,582,000","14,231,000","14,086,000","13,245,000","12,928,000","11,943,000","9,594,000","7,941,000","6,908,000","5,925,000","-2,286,000","3,108,000","2,825,000"
TaxProvision,"5,985,000","-2,317,000","734,000","3,199,000","4,369,000","7,815,000","2,531,000","6,214,000","3,247,000","518,000","1,045,000","-228,000","756,000","2,207,000","16,337,000","2,780,000","4,368,000","2,393,000","52,600,000","5,767,000","5,376,000","7,535,000","11,754,000","9,144,000","9,427,000","8,893,000","8,927,000","10,780,000","7,258,000","10,015,000","-5,609,000","8,847,000","9,698,000","9,037,000","11,712,000","10,364,000","7,144,000","8,545,000","12,325,000","9,920,000","9,933,000","10,565,000","10,780,000","6,178,000","6,742,000","9,142,000","11,457,000","8,435,000","10,567,000","9,856,000","9,622,000","5,826,000","4,434,000","-460,000","2,784,000","7,929,000","8,718,000","7,862,000","7,546,000","8,796,000","6,784,000","7,756,000","7,660,000","7,080,000","6,413,000","6,714,000","5,363,000","5,492,000","4,944,000","5,068,000","3,379,000","3,718,000","3,066,000","2,758,000","1,993,000","1,664,000","-8,395,000","1,213,000"
NetIncomeCommonStockholders,"-30,783,000","-57,210,000","-991,000","9,584,000","17,834,000","22,960,000","30,948,000","25,535,000","5,983,000","-4,173,000","-420,000","12,529,000","839,000","12,843,000","-19,471,000","9,949,000","-5,230,000","5,590,000","-31,934,000","20,794,000","14,582,000","15,994,000","22,109,000","21,119,000","16,034,000","16,589,000","21,807,000","15,099,000","3,667,000","8,011,000","-40,353,000","20,025,000","14,705,000","14,411,000","11,432,000","14,457,000","13,985,000","15,343,000","16,079,000","23,791,000","21,522,000","25,147,000","22,835,000","26,747,000","20,597,000","21,189,000","13,622,000","13,095,000","10,465,000","13,727,000","7,853,000","8,530,000","-3,280,000","42,000","-7,343,000","3,103,000","11,064,000","11,226,000","12,534,000","13,266,000","6,133,000","14,021,000","13,449,000","7,980,000","9,835,000","9,868,000","8,868,000","8,594,000","8,301,000","7,860,000","8,564,000","5,876,000","4,875,000","4,150,000","3,932,000","-3,950,000","11,503,000","1,612,000"
	NetIncome,"-30,783,000","-57,210,000","-991,000","9,584,000","17,834,000","22,960,000","30,948,000","25,535,000","5,983,000","-4,173,000","-420,000","12,529,000","839,000","12,843,000","-19,471,000","9,949,000","-5,230,000","5,590,000","-31,934,000","20,794,000","14,582,000","15,994,000","22,109,000","21,119,000","16,034,000","16,589,000","21,807,000","15,099,000","3,667,000","8,011,000","-40,353,000","20,025,000","14,705,000","14,411,000","11,432,000","14,457,000","13,985,000","15,343,000","16,079,000","23,791,000","21,522,000","25,147,000","22,835,000","26,747,000","20,597,000","21,189,000","13,622,000","13,095,000","10,465,000","13,727,000","7,853,000","8,530,000","-3,280,000","42,000","-7,343,000","3,103,000","11,064,000","11,226,000","12,534,000","13,266,000","6,133,000","14,021,000","13,449,000","7,980,000","9,835,000","9,868,000","8,868,000","8,594,000","8,301,000","7,860,000","8,564,000","5,876,000","4,875,000","4,150,000","3,932,000","-3,950,000","11,503,000","1,612,000"
		NetIncomeIncludingNoncontrollingInterests,"-30,783,000","-57,210,000","-991,000","9,584,000","17,834,000","22,960,000","30,948,000","25,535,000","5,983,000","-4,173,000","-420,000","12,529,000","839,000","12,843,000","-27,839,000","9,150,000","-5,230,000","5,590,000","-31,934,000","20,794,000","14,582,000","15,994,000","22,109,000","21,119,000","16,034,000","16,589,000","21,807,000","15,099,000","3,667,000","8,011,000","-40,353,000","20,025,000","14,705,000","14,411,000","11,432,000","14,457,000","13,985,000","15,343,000","16,079,000","23,791,000","21,522,000","25,147,000","22,835,000","26,747,000","20,597,000","21,189,000","13,622,000","13,095,000","10,465,000","13,727,000","7,853,000","8,530,000","-3,280,000","42,000","-7,343,000","3,103,000","11,064,000","11,226,000","12,534,000","13,266,000","6,133,000","14,021,000","13,449,000","7,980,000","9,835,000","9,868,000","8,868,000","8,594,000","8,301,000","7,860,000","8,564,000","5,876,000","4,875,000","4,150,000","3,932,000","-3,950,000","11,503,000","1,612,000"
			NetIncomeContinuousOperations,"-30,783,000","-57,210,000","-991,000","9,584,000","17,834,000","22,960,000","30,948,000","25,535,000","5,983,000","-4,173,000","-420,000","12,529,000","839,000","12,843,000","7,816,000","9,150,000","-5,230,000","5,590,000","-31,934,000","20,794,000","14,582,000","15,994,000","22,109,000","21,119,000","16,034,000","16,589,000","21,807,000","15,099,000","3,667,000","8,011,000","-40,353,000","20,025,000","14,705,000","14,411,000","11,432,000","14,457,000","13,985,000","15,343,000","16,079,000","23,791,000","21,522,000","25,147,000","22,835,000","26,747,000","20,597,000","21,189,000","13,622,000","13,095,000","10,465,000","13,727,000","7,853,000","8,530,000","-3,280,000","42,000","-7,343,000","3,103,000","11,064,000","11,226,000","12,534,000","13,266,000","6,133,000","14,021,000","13,449,000","7,980,000","9,835,000","9,868,000","8,868,000","8,594,000","8,301,000","7,860,000","8,564,000","5,876,000","4,875,000","4,150,000","3,932,000","-3,950,000","11,503,000","1,612,000"
			NetIncomeDiscontinuousOperations,,,,,,,,,,,"0","0","0","0","-21,861,000",,,,,,,,,,,,,,,,,,,,,,,,,,,,,,,,,,,,,,,,,,,,,,,,,,,,,,,,,,,,,,,
		MinorityInterests,,,,,,,,,,,"0","0",,"0","8,368,000","799,000",,,,,,,,,,,,,,,,,,,,,,,,,,,,,,,,,,,,,,,,,,,,,,,,,,,,,,,,,,,,,,
DilutedNIAvailtoComStockholders,"-30,783,000","-57,210,000","-991,000","9,584,000","17,834,000","22,960,000","30,948,000","25,535,000","5,983,000","-4,173,000","-420,000","12,529,000","839,000","12,843,000","-19,471,000","9,949,000","-5,230,000","5,590,000","-31,934,000","20,794,000","14,582,000","15,994,000","22,109,000","21,119,000","16,034,000","16,589,000","21,807,000","15,099,000","3,667,000","8,011,000","-40,353,000","20,025,000","14,705,000","14,411,000","11,432,000","14,457,000","13,985,000","15,343,000","16,079,000","23,791,000","21,522,000","25,147,000","22,835,000","26,747,000","20,597,000","21,189,000","13,622,000","13,095,000","10,465,000","13,727,000","7,853,000","8,530,000","-3,280,000","42,000","-7,343,000","3,103,000","11,064,000","11,226,000","12,534,000","13,266,000","6,133,000","14,021,000","13,449,000","7,980,000","9,835,000","9,868,000","8,868,000","8,594,000","8,301,000","7,860,000","8,564,000","5,876,000","4,875,000","4,150,000","3,932,000","-3,950,000","11,503,000","1,612,000"
BasicEPS,,"-1.95","-0.03","0.32","0.58","0.75","1.02","0.85","0.2","-0.14","-0.01","0.41","0.03","0.41","-0.41","0.31","-0.17","0.18","-1.02","0.66","0.45","0.49","0.67","0.64","0.49","0.51","0.68","0.47","0.11","0.23","-1.16","0.56","0.41","0.39","0.3","0.37","0.36","0.4","0.42","0.62","0.57","0.67",,"0.71","0.56","0.58",,"0.37","0.3","0.39",,"0.25","-0.1","0",,"0.09","0.31","0.32",,"0.38","0.18","0.41",,"0.24","0.3","0.3",,"0.26","0.26","0.25",,"0.19","0.16","0.14",,"-0.15","0.57","0.08"
DilutedEPS,,"-1.95","-0.03","0.31","0.57","0.72","0.99","0.83","0.2","-0.14","-0.01","0.39","0.03","0.39","-0.41","0.3","-0.17","0.17","-1.02","0.64","0.44","0.47","0.65","0.62","0.48","0.5","0.66","0.47","0.11","0.23","-1.16","0.55","0.4","0.39","0.3","0.37","0.36","0.39","0.41","0.61","0.56","0.65",,"0.7","0.54","0.57",,"0.36","0.29","0.38",,"0.24","-0.1","0",,"0.09","0.31","0.31",,"0.37","0.17","0.4",,"0.23","0.29","0.29",,"0.25","0.25","0.24",,"0.18","0.15","0.13",,"-0.15","0.48","0.07"
BasicAverageShares,,"29,350,000","29,456,000","30,301,000","30,574,000","30,665,000","30,331,000","30,037,000","29,617,000","29,583,000","30,103,000","30,933,000","31,246,000","31,483,000","31,604,000","31,802,000","31,674,000","31,427,000","31,379,000","31,704,000","32,352,000","32,944,000","32,973,000","32,913,000","32,639,000","32,519,000","32,275,000","31,979,000","33,792,000","34,678,000","34,726,000","35,643,000","36,139,000","36,630,000","37,845,000","38,700,000","38,539,000","38,433,000","38,293,000","38,162,000","37,978,000","37,796,000",,"37,483,000","37,017,000","36,414,000",,"35,441,000","35,237,000","34,947,000",,"34,523,000","34,399,000","34,351,000",,"35,412,000","35,354,000","35,316,000",,"35,045,000","34,685,000","34,308,000",,"33,443,000","33,251,000","33,045,000",,"32,697,000","32,146,000","31,661,000",,"30,689,000","30,367,000","29,521,000",,"25,684,000","20,180,702","20,231,000"
DilutedAverageShares,,"29,350,000","29,456,000","30,798,000","31,464,000","31,814,000","31,235,000","30,741,000","30,070,000","29,583,000","30,103,000","31,819,000","32,112,000","32,874,000","32,803,000","32,974,000","31,674,000","32,660,000","31,379,000","32,393,000","33,116,000","34,136,000","33,925,000","33,913,000","33,493,000","33,269,000","33,110,000","32,335,000","34,308,000","35,285,000","34,726,000","36,250,000","36,808,000","37,305,000","38,408,000","39,198,000","39,074,000","39,050,000","38,924,000","38,802,000","38,595,000","38,576,000",,"38,080,000","37,968,000","37,340,000",,"36,009,000","35,943,000","35,716,000",,"34,948,000","34,399,000","34,602,000",,"35,721,000","35,792,000","35,941,000",,"35,955,000","35,827,000","35,362,000",,"34,466,000","34,484,000","34,091,000",,"34,314,000","33,716,000","33,280,000",,"32,269,000","32,238,000","32,355,000",,"25,684,000","23,964,583","20,231,000"
TotalOperatingIncomeAsReported,"-23,275,000","-58,545,000","851,000","12,915,000","21,504,000","31,327,000","33,842,000","32,166,000","8,867,000","669,000","-211,000","12,065,000","326,000","14,008,000","23,611,000","9,611,000","-2,995,000","8,487,000","19,301,000","25,394,000","19,093,000","22,789,000","33,043,000","29,856,000","25,514,000","25,614,000","30,644,000","26,013,000","11,201,000","17,499,000","-46,585,000","26,558,000","24,581,000","23,499,000","23,553,000","24,239,000","21,582,000","23,665,000","28,403,000","30,532,000","30,985,000","36,194,000","33,686,000","33,077,000","27,574,000","30,532,000","25,131,000","21,724,000","20,800,000","23,707,000","17,860,000","14,556,000","1,419,000","-1,769,000","1,193,000","14,709,000","18,756,000","14,733,000","17,932,000","18,470,000","9,576,000","19,134,000","17,263,000","13,699,000","13,657,000","14,911,000","13,510,000","13,307,000","13,128,000","12,211,000","11,639,000","9,512,000","7,414,000","6,788,000","5,752,000","3,724,000","3,325,000","3,236,000"
TotalExpenses,"1,039,539,000","224,661,000","250,336,000","277,235,000","287,307,000","286,598,000","333,231,000","345,948,000","271,185,000","229,294,000","253,182,000","253,793,000","229,225,000","234,878,000","-53,121,000","383,920,000","356,450,000","329,711,000","377,629,000","330,055,000","311,555,000","300,831,000","334,849,000","308,719,000","284,795,000","281,954,000","330,197,000","314,864,000","276,607,000","289,954,000","326,817,000","325,351,000","312,967,000","324,933,000","328,243,000","334,951,000","330,995,000","269,716,000","280,873,000","284,409,000","289,670,000","289,275,000","275,436,000","268,679,000","261,797,000","248,344,000","233,201,000","214,301,000","175,230,000","187,835,000","200,961,000","156,411,000","143,237,000","153,111,000","157,401,000","163,694,000","185,708,000","183,421,000","180,327,000","173,211,000","150,599,000","154,438,000","146,739,000","134,972,000","117,081,000","112,348,000","108,221,000","97,973,000","94,410,000","96,703,000","93,427,000","91,683,000","80,918,000","81,595,000","81,005,000","72,015,000","65,636,000","64,481,000"
NetIncomeFromContinuingAndDiscontinuedOperation,"-30,783,000","-57,210,000","-991,000","9,584,000","17,834,000","22,960,000","30,948,000","25,535,000","5,983,000","-4,173,000","-420,000","12,529,000","839,000","12,843,000","-19,471,000","9,949,000","-5,230,000","5,590,000","-31,934,000","20,794,000","14,582,000","15,994,000","22,109,000","21,119,000","16,034,000","16,589,000","21,807,000","15,099,000","3,667,000","8,011,000","-40,353,000","20,025,000","14,705,000","14,411,000","11,432,000","14,457,000","13,985,000","15,343,000","16,079,000","23,791,000","21,522,000","25,147,000","22,835,000","26,747,000","20,597,000","21,189,000","13,622,000","13,095,000","10,465,000","13,727,000","7,853,000","8,530,000","-3,280,000","42,000","-7,343,000","3,103,000","11,064,000","11,226,000","12,534,000","13,266,000","6,133,000","14,021,000","13,449,000","7,980,000","9,835,000","9,868,000","8,868,000","8,594,000","8,301,000","7,860,000","8,564,000","5,876,000","4,875,000","4,150,000","3,932,000","-3,950,000","11,503,000","1,612,000"
NormalizedIncome,"-2,908,800","-14,501,238","-991,000","9,584,000","17,834,000","22,960,000","30,948,000","25,535,000","5,983,000","-4,173,000","-420,000","12,529,000","1,788,730","13,010,188","-2,318,580","15,360,185","4,526,450","10,332,500","-32,985,800","20,820,622","14,636,825","16,019,160","21,924,883.472","21,037,334","16,881,980","18,338,888","21,971,613.262","15,708,600","4,251,400","9,033,400","22,016,713.394","21,016,726","14,738,768","15,000,785","15,380,750","16,215,250","17,389,004","15,354,556","16,932,450","21,813,494","21,279,864","25,676,408","22,991,920.571","26,999,644.404","22,261,997.622","21,382,510.039","13,865,750","13,288,414.306","10,326,550","13,861,550","8,163,050","8,770,500","-2,980,350","-199,150","-908,000","6,809,300","11,073,100","9,411,200","12,421,019.223","12,346,002.72","8,051,800","13,845,874.317","12,245,477.285","9,909,000","9,319,279.911","9,826,600","9,381,472.841","9,151,639.926","8,789,847.112","7,892,831.064","8,783,424.265","6,094,650.407","4,748,536.079","4,211,877.533","3,941,954.43","-372,200","11,426,200","1,658,800"
InterestIncome,,,,,"3,000","10,000","27,000","98,000","49,000","262,000","417,000","639,000","782,000","701,000","670,000","1,490,000","1,072,000","748,000","725,000","501,000","482,000","405,000","359,000","291,000","279,000","234,000","111,000","65,000","67,000","52,000","79,000","68,000","49,000","57,000","85,000","71,000","95,000","149,000","154,000","109,000","116,000","119,000",,"115,000","106,000","129,000",,"132,000","100,000","70,000",,"66,000","178,000","304,000",,,,,,,,,,,,,,,,,,,,,,,,
NetInterestIncome,,,,,"3,000","10,000","27,000","98,000","49,000","262,000","417,000","639,000","782,000","701,000","670,000","1,490,000","1,072,000","748,000","725,000","501,000","482,000","405,000","359,000","291,000","279,000","234,000","111,000","65,000","67,000","52,000","79,000","68,000","49,000","57,000","85,000","71,000","95,000","149,000","154,000","109,000","116,000","119,000","127,000","115,000","106,000","129,000","124,000","132,000","100,000","70,000","81,000","66,000","178,000","304,000",,,,,,,,,,,,,,,,,,,,,,,,
EBIT,"21,167,000","-14,103,000","851,000","12,915,000","21,504,000","31,327,000","33,842,000","32,166,000","8,867,000","669,000","-211,000","12,065,000","1,627,000","14,204,000","-442,000","16,666,000","10,370,000","15,262,000","19,428,000","25,428,000","19,168,000","22,826,000","33,080,000","29,739,000","26,860,000","28,302,000","30,666,000","27,029,000","12,175,000","19,203,000","26,365,000","27,987,000","24,637,000","24,458,000","28,377,000","26,944,000","26,724,000","23,683,000","29,563,000","30,801,000","30,985,000","36,345,000","33,719,000","33,121,000","29,443,000","30,479,000","25,330,000","21,716,000","20,719,000","23,720,000","17,871,000","14,660,000","1,437,000","-1,093,000","3,958,000","15,673,000","18,756,000","14,733,000","17,932,000","18,470,000","13,676,000","19,134,000","17,263,000","16,599,000","13,657,000","14,911,000","13,544,000","13,344,000","13,166,000","12,249,000","11,679,000","9,553,000","7,454,000","6,830,000","5,803,000","3,770,000","3,367,000","3,225,000"
EBITDA,"33,219,000"
ReconciledCostOfRevenue,"746,907,000","151,655,000","176,488,000","203,309,000","215,455,000","206,984,000","255,957,000","264,620,000","198,751,000","163,722,000","183,388,000","188,666,000","165,407,000","167,074,000","-57,392,000","276,394,000","257,648,000","240,468,000","292,978,000","252,388,000","238,787,000","226,725,000","257,219,000","235,336,000","213,867,000","209,691,000","255,447,000","245,566,000","211,126,000","220,877,000","252,708,000","251,005,000","240,418,000","251,466,000","255,831,000","260,236,000","254,289,000","205,662,000","219,058,000","217,522,000","226,017,000","225,771,000","214,182,000","205,490,000","200,863,000","191,037,000","177,377,000","160,310,000","126,387,000","138,731,000","152,368,000","115,326,000","103,414,000","109,087,000","112,900,000","117,074,000","138,055,000","134,291,000","135,414,000","127,903,000","108,321,000","113,542,000","110,826,000","101,013,000","85,361,000","82,711,000","82,868,000","71,416,000","68,162,000","72,249,000","69,836,000","68,050,000","59,390,000","60,286,000","60,946,000","54,144,000","49,358,000","48,877,000"
ReconciledDepreciation,"12,052,000","2,807,000","2,984,000","3,041,000","3,220,000","4,661,000","4,688,000","4,860,000","4,753,000","4,630,000","4,829,000","4,612,000","4,937,000","5,028,000","1,263,000","5,933,000","5,768,000","5,887,000","5,875,000","5,995,000","6,358,000","7,866,000","7,392,000","7,714,000","8,379,000","8,508,000","8,514,000","8,644,000","9,477,000","9,215,000","9,192,000","8,999,000","8,656,000","8,743,000","9,109,000","9,416,000","9,387,000","4,942,000","4,650,000","4,632,000","3,884,000","3,609,000","3,667,000","3,615,000","3,746,000","3,707,000","3,613,000","3,412,000","3,231,000","3,183,000","3,052,000","3,107,000","3,038,000","3,163,000","5,280,000","2,505,000","2,722,000","2,754,000","2,634,000","2,572,000","6,181,000","1,298,000","-529,000","4,116,000","876,000","780,000","913,000","976,000","1,099,000","1,145,000","1,087,000","1,106,000","1,030,000","1,058,000","1,050,000","1,063,000","953,000","714,000"
NetIncomeFromContinuingOperationNetMinorityInterest,"-30,783,000","-57,210,000","-991,000","9,584,000","17,834,000","22,960,000","30,948,000","25,535,000","5,983,000","-4,173,000","-420,000","12,529,000","839,000","12,843,000","16,184,000","9,949,000","-5,230,000","5,590,000","-31,934,000","20,794,000","14,582,000","15,994,000","22,109,000","21,119,000","16,034,000","16,589,000","21,807,000","15,099,000","3,667,000","8,011,000","-40,353,000","20,025,000","14,705,000","14,411,000","11,432,000","14,457,000","13,985,000","15,343,000","16,079,000","23,791,000","21,522,000","25,147,000","22,835,000","26,747,000","20,597,000","21,189,000","13,622,000","13,095,000","10,465,000","13,727,000","7,853,000","8,530,000","-3,280,000","42,000","-7,343,000","3,103,000","11,064,000","11,226,000","12,534,000","13,266,000","6,133,000","14,021,000","13,449,000","7,980,000","9,835,000","9,868,000","8,868,000","8,594,000","8,301,000","7,860,000","8,564,000","5,876,000","4,875,000","4,150,000","3,932,000","-3,950,000","11,503,000","1,612,000"
TotalUnusualItemsExcludingGoodwill,"-46,457,000","-44,442,000",,,,,,,,,,,"-1,301,000","-196,000","25,346,000","-7,055,000","-13,365,000","-6,775,000","1,753,000","-34,000","-75,000","-37,000","282,000","117,000","-1,346,000","-2,688,000","-232,000","-1,016,000","-974,000","-1,704,000","-71,039,000","-1,429,000","-56,000","-959,000","-6,075,000","-2,705,000","-5,142,000","-18,000","-1,313,000","2,801,000","354,000","-752,000","-231,000","-311,000","-2,210,000","-277,000","-375,000","-318,000","213,000","-207,000","-477,000","-370,000","-461,000","371,000","-9,900,000","-5,702,000","-14,000","2,792,000","181,000","1,530,000","-2,952,000","272,000","1,889,000","-3,215,000","852,000","69,000","-824,000","-914,000","-780,000","-54,000","-306,000","-357,000","206,000","-103,000","-15,000","-5,963,000","128,000","-78,000"
TotalUnusualItems,"-46,457,000","-44,442,000",,,,,,,,,,,"-1,301,000","-196,000","25,346,000","-7,055,000","-13,365,000","-6,775,000","1,753,000","-34,000","-75,000","-37,000","282,000","117,000","-1,346,000","-2,688,000","-232,000","-1,016,000","-974,000","-1,704,000","-71,039,000","-1,429,000","-56,000","-959,000","-6,075,000","-2,705,000","-5,142,000","-18,000","-1,313,000","2,801,000","354,000","-752,000","-231,000","-311,000","-2,210,000","-277,000","-375,000","-318,000","213,000","-207,000","-477,000","-370,000","-461,000","371,000","-9,900,000","-5,702,000","-14,000","2,792,000","181,000","1,530,000","-2,952,000","272,000","1,889,000","-3,215,000","852,000","69,000","-824,000","-914,000","-780,000","-54,000","-306,000","-357,000","206,000","-103,000","-15,000","-5,963,000","128,000","-78,000"
NormalizedEBITDA,"79,676,000","33,146,000","3,835,000","15,956,000","24,724,000","35,988,000","38,530,000","37,026,000","13,620,000","5,299,000","4,618,000","16,677,000","7,865,000","19,428,000","-24,525,000","29,654,000","29,503,000","27,924,000","23,550,000","31,457,000","25,601,000","30,729,000","40,190,000","37,336,000","36,585,000","39,498,000","39,412,000","36,689,000","22,626,000","30,122,000","106,596,000","38,415,000","33,349,000","34,160,000","43,561,000","39,065,000","41,253,000","28,643,000","35,526,000","32,632,000","34,515,000","40,706,000","37,617,000","37,047,000","35,399,000","34,463,000","29,318,000","25,446,000","23,737,000","27,110,000","21,400,000","18,137,000","4,936,000","1,699,000","19,138,000","23,880,000","21,492,000","14,695,000","20,385,000","19,512,000","22,809,000","20,160,000","15,374,000","23,930,000","13,681,000","15,622,000","15,281,000","15,234,000","15,045,000","13,448,000","13,072,000","11,016,000","8,278,000","7,991,000","6,868,000","10,796,000","4,192,000","4,017,000"
TaxRateForCalcs,"0.4","0.039","0.27","0.25","0.197","0.254","0.076","0.196","0.352","0.27","0.27","0.019","0.27","0.147","0.27","0.233","0.27","0.3","0.4","0.217","0.269","0.32","0.347","0.302","0.37","0.349","0.29","0.4","0.4","0.4","0.122","0.306","0.397","0.385","0.35","0.35","0.338","0.358","0.35","0.294","0.316","0.296","0.321","0.188","0.247","0.301","0.35","0.392","0.35","0.35","0.35","0.35","0.35","0.35","0.35","0.35","0.35","0.35","0.376","0.399","0.35","0.356","0.363","0.4","0.395","0.4","0.377","0.39","0.373","0.392","0.283","0.388","0.386","0.399","0.336","0.4","0.4","0.4"
TaxEffectOfUnusualItems,"-18,582,800","-1,733,238","0","0","0","0","0","0","0","0","0","0","-351,270","-28,812","6,843,420","-1,643,815","-3,608,550","-2,032,500","701,200","-7,378","-20,175","-11,840","97,883.472","35,334","-498,020","-938,112","-67,386.738","-406,400","-389,600","-681,600","-8,669,286.606","-437,274","-22,232","-369,215","-2,126,250","-946,750","-1,737,996","-6,444","-459,550","823,494","111,864","-222,592","-74,079.429","-58,355.596","-545,002.378","-83,489.961","-131,250","-124,585.694","74,550","-72,450","-166,950","-129,500","-161,350","129,850","-3,465,000","-1,995,700","-4,900","977,200","68,019.223","610,002.72","-1,033,200","96,874.317","685,477.285","-1,286,000","336,279.911","27,600","-310,527.159","-356,360.074","-291,152.888","-21,168.936","-86,575.735","-138,349.593","79,536.079","-41,122.467","-5,045.57","-2,385,200","51,200","-31,200"