name,ttm,03/31/2022,12/31/2021,09/30/2021,06/30/2021,03/31/2021,12/31/2020,09/30/2020,06/30/2020,03/31/2020,12/31/2019,09/30/2019,06/30/2019,03/31/2019,12/31/2018,09/30/2018,06/30/2018,03/31/2018,12/31/2017,09/30/2017,06/30/2017,03/31/2017,12/31/2016,09/30/2016,06/30/2016,03/31/2016,12/31/2015,09/30/2015,06/30/2015,03/31/2015,12/31/2014,09/30/2014,06/30/2014,03/31/2014,12/31/2013,09/30/2013,06/30/2013,03/31/2013,12/31/2012,09/30/2012,06/30/2012,03/31/2012,12/31/2011,09/30/2011,06/30/2011,03/31/2011,12/31/2010,09/30/2010,06/30/2010,03/31/2010,12/31/2009,09/30/2009,06/30/2009,03/31/2009,12/31/2008,09/30/2008,06/30/2008,03/31/2008,12/31/2007,09/30/2007,06/30/2007,03/31/2007,12/31/2006,09/30/2006,06/30/2006,03/31/2006,12/31/2005,09/30/2005,06/30/2005,03/31/2005,12/31/2004,09/30/2004,06/30/2004,03/31/2004,12/31/2003,09/30/2003,06/30/2003,03/31/2003,12/31/2002,09/30/2002,06/30/2002,03/31/2002,12/31/2001,09/30/2001,06/30/2001,03/31/2001,12/31/2000,09/30/2000,06/30/2000,03/31/2000,12/31/1999,09/30/1999,06/30/1999,03/31/1999,12/31/1998,09/30/1998,06/30/1998,03/31/1998,12/31/1997,09/30/1997,06/30/1997,03/31/1997,12/31/1996,09/30/1996,06/30/1996,03/31/1996,12/31/1995,09/30/1995,06/30/1995,03/31/1995,12/31/1994,09/30/1994,06/30/1994,03/31/1994,12/31/1993,09/30/1993,06/30/1993,03/31/1993,12/31/1992,09/30/1992,06/30/1992,03/31/1992,12/31/1991,09/30/1991,06/30/1991,03/31/1991,12/31/1990,09/30/1990,06/30/1990,03/31/1990,12/31/1989,09/30/1989,06/30/1989,03/31/1989,12/31/1988,09/30/1988,06/30/1988,03/31/1988,12/31/1987,09/30/1987,06/30/1987,03/31/1987,12/31/1986,09/30/1986,06/30/1986,03/31/1986,12/31/1985,09/30/1985
TotalRevenue,"1,365,995,000","394,482,000","347,341,000","325,955,000","298,217,000","400,803,000","313,445,000","280,610,000","269,360,000","335,255,000","328,135,000","274,836,000","270,719,000","384,220,000","308,816,000","279,874,000","261,817,000","341,502,000","344,548,000","309,933,000","283,859,000","367,312,000","330,590,000","300,998,000","293,120,000","332,539,000","324,989,000","272,739,000","270,560,000","346,011,000","312,947,000","251,912,000","270,281,000","369,723,000","319,090,000","262,248,000","260,161,000","313,020,000","280,773,000","235,866,000","244,603,000","309,100,000","283,209,000","244,041,000","251,806,000","338,260,000","291,670,000","240,818,000","244,059,000","334,173,000","302,408,000","232,886,000","235,713,000","370,903,000","326,068,000","272,244,000","276,506,000","385,975,000","308,024,000","265,863,000","259,608,000","366,565,000","304,348,000","234,637,000","232,186,000","361,482,000","342,147,000","239,123,000","249,387,000","335,093,000","-612,560,000","248,922,000","232,961,000","339,610,000","267,797,000","235,388,000","235,529,000","563,192,000","486,444,000","509,300,000","515,652,000","480,113,000","797,419,000","912,061,000","1,031,586,000","1,496,689,000","2,549,858,000","1,613,573,000","1,596,399,000","1,330,944,000","1,145,800,000","753,300,000","595,900,000","509,300,000","523,300,000","195,500,000","184,000,000","284,200,000","283,100,000","185,000,000","165,400,000","284,400,000","140,400,000","49,700,000","56,700,000","97,200,000","68,700,000","45,500,000","40,200,000","50,800,000","37,800,000","30,200,000","33,700,000","55,500,000","38,600,000","29,800,000","33,800,000","51,100,000","34,500,000","22,000,000","25,700,000","37,000,000","32,100,000","23,300,000","25,000,000","42,500,000","27,700,000","22,700,000","24,600,000","39,200,000","28,300,000","23,300,000","24,400,000","40,000,000","27,300,000","23,800,000","23,400,000","41,000,000","26,100,000","22,200,000","24,500,000","35,200,000","28,000,000","21,800,000","25,000,000","42,600,000","34,000,000","22,000,000"
	OperatingRevenue,"1,365,995,000","394,482,000","347,341,000","325,955,000","298,217,000","400,803,000","313,445,000","280,610,000","269,360,000","335,255,000","328,135,000","274,836,000","270,719,000","384,220,000","308,816,000","279,874,000","261,817,000","341,502,000","344,548,000","309,933,000","283,859,000","367,312,000","330,590,000","300,998,000","293,120,000","332,539,000","324,989,000","272,739,000","270,560,000","346,011,000","312,947,000","251,912,000","270,281,000","369,723,000","318,525,000","261,875,000","259,834,000","312,610,000","279,379,000","235,866,000","244,603,000","309,100,000","283,209,000","244,041,000","251,806,000","338,260,000","291,670,000","240,818,000","244,059,000","334,173,000","302,408,000","232,886,000","235,713,000","370,903,000","326,068,000","272,244,000","276,506,000","385,975,000","308,024,000","265,863,000","259,608,000","366,565,000","304,348,000","234,637,000","232,186,000","361,482,000","342,147,000","239,123,000","249,387,000","335,093,000","-612,560,000","248,922,000","232,961,000","339,610,000","267,797,000","235,388,000","235,529,000","563,192,000","486,444,000","509,300,000","515,652,000","480,113,000","797,419,000","912,061,000","1,031,586,000","1,496,689,000","2,549,858,000","1,613,573,000","1,596,399,000","1,330,944,000","1,145,800,000","753,300,000","595,900,000","509,300,000","523,300,000","195,500,000","184,000,000","284,200,000","283,100,000","185,000,000","165,400,000","284,400,000","140,400,000","49,700,000","56,700,000","97,200,000","68,700,000","45,500,000","40,200,000","50,800,000","37,800,000","30,200,000","33,700,000","55,500,000","38,600,000","29,800,000","33,800,000","51,100,000","34,500,000","22,000,000","25,700,000","37,000,000","32,100,000","23,300,000","25,000,000","42,500,000","27,700,000","22,700,000","24,600,000","39,200,000","28,300,000","23,300,000","24,400,000","40,000,000","27,300,000","23,800,000","23,400,000","41,000,000","26,100,000","22,200,000","24,500,000","35,200,000","28,000,000","21,800,000","25,000,000","42,600,000","34,000,000","22,000,000"
CostOfRevenue,"416,108,000","135,073,000","114,411,000","98,659,000","67,965,000","144,513,000","85,837,000","68,038,000","61,043,000","91,272,000","82,314,000","64,227,000","55,744,000","115,735,000","72,369,000","72,247,000","32,190,000","96,077,000","109,025,000","97,507,000","84,000,000","119,817,000","107,690,000","96,156,000","81,693,000","115,434,000","107,369,000","73,577,000","79,527,000","112,391,000","108,097,000","94,592,000","112,474,000","167,428,000","136,139,000","104,298,000","106,913,000","132,196,000","67,550,000","93,061,000","96,427,000","138,396,000","124,036,000","98,045,000","110,407,000","162,071,000","140,404,000","105,922,000","111,936,000","172,827,000","153,653,000","105,183,000","106,840,000","208,010,000","189,799,000","130,503,000",,,,,,,,,,,,,,,,,"129,628,000",,,,"129,298,000","315,365,000","303,282,000","260,696,000","261,740,000","269,691,000","596,109,000","722,225,000","803,523,000","1,258,331,000","2,308,383,000","1,390,953,000","1,399,715,000","1,162,751,000","1,242,000,000","530,600,000","398,600,000","296,500,000","201,200,000","142,200,000","132,600,000","205,500,000","214,300,000","136,200,000","120,700,000","210,800,000","54,800,000","26,500,000","31,000,000","53,500,000","29,800,000","16,400,000","13,800,000","21,000,000","14,100,000","10,200,000","12,400,000","24,300,000",,,,,,,,,,,,,,,,,,,,,,,,,,,,,,,,,,
GrossProfit,"949,887,000","259,409,000","232,930,000","227,296,000","230,252,000","256,290,000","227,608,000","212,572,000","208,317,000","243,983,000","245,821,000","210,609,000","214,975,000","268,485,000","236,447,000","207,627,000","229,627,000","245,425,000","235,523,000","212,426,000","199,859,000","247,495,000","222,900,000","204,842,000","211,427,000","217,105,000","217,620,000","199,162,000","191,033,000","233,620,000","204,850,000","157,320,000","157,807,000","202,295,000","182,951,000","157,950,000","153,248,000","180,824,000","213,223,000","142,805,000","148,176,000","170,704,000","159,173,000","145,996,000","141,399,000","176,189,000","151,266,000","134,896,000","132,123,000","161,346,000","148,755,000","127,703,000","128,873,000","162,893,000","136,269,000","141,741,000",,,,,,,,,,,,,,,,,"103,333,000",,,,"106,231,000","247,827,000","183,162,000","248,604,000","253,912,000","210,422,000","201,310,000","189,836,000","228,063,000","238,358,000","241,475,000","222,620,000","196,684,000","168,193,000","-96,200,000","222,700,000","197,300,000","212,800,000","322,100,000","53,300,000","51,400,000","78,700,000","68,800,000","48,800,000","44,700,000","73,600,000","85,600,000","23,200,000","25,700,000","43,700,000","38,900,000","29,100,000","26,400,000","29,800,000","23,700,000","20,000,000","21,300,000","31,200,000",,,,,,,,,,,,,,,,,,,,,,,,,,,,,,,,,,
OperatingExpense,"675,975,000","180,193,000","152,941,000","171,632,000","171,209,000","175,305,000","161,112,000","162,917,000","163,478,000","168,769,000","161,170,000","164,253,000","166,152,000","171,465,000","171,705,000","159,819,000","160,417,000","160,913,000","164,493,000","150,880,000","156,164,000","162,351,000","158,744,000","148,726,000","147,685,000","155,172,000","145,288,000","150,701,000","129,901,000","149,729,000","154,266,000","126,333,000","132,710,000","130,945,000","132,989,000","126,549,000","120,588,000","123,814,000","124,200,000","114,357,000","119,456,000","115,671,000","109,841,000","114,118,000","115,155,000","118,094,000","105,959,000","101,797,000","105,107,000","104,151,000","99,669,000","100,736,000","101,404,000","112,430,000","84,983,000","106,421,000","244,985,000","333,886,000","-404,661,000","232,625,000","241,385,000","322,212,000","278,014,000","201,147,000","223,835,000","319,293,000","291,553,000","216,854,000","225,597,000","287,294,000","-597,555,000","254,073,000","96,315,000","306,630,000","251,019,000","214,561,000","104,889,000","210,570,000","941,809,000","203,055,000","205,096,000","175,774,000","242,721,000","216,894,000","238,892,000","243,110,000","238,115,000","219,869,000","204,955,000","132,204,000","-112,400,000","213,100,000","185,700,000","170,700,000","284,700,000","49,800,000","48,000,000","49,500,000","46,300,000","44,800,000","40,300,000","45,600,000","70,100,000","18,700,000","19,200,000","19,900,000","26,900,000","22,300,000","19,800,000","16,900,000","16,100,000","16,200,000","16,500,000","17,000,000",,,,,,,,,,,,,,,,,,,,,,,,,,,,,,,,,,
	SellingGeneralAndAdministration,"104,462,000","31,644,000","-137,040,000","80,948,000","77,113,000","80,852,000","73,073,000","73,322,000","71,715,000","79,005,000","79,313,000","76,998,000","80,826,000","81,092,000","85,153,000","73,787,000","73,834,000","74,345,000","78,743,000","70,244,000","75,188,000","80,962,000","82,163,000","68,290,000","72,579,000","79,861,000","75,336,000","79,296,000","61,720,000","81,123,000","91,329,000","68,108,000","74,367,000","72,082,000","76,828,000","72,540,000","67,364,000","68,837,000","74,241,000","63,056,000","67,096,000","65,573,000","63,906,000","66,332,000","69,539,000","67,383,000","63,176,000","58,437,000","57,126,000","58,308,000","61,408,000","57,893,000","60,898,000","65,419,000","48,816,000","63,411,000","53,866,000","60,071,000","47,955,000","52,486,000","58,677,000","62,448,000","57,831,000","52,412,000","68,645,000","61,327,000","52,736,000","59,311,000","57,431,000","56,655,000","-179,249,000","70,186,000","70,313,000","74,708,000","80,432,000","78,653,000","75,058,000","183,188,000","279,695,000","170,950,000","172,831,000","148,150,000","183,340,000","187,510,000","206,141,000","213,945,000","207,115,000","191,138,000","176,524,000","112,037,000","119,100,000","97,000,000","85,600,000","87,100,000",,,,,,,,,,,,,,,,,,,,,,,,,,,,,,,,,,,,,,,,,,,,,,,,,,,,,,
	DepreciationAmortizationDepletionIncomeStatement,"189,397,000","48,905,000","46,571,000","47,112,000","46,809,000","46,975,000","45,308,000","44,289,000","44,782,000","45,265,000","43,157,000","43,166,000","41,016,000","45,584,000","43,599,000","43,581,000","43,541,000","43,755,000","41,656,000","41,525,000","41,495,000","41,461,000","39,785,000","39,763,000","39,898,000","39,890,000","37,463,000","35,693,000","35,727,000","35,819,000","32,637,000","30,452,000","30,369,000","30,318,000","28,146,000","28,053,000","27,414,000","29,218,000","26,680,000","26,505,000","26,426,000","26,433,000","25,364,000","25,181,000","25,066,000","25,315,000","23,072,000","22,825,000","22,997,000","22,875,000","22,080,000","21,977,000","22,260,000","22,722,000","21,463,000","21,292,000","21,225,000","21,091,000","21,003,000","20,725,000","20,793,000","19,894,000","18,872,000","18,853,000","18,751,000","18,829,000","18,425,000","18,424,000","18,874,000","18,690,000","-42,437,000","18,193,000","18,242,000","18,176,000","17,449,000","17,948,000","17,432,000","27,382,000","35,991,000","32,105,000","32,265,000","27,624,000","34,465,000","29,384,000","32,751,000","14,901,000","31,000,000","28,731,000","28,431,000","20,167,000","20,400,000","16,800,000","15,900,000","15,200,000","16,600,000","9,000,000","8,500,000","8,500,000","7,800,000","8,700,000","7,400,000","7,300,000","6,300,000","4,000,000","4,600,000","4,600,000","4,200,000","3,900,000","3,200,000","3,200,000","3,300,000","3,000,000","3,000,000","3,000,000",,,,,,,,,,,,,,,,,,,,,,,,,,,,,,,,,,
		DepreciationAndAmortizationInIncomeStatement,,,,,,,,,,,,,,,,,,,"41,656,000","41,525,000","41,495,000","41,461,000",,,"39,898,000","39,890,000","37,463,000","35,693,000","35,727,000","35,819,000","32,637,000","30,452,000","30,369,000","30,318,000","28,146,000","28,053,000","27,414,000","29,218,000","26,680,000","26,505,000","26,426,000","26,433,000","25,364,000","25,181,000","25,066,000","25,315,000","23,072,000","22,825,000","22,997,000","22,875,000","22,080,000","21,977,000","22,260,000","22,722,000","21,463,000","21,292,000",,,,,,,,,,,,,,,,,,,,,,,,,,,,,,,,,,,,,,,,,,,,,,,,,,,,,,,,,,,,,,,,,,,,,,,,,,,,,,,,,,,,,,,,,,,,
			DepreciationIncomeStatement,,,,,,,,,,,,,,,,,,,"41,656,000","41,525,000","41,495,000","41,461,000",,,"39,898,000","39,890,000","37,463,000","35,693,000","35,727,000","35,819,000","32,637,000","30,452,000","30,369,000","30,318,000","28,146,000","28,053,000","27,414,000","29,218,000","26,680,000","26,505,000","26,426,000","26,433,000","25,364,000","25,181,000","25,066,000","25,315,000","23,072,000","22,825,000","22,997,000","22,875,000","22,080,000","21,977,000","22,260,000","22,722,000","21,463,000","21,292,000",,,,,,,,,,,,,,,,,,,,,,,,,,,,,,,,,,,,,,,,,,,,,,,,,,,,,,,,,,,,,,,,,,,,,,,,,,,,,,,,,,,,,,,,,,,,
	OtherTaxes,"172,816,000","46,850,000","35,107,000","43,572,000","47,287,000","47,478,000","42,731,000","45,306,000","46,981,000","44,499,000","38,700,000","44,089,000","44,310,000","44,789,000","42,953,000","42,451,000","43,042,000","42,813,000","44,094,000","39,111,000","39,481,000","39,928,000","36,796,000","40,673,000","35,208,000","35,421,000","32,489,000","35,712,000","32,454,000","32,787,000","30,300,000","27,773,000","27,974,000","28,545,000","28,015,000","25,956,000","25,810,000","25,759,000","23,279,000","24,796,000","25,934,000","23,665,000","20,571,000","22,605,000","20,550,000","25,396,000","19,711,000","20,535,000","24,984,000","22,968,000","16,181,000","20,866,000","18,246,000","24,289,000","14,704,000","21,718,000","20,540,000","23,640,000","25,936,000","20,393,000","20,660,000","20,592,000","17,041,000","18,968,000","18,713,000","19,465,000","18,065,000","18,395,000","17,422,000","18,205,000",,,,,,,,,,,,,,,,,,,,,,,,,,"1,700,000","1,600,000","1,700,000","1,800,000","1,700,000","1,700,000","1,700,000","2,500,000","1,600,000","1,600,000","1,600,000","1,600,000","1,600,000","1,700,000","1,700,000","1,300,000","1,600,000","1,600,000","1,600,000",,,,,,,,,,,,,,,,,,,,,,,,,,,,,,,,,,
	OtherOperatingExpenses,,,,,,,,,,,,,,,,,,,,,,,,,,,,,,,,,,,,,,,,,,,,,,,,,,,,,,,,,"149,354,000","229,084,000",,"139,021,000","141,255,000","219,278,000","184,270,000","110,914,000","117,726,000","219,672,000","202,327,000","120,724,000","131,870,000","193,744,000","-386,635,000","165,694,000","7,760,000","213,746,000","153,138,000","117,960,000","12,399,000",,,,,,,,,"14,264,000",,,,,,,,,,,,,,,,,,,,,,,,,,,,,,,,,,,,,,,,,,,,,,,,,,,,,,,,,,,,,,
OperatingIncome,"273,912,000","79,216,000","79,989,000","55,664,000","59,043,000","80,985,000","66,496,000","49,655,000","44,839,000","75,214,000","84,651,000","46,356,000","48,823,000","97,020,000","64,742,000","47,808,000","69,210,000","84,512,000","71,030,000","61,546,000","43,695,000","85,144,000","64,156,000","56,116,000","63,742,000","61,933,000","72,332,000","48,461,000","61,132,000","83,891,000","50,584,000","30,987,000","25,097,000","71,350,000","49,962,000","31,401,000","32,660,000","57,010,000","89,023,000","28,448,000","28,720,000","55,033,000","49,332,000","31,878,000","26,244,000","58,095,000","45,307,000","33,099,000","27,016,000","57,195,000","49,086,000","26,967,000","27,469,000","50,463,000","51,286,000","35,320,000","31,521,000","52,089,000","44,280,000","33,238,000","18,223,000","44,353,000","26,334,000","33,490,000","8,351,000","42,189,000","50,594,000","22,269,000","23,790,000","47,799,000","-15,005,000","-5,151,000","7,018,000","32,980,000","16,778,000","20,827,000","1,342,000","37,257,000","-758,647,000","45,549,000","48,816,000","34,648,000","-41,411,000","-27,058,000","-10,829,000","-4,752,000","3,360,000","2,751,000","-8,271,000","35,989,000","16,200,000","9,600,000","11,600,000","42,100,000","37,400,000","3,500,000","3,400,000","29,200,000","22,500,000","4,000,000","4,400,000","28,000,000","15,500,000","4,500,000","6,500,000","23,800,000","12,000,000","6,800,000","6,600,000","12,900,000","7,600,000","3,800,000","4,800,000","14,200,000","38,600,000","29,800,000","33,800,000","51,100,000","34,500,000","22,000,000","25,700,000","37,000,000","32,100,000","23,300,000","25,000,000","42,500,000","27,700,000","22,700,000","24,600,000","39,200,000","28,300,000","23,300,000","24,400,000","40,000,000","27,300,000","23,800,000","23,400,000","41,000,000","26,100,000","22,200,000","24,500,000","35,200,000","28,000,000","21,800,000","25,000,000","42,600,000","34,000,000","22,000,000"
NetNonOperatingInterestIncomeExpense,"-93,880,000","-23,716,000","-23,408,000","-23,283,000","-23,473,000","-23,510,000","-24,514,000","-23,677,000","-24,287,000","-24,334,000","-24,045,000","-23,722,000","-23,511,000","-23,790,000","-23,786,000","-22,035,000","-23,197,000","-22,970,000","-22,306,000","-23,149,000","-23,408,000","-23,400,000","-22,991,000","-21,049,000","-26,421,000","-24,509,000","-24,052,000","-22,043,000","-22,943,000","-23,115,000","-19,915,000","-18,794,000","-19,127,000","-19,966,000","-19,510,000","-17,056,000","-17,141,000","-16,779,000","-15,464,000","-17,743,000","-15,893,000","-15,962,000","-16,122,000","-16,694,000","-16,896,000","-17,147,000","-16,413,000","-16,306,000","-16,057,000","-17,050,000","-17,357,000","-17,267,000","-18,002,000","-15,134,000","-16,474,000","-15,629,000",,,,,,,,,,,,,,,,,,,,,,,,,,,,,,,,,,,,,,,,,,,,,,,,,,,,,,,,,,,,,,,,,,,,,,,,,,,,,,,,,,,,,,,,,,,,
	InterestExpenseNonOperating,"93,880,000","23,716,000","23,408,000","23,283,000","23,473,000","23,510,000","24,514,000","23,677,000","24,287,000","24,334,000","24,045,000","23,722,000","23,511,000","23,790,000","23,786,000","22,035,000","23,197,000","22,970,000","22,306,000","23,149,000","23,408,000","23,400,000","22,991,000","21,049,000","26,421,000","24,509,000","24,052,000","22,043,000","22,943,000","23,115,000","19,915,000","18,794,000","19,127,000","19,966,000","19,510,000","17,056,000","17,141,000","16,779,000","15,464,000","17,743,000","15,893,000","15,962,000","16,122,000","16,694,000","16,896,000","17,147,000",,,,"17,050,000","17,357,000","17,267,000","18,002,000","15,134,000","16,474,000","15,629,000",,,,,,,,,,,,,,,,,,,,,,,,,,,,,,,,,,,,,,,,,,,,,,,,,,,,,,,,,,,,,,,,,,,,,,,,,,,,,,,,,,,,,,,,,,,,
	TotalOtherFinanceCost,,,,,,,,,,,,,,"23,790,000",,,,,,,,,,,,,,,,,,"18,794,000","19,127,000","19,966,000",,,,,,,,,,,,,,"16,306,000","16,057,000",,,,,,,,,,,,,,,,,,,,,,,,,,,,,,,,,,,,,,,,,,,,,,,,,,,,,,,,,,,,,,,,,,,,,,,,,,,,,,,,,,,,,,,,,,,,,,,,,,,
OtherIncomeExpense,"7,399,000","4,721,000","-5,680,000","5,326,000","3,032,000","5,574,000","5,826,000","785,000","224,000","-1,982,000","-451,000","-409,000","124,000","1,149,000","2,168,000","2,051,000","876,000","-1,129,000","2,506,000","790,000","2,123,000","1,500,000","1,372,000","-121,000","1,195,000","3,102,000","2,154,000","3,769,000","995,000","665,000","5,468,000","-439,000","2,980,000","2,189,000","977,000","3,117,000","928,000","2,715,000","1,238,000","-23,065,000","1,176,000","984,000","1,674,000","346,000","1,106,000","805,000","1,424,000","2,315,000","1,853,000","753,000","1,307,000","403,000","198,000","591,000","-82,000","1,218,000","-161,000","662,000","782,000","909,000","359,000","378,000","1,045,000","-397,000","3,147,000","5,270,000","9,338,000","5,365,000","1,590,000","607,000","-22,755,000","1,280,000","503,000","701,000","174,000","-7,306,000","1,380,000","27,355,000","-4,561,000","982,000","-2,497,000","694,000","3,893,000","1,277,000","1,675,000",,,,,,"3,000,000","1,100,000","2,500,000","3,300,000","-4,500,000","4,600,000","2,700,000","3,400,000","3,600,000","3,800,000","2,500,000","1,700,000","6,100,000","900,000","2,000,000","600,000","600,000","1,300,000","700,000","600,000","800,000","500,000","800,000","500,000",,,,,,,,,,,,,,,,,,,,,,,,,,,,,,,,,,
	SpecialIncomeCharges,,,,,,,,,,,,,,,,,,,,,,,,,,,,,,,,,,,"0","0",,,"-3,134,000","-23,065,000","1,176,000","984,000","1,674,000","346,000","1,106,000","805,000","1,424,000","2,315,000","1,853,000","753,000","1,307,000","403,000","198,000","591,000","-82,000","1,218,000","-161,000","662,000","782,000","909,000","359,000","378,000","1,045,000","-397,000","3,147,000","5,270,000","9,338,000","5,365,000","1,590,000","607,000","-22,755,000","1,280,000","503,000","701,000","174,000","-7,306,000","1,380,000","27,355,000","-4,561,000","982,000","-2,497,000","694,000","3,893,000","1,277,000","1,675,000",,,,,,"3,000,000","1,100,000","2,500,000","3,300,000","-4,500,000","4,600,000","2,700,000","3,400,000","3,600,000","3,800,000","2,500,000","1,700,000","6,100,000","900,000","2,000,000","600,000","600,000","1,300,000","700,000","600,000","800,000","500,000","800,000","500,000",,,,,,,,,,,,,,,,,,,,,,,,,,,,,,,,,,
		ImpairmentOfCapitalAssets,,,,,,,,,,,,,,,,,,,,,,,,,,,,,,,,,,,"0","0",,,"0","24,039,000",,,,,,,,,,,,,,,,,,,,,,,,,,,,,,,,,,,,,,,,,,,,,,,,,,,,,,,,,,,,,,,,,,,,,,,,,,,,,,,,,,,,,,,,,,,,,,,,,,,,,,,,,,,,
		WriteOff,,,,,,,,,,,,,,,,,,,,,,,,,,,,,,,,,,,"0","0",,,,,,,,,,,,,,,,,,,,,,,,,,,,,,,,,,,,,,,,,,,,,,,,,,,,,,,,,,,,,,,,,,,,,,,,,,,,,,,,,,,,,,,,,,,,,,,,,,,,,,,,,,,,,,,,
		OtherSpecialCharges,,,,,,,,,,,,,,,,,,,,,,,,,,,,,,,,,,,,,,,,"-974,000",,,,,,,,,,,,,,,"82,000","-1,218,000",,,,,,,,,,,,,,,,,,,,,,,,,,,,,,,,,,,,,,,,,,,,,,,,,,,,,,,,,,,,,,,,,,,,,,,,,,,,,,,,,,,,,,,,,,,,
	OtherNonOperatingIncomeExpenses,"7,399,000","4,721,000","-5,680,000","5,326,000","3,032,000","5,574,000","5,826,000","785,000","224,000","-1,982,000","-451,000","-409,000","124,000","1,149,000","2,168,000","2,051,000","876,000","-1,129,000","2,506,000","790,000","2,123,000","1,500,000","1,372,000","-121,000","1,195,000","3,102,000","2,154,000","3,769,000","995,000","665,000","5,468,000","-439,000","2,980,000","2,189,000","977,000","3,117,000","928,000","2,715,000",,,,,,,,,,,,,,,,,,,,,,,,,,,,,,,,,,,,,,,,,,,,,,,,,,,,,,,,,,,,,,,,,,,,,,,,,,,,,,,,,,,,,,,,,,,,,,,,,,,,,,,,,,,,,,
PretaxIncome,"187,431,000","60,221,000","50,901,000","37,707,000","38,602,000","63,049,000","47,808,000","26,763,000","20,776,000","48,898,000","60,155,000","22,225,000","25,436,000","74,379,000","43,124,000","27,824,000","46,889,000","60,413,000","51,230,000","39,187,000","22,410,000","63,244,000","42,537,000","34,946,000","38,516,000","40,526,000","50,434,000","30,187,000","39,184,000","61,441,000","36,137,000","11,754,000","8,950,000","53,573,000","31,429,000","17,462,000","16,447,000","42,946,000","74,797,000","-12,360,000","14,003,000","40,055,000","34,884,000","15,530,000","10,454,000","41,753,000","30,318,000","19,108,000","12,812,000","40,898,000","33,036,000","10,103,000","9,665,000","35,920,000","34,730,000","20,909,000","15,512,000","36,671,000","30,500,000","19,514,000","4,055,000","31,511,000","14,198,000","19,316,000","-3,124,000","33,023,000","45,661,000","12,710,000","9,622,000","32,064,000","16,353,000","-25,245,000","-14,479,000","11,921,000","-19,584,000","-31,333,000","-44,334,000","12,842,000","-813,380,000","11,816,000","23,356,000","28,570,000","-25,042,000","2,393,000","13,422,000","6,379,000","3,547,000","12,727,000","6,607,000","21,050,000","19,500,000","10,400,000","8,500,000","20,700,000","17,900,000","4,500,000","3,200,000","14,800,000","12,100,000","4,600,000","3,200,000","14,900,000","14,200,000","800,000","3,900,000","19,800,000","7,600,000","5,000,000","4,800,000","10,900,000","6,200,000","1,800,000","3,100,000","12,200,000",,,,,,,,,,,,,,,,,,,,,,,,,,,,,,,,,,
TaxProvision,"4,552,000","1,111,000","-435,000","2,511,000","1,365,000","-22,000","-5,743,000","-2,703,000","-718,000","-1,806,000","173,000","555,000","-22,226,000","1,573,000","-23,368,000","-358,000","3,102,000","1,914,000","3,336,000","2,775,000","580,000","6,677,000","-3,407,000","-9,659,000","2,947,000","2,472,000","5,421,000","6,389,000","8,211,000","10,016,000","-1,032,000","-18,437,000","1,204,000","7,993,000","5,336,000","1,815,000","2,106,000","5,044,000","16,100,000","-8,588,000","2,565,000","8,012,000","768,000","635,000","-516,000","9,178,000","7,730,000","4,729,000","1,121,000","12,180,000","7,427,000","-8,797,000","3,567,000","13,107,000","13,462,000","7,530,000","6,009,000","13,220,000","12,062,000","6,337,000","1,621,000","12,369,000","6,275,000","7,918,000","-310,000","12,048,000","18,180,000","3,411,000","3,249,000","13,670,000","-4,564,000","-95,000","-133,000","-138,000","1,097,000","-1,646,000","464,000","332,000","-5,071,000","-2,804,000","2,466,000","4,611,000","-30,133,000","-7,879,000","2,642,000","-12,010,000","-12,118,000","1,734,000","-1,095,000","4,811,000","400,000","3,200,000","3,400,000","7,500,000","7,600,000","600,000","500,000","4,500,000","3,800,000","1,500,000","700,000","5,100,000","6,800,000","200,000","1,200,000","7,200,000","2,700,000","1,900,000","1,800,000","3,800,000","2,300,000","500,000","900,000","4,200,000",,,,,,,,,,,,,,,,,,,,,,,,,,,,,,,,,,
NetIncomeCommonStockholders,"182,879,000","59,110,000","51,336,000","35,196,000","37,237,000","63,071,000","53,551,000","29,466,000","21,494,000","50,704,000","59,982,000","21,670,000","47,662,000","72,806,000","66,492,000","28,182,000","43,787,000","58,499,000","47,894,000","36,412,000","21,830,000","56,567,000","45,944,000","44,605,000","35,569,000","38,054,000","45,013,000","23,798,000","30,973,000","51,425,000","37,169,000","30,191,000","7,746,000","45,580,000","26,093,000","15,647,000","14,341,000","37,902,000","58,697,000","-3,772,000","11,438,000","32,043,000","34,116,000","14,895,000","10,970,000","32,575,000","22,588,000","14,379,000","11,691,000","28,718,000","25,609,000","18,900,000","6,098,000","22,813,000","21,268,000","13,379,000","9,503,000","23,451,000","18,438,000","13,177,000","2,434,000","19,142,000","7,923,000","11,398,000","-2,446,000","21,025,000","35,644,000","8,836,000","-3,931,000","18,918,000","10,442,000","-29,567,000","-4,800,000","16,981,000","-42,985,000","-52,740,000","-57,809,000","9,919,000","-808,941,000","-41,612,000","15,756,000","-29,536,000","5,044,000","10,224,000","10,732,000","18,341,000","15,618,000","9,899,000","7,654,000","16,191,000","19,000,000","7,200,000","5,100,000","13,200,000","10,200,000","3,900,000","2,700,000","10,300,000","8,300,000","3,100,000","2,500,000","9,700,000","7,300,000","500,000","2,600,000","12,500,000","4,900,000","2,600,000","3,000,000","7,100,000","3,800,000","1,300,000","2,200,000","8,000,000","3,800,000","2,500,000","2,300,000","6,600,000","4,200,000","2,300,000","2,500,000","4,700,000","3,200,000","3,200,000","2,300,000","5,700,000","3,400,000","5,100,000","3,900,000","4,700,000","2,500,000","2,700,000","3,800,000",,,,,,,,,,,,,,,
	NetIncome,"182,879,000","59,110,000","51,336,000","35,196,000","37,237,000","63,071,000","53,551,000","29,466,000","21,494,000","50,704,000","59,982,000","21,670,000","47,662,000","72,806,000","66,492,000","28,182,000","43,787,000","58,499,000","47,894,000","36,412,000","21,830,000","56,567,000","45,944,000","44,605,000","35,569,000","38,054,000","45,013,000","23,798,000","30,973,000","51,425,000","37,169,000","30,191,000","7,746,000","45,580,000","26,093,000","15,647,000","14,341,000","37,902,000","58,697,000","-3,772,000","11,438,000","32,043,000","34,116,000","14,895,000","10,970,000","32,575,000","22,588,000","14,379,000","11,691,000","28,718,000","25,609,000","18,900,000","6,098,000","22,813,000","21,268,000","13,379,000","9,503,000","23,451,000","18,438,000","13,177,000","2,434,000","19,142,000","7,923,000","11,398,000","-2,446,000","21,025,000","35,644,000","8,836,000","-3,931,000","18,918,000","10,442,000","-29,567,000","-4,800,000","16,981,000","-42,985,000","-52,740,000","-57,809,000","9,919,000","-808,941,000","-41,317,000","15,804,000","-29,488,000","5,091,000","10,272,000","10,780,000","18,389,000","15,665,000","9,947,000","7,702,000","16,239,000","19,100,000","7,200,000","5,100,000","13,200,000","10,300,000","3,900,000","2,700,000","10,300,000","8,300,000","3,100,000","2,500,000","9,800,000","7,400,000","600,000","2,700,000","12,600,000","4,900,000","3,100,000","3,000,000","7,100,000","3,900,000","1,300,000","2,200,000","8,000,000","3,800,000","2,500,000","2,300,000","6,600,000","4,200,000","2,300,000","2,500,000","4,700,000","3,300,000","3,300,000","2,400,000","5,800,000","3,500,000","5,200,000","4,000,000","4,800,000","2,600,000","2,800,000","3,900,000",,,,,,,,,,,,,,,
		NetIncomeIncludingNoncontrollingInterests,"182,879,000","59,110,000","51,336,000","35,196,000","37,237,000","63,071,000","53,551,000","29,466,000","21,494,000","50,704,000","59,982,000","21,670,000","47,662,000","72,806,000","66,492,000","28,182,000","43,787,000","58,499,000","47,894,000","36,412,000","21,830,000","56,567,000","45,944,000","44,605,000","35,569,000","38,054,000","45,013,000","23,798,000","30,973,000","51,425,000","37,169,000","30,191,000","7,746,000","45,580,000","26,093,000","15,647,000","14,341,000","37,902,000","58,697,000","-3,772,000","11,438,000","32,043,000","34,116,000","14,895,000","10,970,000","32,575,000","22,588,000","14,379,000","11,691,000","28,718,000","25,609,000","18,900,000","6,098,000","22,813,000","21,268,000","13,379,000","9,503,000","23,451,000","18,438,000","13,177,000","2,434,000","19,142,000","7,923,000","11,398,000","-2,446,000","21,025,000","35,644,000","8,836,000","-3,931,000","18,918,000","10,442,000","-29,567,000","-4,800,000","16,981,000","-28,040,000","-52,740,000","-50,337,000","17,392,000","-800,841,000","-41,317,000","7,704,000","-44,402,000","-31,497,000","-40,396,000","-33,032,000","-14,087,000","-5,430,000","-17,520,000","-23,614,000","17,789,000","4,700,000","-5,900,000","-3,100,000","26,100,000","14,400,000","-1,900,000","-1,900,000","20,600,000","14,500,000","-1,300,000","-1,700,000","16,500,000","8,100,000","1,300,000","3,400,000","13,300,000","6,000,000","3,100,000","3,000,000","7,100,000","3,900,000","1,300,000","2,200,000","8,000,000","3,800,000","2,500,000","2,300,000","6,600,000","4,200,000","2,300,000","2,500,000","4,700,000","3,300,000","3,300,000","2,400,000","5,800,000","3,500,000","5,200,000","4,000,000","4,800,000","2,600,000","2,800,000","3,900,000","6,800,000","2,400,000","3,300,000","3,000,000","5,200,000","3,100,000","3,000,000","3,200,000","4,400,000","2,800,000","2,800,000","2,100,000","6,000,000","3,600,000","2,200,000"
			NetIncomeContinuousOperations,"182,879,000","59,110,000","51,336,000","35,196,000","37,237,000","63,071,000","53,551,000","29,466,000","21,494,000","50,704,000","59,982,000","21,670,000","47,662,000","72,806,000","66,492,000","28,182,000","43,787,000","58,499,000","47,894,000","36,412,000","21,830,000","56,567,000","45,944,000","44,605,000","35,569,000","38,054,000","45,013,000","23,798,000","30,973,000","51,425,000","37,169,000","30,191,000","7,746,000","45,580,000","26,093,000","15,647,000","14,341,000","37,902,000","58,697,000","-3,772,000","11,438,000","32,043,000","34,116,000","14,895,000","10,970,000","32,575,000","22,588,000","14,379,000","11,691,000","28,718,000","25,609,000","18,900,000","6,098,000","22,813,000","21,268,000","13,379,000","9,503,000","23,451,000","18,438,000","13,177,000","2,434,000","19,142,000","7,923,000","11,398,000","-2,814,000","20,975,000","27,481,000","9,299,000","6,373,000","18,394,000","20,917,000","-25,150,000","-14,346,000","12,059,000","-20,681,000","-29,687,000","-44,798,000","12,510,000","-808,309,000","14,620,000","20,890,000","23,959,000","5,091,000","10,272,000","10,780,000","18,389,000","15,665,000","10,993,000","7,702,000","16,239,000","19,100,000","7,200,000","5,100,000","13,200,000","10,300,000","3,900,000","2,700,000","10,300,000","8,300,000","3,100,000","2,500,000","9,800,000","7,400,000","600,000","2,700,000","12,600,000","4,900,000","3,100,000","3,000,000","7,100,000","3,900,000","1,300,000","2,200,000","8,000,000","3,800,000","2,500,000","2,300,000","6,600,000","4,200,000","2,300,000","2,500,000","4,700,000","3,300,000","3,300,000","2,400,000","5,800,000","3,500,000","5,200,000","4,000,000","4,800,000","2,600,000","2,800,000","3,900,000","6,800,000","2,400,000","3,300,000","3,000,000","5,200,000","3,100,000","3,000,000","3,200,000","4,400,000","2,800,000","2,800,000","2,100,000","6,000,000","3,600,000","2,200,000"
			NetIncomeDiscontinuousOperations,,,,,,,,,,,,,,,,,,,,,,,,,,,,,,,,,,,,,,,,,,,,,,,,,,,,,,,,,,,,,,,"0",,"368,000","50,000","8,163,000","-463,000","-10,304,000","524,000","-10,475,000","-4,417,000","9,546,000","4,922,000","-22,304,000","-23,053,000","-13,011,000","-2,591,000","-632,000","-55,937,000","-5,086,000","-40,000,000",,,,,,,,,,,,,,,,,,,,,,,,,,,,,,,,,,,,,,,,,,,,,,,,,,,,,,,,,,,,,,,,,,
			NetIncomeExtraordinary,,,,,,,,,,,,,,,,,,,,,,,,,,,,,,,,,,,,,,,,,,,,,,,,,,,,,,,,,,,,,,,,,,,,,,,,,,,,,,,,,,,,,,,"0","-1,046,000",,,,,,,,,,,,,,,,,,,,,,,,,,,,,,,,,,,,,,,,,,,,,,,,,,,,,,,,,,,,
			NetIncomeFromTaxLossCarryforward,,,,,,,,,,,,,,,,,,,,,,,,,,,,,,,,,,,,,,,,,,,,,,,,,,,,,,,,,,,,,,,,,,,,,,,,,,,,,,,"0",,,"-13,447,000",,,,,,,,,,,,,,,,,,,,,,,,,,,,,,,,,,,,,,,,,,,,,,,,,,,,,,,,,,,,,,,,,,
		MinorityInterests,,,,,,,,,,,,,,,,,,,,,,,,,,,,,,,,,,,,,,,,,,,,,,,,,,,,,,,,,,,,,,,,,,,,,,,,,,,,,"-7,472,000","-7,473,000","-8,100,000",,"8,100,000","14,914,000","36,588,000","50,668,000","43,812,000","32,476,000","21,095,000","27,467,000","31,316,000","-1,550,000","14,400,000","13,100,000","8,200,000","-12,900,000","-4,100,000","5,800,000","4,600,000","-10,300,000","-6,200,000","4,400,000","4,200,000","-6,700,000","-700,000","-700,000","-700,000","-700,000",,,,,,,,,,,,,,,,,,,,,,,,,,,,,,,,,,,,,,,,,,
	PreferredStockDividends,,,,,,,,,,,,,,,,,,,,,,,,,,,,,,,,,,,,,,,,,,,,,,,,,,,,,,,,,,,,,,,,,,,,,,,,,,,,,,,"0","295,000","48,000","48,000","47,000","48,000","48,000","48,000","47,000","48,000","48,000","48,000","100,000",,,,"100,000",,,,"0",,,"100,000","100,000","100,000","100,000","100,000","0","500,000",,,,,,,,,,,,,,,,,,,,,,,,,,,,,,,,,,,,,,,,
	OtherunderPreferredStockDividend,,,,,,,,,,,,,,,,,,,,,,,,,,,,,,,,,,,,,,,,,,,,,,,,,,,,,,,,,,,,,,,,,,,,,,,,,,,,,,,,,,,,,,,,,,,,,,,,,,,,,,,,,,,,,,,,,,,"0",,,,"0",,,,"100,000","100,000","100,000","100,000","100,000","100,000","100,000","100,000","100,000","100,000","100,000",,,,,,,,,,,,,,,
DilutedNIAvailtoComStockholders,"182,879,000","59,110,000","51,336,000","35,196,000","37,237,000","63,071,000","53,551,000","29,466,000","21,494,000","50,704,000","59,982,000","21,670,000","47,662,000","72,806,000","66,492,000","28,182,000","43,787,000","58,499,000","47,894,000","36,412,000","21,830,000","56,567,000","45,944,000","44,605,000","35,569,000","38,054,000","45,013,000","23,798,000","30,973,000","51,425,000","37,169,000","30,191,000","7,746,000","45,580,000","26,093,000","15,647,000","14,341,000","37,902,000","58,697,000","-3,772,000","11,438,000","32,043,000","34,116,000","14,895,000","10,970,000","32,575,000","22,588,000","14,379,000","11,691,000","28,718,000","25,609,000","18,900,000","6,098,000","22,813,000","21,268,000","13,379,000","9,503,000","23,451,000","18,438,000","13,177,000","2,434,000","19,142,000","7,923,000","11,398,000","-2,446,000","21,025,000","35,644,000","8,836,000","-3,931,000","18,918,000","10,442,000","-29,567,000","-4,800,000","16,981,000","-42,985,000","-52,740,000","-57,809,000","9,919,000","-808,941,000","-41,612,000","15,756,000","-29,536,000","5,044,000","10,224,000","10,732,000","18,341,000","15,618,000","9,899,000","7,654,000","16,191,000","19,000,000","7,200,000","5,100,000","13,200,000","10,200,000","3,900,000","2,700,000","10,300,000","8,300,000","3,100,000","2,500,000","9,700,000","7,300,000","500,000","2,600,000","12,500,000","4,900,000","2,600,000","3,000,000","7,100,000","3,800,000","1,300,000","2,200,000","8,000,000","3,800,000","2,500,000","2,300,000","6,600,000","4,200,000","2,300,000","2,500,000","4,700,000","3,200,000","3,200,000","2,300,000","5,700,000","3,400,000","5,100,000","3,900,000","4,700,000","2,500,000","2,700,000","3,800,000",,,,,,,,,,,,,,,
BasicEPS,,"1.09",,"0.68","0.72","1.25",,"0.58","0.43","1","1.189","0.43","0.94","1.45",,"0.56","0.88","1.18",,"0.75","0.45","1.17",,"0.92","0.74","0.79","0.94","0.51","0.66","1.09","0.87","0.77","0.2","1.17",,"0.41","0.37","1.01",,"-0.1","0.31","0.88",,"0.41","0.3","0.9",,"0.4","0.32","0.79",,"0.53","0.17","0.63",,"0.35","0.24","0.6",,"0.36","0.07","0.54",,"0.32","-0.07","0.59",,"0.25","-0.11","0.53",,"-0.79","-0.13","0.45",,"-1.41","-1.55","0.26",,"-1.79","0.3","-1.3",,"0.36","0.38","0.71",,"0.36","0.26","0.63",,"0.31","0.22","0.57",,"0.21","0.15","0.58",,"0.17","0.14","0.55",,"0.03","0.14","0.7",,"0.16","0.2","0.46",,"0.09","0.15","0.52",,"0.16","0.15","0.43",,"0.15","0.16","0.31",,"0.21","0.16","0.38",,"0.34","0.26","0.31",,"0.18","0.25","0.44",,"0.2","0.19","0.33",,"0.19","0.2","0.28",,"0.16","0.12","0.37",,"0.12"
DilutedEPS,,"1.08",,"0.68","0.72","1.24",,"0.58","0.43","1","1.18","0.42","0.94","1.44",,"0.56","0.87","1.18",,"0.75","0.44","1.17",,"0.92","0.73","0.79","0.92","0.51","0.65","1.09","0.87","0.77","0.2","1.17",,"0.4","0.37","1.01",,"-0.1","0.31","0.88",,"0.41","0.3","0.89",,"0.4","0.32","0.79",,"0.52","0.17","0.63",,"0.35","0.24","0.59",,"0.35","0.06","0.51",,"0.31","-0.07","0.58",,"0.24","-0.11","0.53",,"-0.79","-0.13","0.45",,"-1.41","-1.55","0.26",,"-1.79","0.3","-1.3",,"0.36","0.38","0.7",,"0.35","0.26","0.62",,"0.31","0.22","0.56",,"0.2","0.15","0.58",,"0.17","0.14","0.55",,"0.03","0.14","0.7",,"0.16","0.2","0.46",,"0.09","0.15","0.52",,"0.16","0.15","0.43",,"0.15","0.16","0.31",,"0.21","0.16","0.38",,"0.34","0.26","0.31",,"0.18","0.25","0.44",,"0.2","0.19","0.33",,"0.19","0.2","0.28",,"0.16","0.12","0.37",,"0.12"
BasicAverageShares,,"54,097,000",,"51,892,000","50,989,182","50,631,448",,"50,577,000","50,569,725","50,506,794","50,452,189","50,444,000","50,441,000","50,381,000",,"50,317,813","49,869,176","49,416,000",,"48,486,899","48,451,000","48,386,000",,"48,315,000","48,309,000","48,242,000","48,098,000","47,065,000","47,044,000","46,977,000","43,451,000","39,141,148","39,137,000","38,855,779",,"38,459,000","38,092,000","37,384,000",,"37,201,051","36,635,000","36,328,360",,"36,262,000","36,258,000","36,242,000",,"36,196,000","36,179,000","36,169,000",,"35,968,000","35,940,000","35,934,000",,"38,057,000","38,973,000","38,972,000",,"36,471,000","35,988,000","35,720,000",,"35,510,000","35,511,000","35,584,000",,"35,643,000","35,607,000","35,611,000",,"37,397,000","37,397,000","37,397,000",,"37,397,000","37,397,000","37,397,000",,"27,397,000","27,397,000","27,397,000",,"23,706,000","23,669,000","23,433,000",,"23,119,000","23,117,000","23,109,000",,"23,225,806","23,181,818","23,157,895",,"18,571,429","18,000,000","17,758,621",,"18,235,294","17,857,143","17,636,364",,"16,666,667","18,571,429","17,857,143",,"16,250,000","15,000,000","15,434,783",,"14,444,444","14,666,667","15,384,615",,"15,625,000","15,333,333","15,348,837",,"15,333,333","15,625,000","15,161,290",,"15,238,095","14,375,000","15,000,000",,"15,000,000","15,000,000","15,161,290",,"15,000,000","15,200,000","15,354,000",,"15,354,000","15,356,000","15,356,000",,"15,356,000","15,356,000","15,356,000",,"15,356,000","15,356,000","15,352,000",,"15,100,000"
DilutedAverageShares,,"54,731,481",,"51,892,000","51,121,320","50,736,800",,"50,577,000","50,639,005","50,705,280","50,800,000","50,779,237","50,441,000","50,729,000",,"50,460,543","50,044,545","49,484,000",,"48,551,497","48,581,411","48,503,396",,"48,469,320","48,375,443","48,340,372","48,370,000","47,310,545","47,287,696","47,195,446","43,451,000","39,280,803","39,137,000","38,954,130",,"38,645,676","38,221,639","37,485,734",,"37,201,051","36,635,000","36,500,293",,"36,262,000","36,515,000","36,601,124",,"36,312,000","36,179,000","36,169,000",,"36,346,154","35,940,000","35,934,000",,"38,057,000","38,973,000","39,747,458",,"37,648,571","40,566,667","37,533,333",,"36,767,742","35,511,000","36,250,000",,"36,816,667","35,607,000","35,611,000",,"37,397,000","37,397,000","37,397,000",,"37,397,000","37,397,000","37,397,000",,"27,397,000","27,397,000","27,397,000",,"23,706,000","23,669,000","26,201,429",,"28,282,857","23,117,000","26,114,516",,"23,225,806","23,181,818","23,571,429",,"19,500,000","18,000,000","17,758,621",,"18,235,294","17,857,143","17,636,364",,"16,666,667","18,571,429","17,857,143",,"16,250,000","15,000,000","15,434,783",,"14,444,444","14,666,667","15,384,615",,"15,625,000","15,333,333","15,348,837",,"15,333,333","15,625,000","15,161,290",,"15,238,095","14,375,000","15,000,000",,"15,000,000","15,000,000","15,161,290",,"15,000,000","15,200,000","15,354,000",,"15,354,000","15,356,000","15,356,000",,"15,356,000","15,356,000","15,356,000",,"15,356,000","15,356,000","15,352,000",,"15,100,000"
TotalOperatingIncomeAsReported,"273,912,000","79,216,000","79,989,000","55,664,000","59,043,000","80,985,000","66,496,000","49,655,000","44,839,000","75,214,000","84,651,000","46,356,000","48,823,000","97,020,000","64,742,000","47,808,000","69,210,000","84,512,000","71,030,000","61,546,000","43,695,000","85,144,000","64,156,000","56,116,000","63,742,000","61,933,000","72,332,000","48,461,000","61,132,000","83,891,000","50,584,000","30,987,000","25,097,000","71,350,000","49,962,000","31,401,000","32,660,000","57,010,000","89,023,000","4,409,000","28,720,000","55,033,000","49,332,000","31,878,000","26,244,000","58,095,000","45,307,000","33,099,000","27,016,000","57,195,000","49,086,000","26,967,000","27,469,000","50,463,000","51,286,000","35,320,000","31,521,000","52,089,000","44,280,000","33,238,000","18,223,000","44,353,000","26,334,000","33,490,000","8,351,000","42,189,000","50,594,000","22,269,000","23,790,000","47,799,000","-15,005,000","-5,151,000","7,018,000","32,980,000","16,778,000","20,827,000","1,342,000","37,257,000","-758,647,000","45,549,000","48,816,000","34,648,000","-41,411,000","-27,058,000","-10,829,000","-4,752,000","3,360,000","2,751,000","-8,271,000","35,989,000","16,200,000","9,600,000","11,600,000","42,100,000","37,400,000","3,500,000","3,400,000","29,200,000","22,500,000","4,000,000","4,400,000","28,000,000","15,500,000","4,500,000","6,500,000","23,800,000","12,000,000","6,800,000","6,600,000","12,900,000","7,600,000","3,800,000","4,800,000","14,200,000",,,,,,,,,,,,,,,,,,,,,,,,,,,,,,,,,,
TotalExpenses,"1,092,083,000","315,266,000","267,352,000","270,291,000","239,174,000","319,818,000","246,949,000","230,955,000","224,521,000","260,041,000","243,484,000","228,480,000","221,896,000","287,200,000","244,074,000","232,066,000","192,607,000","256,990,000","273,518,000","248,387,000","240,164,000","282,168,000","266,434,000","244,882,000","229,378,000","270,606,000","252,657,000","224,278,000","209,428,000","262,120,000","262,363,000","220,925,000","245,184,000","298,373,000","269,128,000","230,847,000","227,501,000","256,010,000","191,750,000","207,418,000","215,883,000","254,067,000","233,877,000","212,163,000","225,562,000","280,165,000","246,363,000","207,719,000","217,043,000","276,978,000","253,322,000","205,919,000","208,244,000","320,440,000","274,782,000","236,924,000","244,985,000","333,886,000","263,744,000","232,625,000","241,385,000","322,212,000","278,014,000","201,147,000","223,835,000","319,293,000","291,553,000","216,854,000","225,597,000","287,294,000","-597,555,000","254,073,000","225,943,000","306,630,000","251,019,000","214,561,000","234,187,000","525,935,000","1,245,091,000","463,751,000","466,836,000","445,465,000","838,830,000","939,119,000","1,042,415,000","1,501,441,000","2,546,498,000","1,610,822,000","1,604,670,000","1,294,955,000","1,129,600,000","743,700,000","584,300,000","467,200,000","485,900,000","192,000,000","180,600,000","255,000,000","260,600,000","181,000,000","161,000,000","256,400,000","124,900,000","45,200,000","50,200,000","73,400,000","56,700,000","38,700,000","33,600,000","37,900,000","30,200,000","26,400,000","28,900,000","41,300,000",,,,,,,,,,,,,,,,,,,,,,,,,,,,,,,,,,
NetIncomeFromContinuingAndDiscontinuedOperation,"182,879,000","59,110,000","51,336,000","35,196,000","37,237,000","63,071,000","53,551,000","29,466,000","21,494,000","50,704,000","59,982,000","21,670,000","47,662,000","72,806,000","66,492,000","28,182,000","43,787,000","58,499,000","47,894,000","36,412,000","21,830,000","56,567,000","45,944,000","44,605,000","35,569,000","38,054,000","45,013,000","23,798,000","30,973,000","51,425,000","37,169,000","30,191,000","7,746,000","45,580,000","26,093,000","15,647,000","14,341,000","37,902,000","58,697,000","-3,772,000","11,438,000","32,043,000","34,116,000","14,895,000","10,970,000","32,575,000","22,588,000","14,379,000","11,691,000","28,718,000","25,609,000","18,900,000","6,098,000","22,813,000","21,268,000","13,379,000","9,503,000","23,451,000","18,438,000","13,177,000","2,434,000","19,142,000","7,923,000","11,398,000","-2,446,000","21,025,000","35,644,000","8,836,000","-3,931,000","18,918,000","10,442,000","-29,567,000","-4,800,000","16,981,000","-42,985,000","-52,740,000","-57,809,000","9,919,000","-808,941,000","-41,317,000","15,804,000","-16,041,000","5,091,000","10,272,000","10,780,000","18,389,000","15,665,000","10,993,000","7,702,000","16,239,000","19,100,000","7,200,000","5,100,000","13,200,000","10,300,000","3,900,000","2,700,000","10,300,000","8,300,000","3,100,000","2,500,000","9,800,000","7,400,000","600,000","2,700,000","12,600,000","4,900,000","3,100,000","3,000,000","7,100,000","3,900,000","1,300,000","2,200,000","8,000,000","3,800,000","2,500,000","2,300,000","6,600,000","4,200,000","2,300,000","2,500,000","4,700,000","3,300,000","3,300,000","2,400,000","5,800,000","3,500,000","5,200,000","4,000,000","4,800,000","2,600,000","2,800,000","3,900,000",,,,,,,,,,,,,,,
NormalizedIncome,"182,879,000","59,110,000","51,336,000","35,196,000","37,237,000","63,071,000","53,551,000","29,466,000","21,494,000","50,704,000","59,982,000","21,670,000","47,662,000","72,806,000","66,492,000","28,182,000","43,787,000","58,499,000","47,894,000","36,412,000","21,830,000","56,567,000","45,944,000","44,605,000","35,569,000","38,054,000","45,013,000","23,798,000","30,973,000","51,425,000","37,169,000","30,191,000","7,746,000","45,580,000","26,093,000","15,647,000","14,341,000","37,902,000","61,156,408.773","11,220,250","10,477,413.84","31,255,824.566","32,478,854.489","14,563,147.457","10,251,100","31,946,952.315","21,527,068.804","12,636,934.635","10,000,130.268","28,189,253.998","24,595,833.666","18,638,050","5,973,074.599","22,437,652.478","21,318,215.261","12,599,640.777","9,601,632.22","23,027,652.886","17,965,261.77","12,563,189.761","2,218,511.467","18,912,376.186","7,296,000","11,636,200","-5,648,717.67","17,627,689.035","21,860,939.598","5,373,812.352","5,319,885.263","18,029,800","34,570,000","-26,425,183.205","-14,844,379.584","11,638,400","-20,785,400","-22,764,802.253","-45,626,000","-14,137,800.187","-803,776,435.456","14,030,800","23,123,358.88","23,377,006.79","2,755,200","9,505,800","9,434,708.687","18,389,000","15,665,000","10,993,000","7,702,000","16,239,000","16,161,538.462","6,438,461.538","3,600,000","11,095,652.174","13,000,000","-86,666.667","421,875","7,933,783.784","5,830,578.512","539,130.435","546,875","8,681,879.195","3,740,000","-75,000","1,315,384.615","12,218,181.818","4,513,157.895","2,294,000","2,562,500","6,709,174.312","3,396,774.194","938,888.889","1,632,258.065","7,672,131.148","3,800,000","2,500,000","2,300,000","6,600,000","4,200,000","2,300,000","2,500,000","4,700,000","3,300,000","3,300,000","2,400,000","5,800,000","3,500,000","5,200,000","4,000,000","4,800,000","2,600,000","2,800,000","3,900,000",,,,,,,,,,,,,,,
InterestExpense,"93,880,000","23,716,000","23,408,000","23,283,000","23,473,000","23,510,000","24,514,000","23,677,000","24,287,000","24,334,000","24,045,000","23,722,000","23,511,000","23,790,000","23,786,000","22,035,000","23,197,000","22,970,000","22,306,000","23,149,000","23,408,000","23,400,000","22,991,000","21,049,000","26,421,000","24,509,000","24,052,000","22,043,000","22,943,000","23,115,000","19,915,000","18,794,000","19,127,000","19,966,000","19,510,000","17,056,000","17,141,000","16,779,000","15,464,000","17,743,000","15,893,000","15,962,000","16,122,000","16,694,000","16,896,000","17,147,000",,,,"17,050,000","17,357,000","17,267,000","18,002,000","15,134,000","16,474,000","15,629,000",,,,,,,,,,,,,,,,,,,,,,,,,,,,,,,,,,,,,,,,,,,,,,,,,,,,,,,,,,,,,,,,,,,,,,,,,,,,,,,,,,,,,,,,,,,,
NetInterestIncome,"-93,880,000","-23,716,000","-23,408,000","-23,283,000","-23,473,000","-23,510,000","-24,514,000","-23,677,000","-24,287,000","-24,334,000","-24,045,000","-23,722,000","-23,511,000","-23,790,000","-23,786,000","-22,035,000","-23,197,000","-22,970,000","-22,306,000","-23,149,000","-23,408,000","-23,400,000","-22,991,000","-21,049,000","-26,421,000","-24,509,000","-24,052,000","-22,043,000","-22,943,000","-23,115,000","-19,915,000","-18,794,000","-19,127,000","-19,966,000","-19,510,000","-17,056,000","-17,141,000","-16,779,000","-15,464,000","-17,743,000","-15,893,000","-15,962,000","-16,122,000","-16,694,000","-16,896,000","-17,147,000","-16,413,000","-16,306,000","-16,057,000","-17,050,000","-17,357,000","-17,267,000","-18,002,000","-15,134,000","-16,474,000","-15,629,000",,,,,,,,,,,,,,,,,,,,,,,,,,,,,,,,,,,,,,,,,,,,,,,,,,,,,,,,,,,,,,,,,,,,,,,,,,,,,,,,,,,,,,,,,,,,
EBIT,"281,311,000","83,937,000","74,309,000","60,990,000","62,075,000","86,559,000","72,322,000","50,440,000","45,063,000","73,232,000","84,200,000","45,947,000","48,947,000","98,169,000","66,910,000","49,859,000","70,086,000","83,383,000","73,536,000","62,336,000","45,818,000","86,644,000","65,528,000","55,995,000","64,937,000","65,035,000","74,486,000","52,230,000","62,127,000","84,556,000","56,052,000","30,548,000","28,077,000","73,539,000","50,939,000","34,518,000","33,588,000","59,725,000","90,261,000","5,383,000","29,896,000","56,017,000","51,006,000","32,224,000","27,350,000","58,900,000","51,652,000","33,099,000","27,016,000","57,948,000","50,393,000","27,370,000","27,667,000","51,054,000","51,204,000","36,538,000","31,521,000","52,089,000","46,708,000","33,238,000","18,223,000","44,353,000","26,334,000","33,490,000","8,351,000","42,189,000","50,594,000","22,269,000","23,790,000","47,799,000","-15,005,000","-5,151,000","7,018,000","32,980,000","16,778,000","20,827,000","1,342,000","37,257,000","-758,647,000","45,549,000","48,816,000","34,648,000","-41,411,000","-27,058,000","-10,829,000","-4,752,000","3,360,000","2,751,000","-8,271,000","35,989,000","16,200,000","9,600,000","11,600,000","42,100,000","37,400,000","3,500,000","3,400,000","29,200,000","22,500,000","4,000,000","4,400,000","28,000,000","15,500,000","4,500,000","6,500,000","23,800,000","12,000,000","6,800,000","6,600,000","12,900,000","7,600,000","3,800,000","4,800,000","14,200,000","38,600,000","29,800,000","33,800,000","51,100,000","34,500,000","22,000,000","25,700,000","37,000,000","32,100,000","23,300,000","25,000,000","42,500,000","27,700,000","22,700,000","24,600,000","39,200,000","28,300,000","23,300,000","24,400,000","40,000,000","27,300,000","23,800,000","23,400,000","41,000,000","26,100,000","22,200,000","24,500,000","35,200,000","28,000,000","21,800,000","25,000,000","42,600,000","34,000,000","22,000,000"
EBITDA,"470,708,000"
ReconciledCostOfRevenue,"416,108,000","135,073,000","114,411,000","98,659,000","67,965,000","144,513,000","85,837,000","68,038,000","61,043,000","91,272,000","82,314,000","64,227,000","55,744,000","115,735,000","72,369,000","72,247,000","32,190,000","96,077,000","109,025,000","97,507,000","84,000,000","119,817,000","107,690,000","96,156,000","81,693,000","115,434,000","107,369,000","73,577,000","79,527,000","112,391,000","108,097,000","94,592,000","112,474,000","167,428,000","136,139,000","104,298,000","106,913,000","132,196,000","67,550,000","93,061,000","96,427,000","138,396,000","124,036,000","98,045,000","110,407,000","162,071,000","140,404,000","105,922,000","111,936,000","172,827,000","156,924,000","104,198,000","105,614,000","206,950,000","189,799,000","134,069,000",,,,,,,,,,,,,,,,,"126,599,000",,,,"139,257,000","315,365,000","303,282,000","260,696,000","261,740,000","269,691,000","596,109,000","722,225,000","803,523,000","1,244,067,000","2,308,383,000","1,390,953,000","1,399,705,000","1,162,761,000","1,242,000,000","530,600,000","398,600,000","296,500,000","201,200,000","142,200,000","132,600,000","205,500,000","214,300,000","136,200,000","120,700,000","210,800,000","54,800,000","26,500,000","31,000,000","53,500,000","29,800,000","16,400,000","13,800,000","21,000,000","14,100,000","10,200,000","12,400,000","24,300,000",,,,,,,,,,,,,,,,,,,,,,,,,,,,,,,,,,
ReconciledDepreciation,"189,397,000","48,905,000","46,571,000","47,112,000","46,809,000","46,975,000","45,308,000","44,289,000","44,782,000","45,265,000","43,157,000","43,166,000","41,016,000","45,584,000","43,599,000","43,581,000","43,541,000","43,755,000","41,656,000","41,525,000","41,495,000","41,461,000","39,785,000","39,763,000","39,898,000","39,890,000","37,463,000","35,693,000","35,727,000","35,819,000","32,637,000","30,452,000","30,369,000","30,318,000","28,146,000","28,053,000","27,414,000","29,218,000","26,680,000","26,505,000","26,426,000","26,433,000","25,364,000","25,181,000","25,066,000","25,315,000","23,072,000","22,825,000","22,997,000","22,875,000","18,809,000","22,962,000","23,486,000","23,782,000","21,463,000","17,726,000","23,003,000","22,879,000","13,903,000","22,761,000","23,281,000","22,470,000","20,932,000","20,875,000","19,467,000","19,743,000","19,032,000","22,159,000","20,799,000","19,523,000","-50,681,000","20,851,000","21,271,000","21,205,000","31,384,000","17,948,000","7,473,000","27,382,000","35,991,000","32,105,000","32,265,000","27,624,000","34,465,000","29,384,000","32,751,000","29,165,000","31,000,000","28,731,000","28,441,000","20,157,000",,,,,,,,,,,,,,,,,,,,,,,,,,,,,,,,,,,,,,,,,,,,,,,,,,,,,,,,,,
NetIncomeFromContinuingOperationNetMinorityInterest,"182,879,000","59,110,000","51,336,000","35,196,000","37,237,000","63,071,000","53,551,000","29,466,000","21,494,000","50,704,000","59,982,000","21,670,000","47,662,000","72,806,000","66,492,000","28,182,000","43,787,000","58,499,000","47,894,000","36,412,000","21,830,000","56,567,000","45,944,000","44,605,000","35,569,000","38,054,000","45,013,000","23,798,000","30,973,000","51,425,000","37,169,000","30,191,000","7,746,000","45,580,000","26,093,000","15,647,000","14,341,000","37,902,000","58,697,000","-3,772,000","11,438,000","32,043,000","34,116,000","14,895,000","10,970,000","32,575,000","22,588,000","14,379,000","11,691,000","28,718,000","25,609,000","18,900,000","6,098,000","22,813,000","21,268,000","13,379,000","9,503,000","23,451,000","18,438,000","13,177,000","2,434,000","19,142,000","7,923,000","11,398,000","-2,814,000","20,975,000","27,481,000","9,299,000","6,373,000","18,394,000","20,917,000","-25,150,000","-14,346,000","12,059,000","-20,681,000","-29,687,000","-44,798,000","12,510,000","-808,309,000","14,620,000","20,890,000","23,959,000","5,091,000","10,272,000","10,780,000","18,389,000","15,665,000","10,993,000","7,702,000","16,239,000","19,100,000","7,200,000","5,100,000","13,200,000","10,300,000","3,900,000","2,700,000","10,300,000","8,300,000","3,100,000","2,500,000","9,800,000","7,400,000","600,000","2,700,000","12,600,000","4,900,000","3,100,000","3,000,000","7,100,000","3,900,000","1,300,000","2,200,000","8,000,000","3,800,000","2,500,000","2,300,000","6,600,000","4,200,000","2,300,000","2,500,000","4,700,000","3,300,000","3,300,000","2,400,000","5,800,000","3,500,000","5,200,000","4,000,000","4,800,000","2,600,000","2,800,000","3,900,000",,,,,,,,,,,,,,,
TotalUnusualItemsExcludingGoodwill,,,,,,,,,,,,,,,,,,,,,,,,,,,,,,,,,,,"0","0",,,"-3,134,000","-23,065,000","1,176,000","984,000","1,674,000","346,000","1,106,000","805,000","1,424,000","2,315,000","1,853,000","753,000","1,307,000","403,000","198,000","591,000","-82,000","1,218,000","-161,000","662,000","782,000","909,000","359,000","378,000","1,045,000","-397,000","3,147,000","5,270,000","9,338,000","5,365,000","1,590,000","607,000","-22,755,000","1,280,000","503,000","701,000","174,000","-7,306,000","1,380,000","27,355,000","-4,561,000","982,000","-2,497,000","694,000","3,893,000","1,277,000","1,675,000",,,,,,"3,000,000","1,100,000","2,500,000","3,300,000","-4,500,000","4,600,000","2,700,000","3,400,000","3,600,000","3,800,000","2,500,000","1,700,000","6,100,000","900,000","2,000,000","600,000","600,000","1,300,000","700,000","600,000","800,000","500,000","800,000","500,000",,,,,,,,,,,,,,,,,,,,,,,,,,,,,,,,,,
TotalUnusualItems,,,,,,,,,,,,,,,,,,,,,,,,,,,,,,,,,,,"0","0",,,"-3,134,000","-23,065,000","1,176,000","984,000","1,674,000","346,000","1,106,000","805,000","1,424,000","2,315,000","1,853,000","753,000","1,307,000","403,000","198,000","591,000","-82,000","1,218,000","-161,000","662,000","782,000","909,000","359,000","378,000","1,045,000","-397,000","3,147,000","5,270,000","9,338,000","5,365,000","1,590,000","607,000","-22,755,000","1,280,000","503,000","701,000","174,000","-7,306,000","1,380,000","27,355,000","-4,561,000","982,000","-2,497,000","694,000","3,893,000","1,277,000","1,675,000",,,,,,"3,000,000","1,100,000","2,500,000","3,300,000","-4,500,000","4,600,000","2,700,000","3,400,000","3,600,000","3,800,000","2,500,000","1,700,000","6,100,000","900,000","2,000,000","600,000","600,000","1,300,000","700,000","600,000","800,000","500,000","800,000","500,000",,,,,,,,,,,,,,,,,,,,,,,,,,,,,,,,,,
NormalizedEBITDA,"470,708,000","132,842,000","120,880,000","108,102,000","108,884,000","133,534,000","117,630,000","94,729,000","89,845,000","118,497,000","127,357,000","89,113,000","89,963,000","143,753,000","110,509,000","93,440,000","113,627,000","127,138,000","115,192,000","103,861,000","87,313,000","128,105,000","105,313,000","95,758,000","104,835,000","104,925,000","111,949,000","87,923,000","97,854,000","120,375,000","88,689,000","61,000,000","58,446,000","103,857,000","79,085,000","62,571,000","61,002,000","88,943,000","120,075,000","54,953,000","55,146,000","81,466,000","74,696,000","57,059,000","51,310,000","83,410,000","73,300,000","53,609,000","48,160,000","80,070,000","71,166,000","49,929,000","50,955,000","74,245,000","72,749,000","56,612,000","54,685,000","74,306,000","66,929,000","55,090,000","41,145,000","66,445,000","46,221,000","54,762,000","24,671,000","56,662,000","60,288,000","39,063,000","42,999,000","66,715,000","-34,687,000","14,420,000","27,786,000","53,484,000","47,988,000","46,081,000","17,394,000","37,284,000","-718,095,000","76,672,000","83,578,000","61,578,000","-10,839,000","1,049,000","20,247,000","24,413,000","34,360,000","31,482,000","20,170,000","56,156,000","33,600,000","25,300,000","25,000,000","54,000,000","58,500,000","7,900,000","9,200,000","34,300,000","26,700,000","8,900,000","9,300,000","33,600,000","15,700,000","7,600,000","9,100,000","27,800,000","15,600,000","9,400,000","9,100,000","15,500,000","10,100,000","6,300,000","7,000,000","16,700,000","38,600,000","29,800,000","33,800,000","51,100,000","34,500,000","22,000,000","25,700,000","37,000,000","32,100,000","23,300,000","25,000,000","42,500,000","27,700,000","22,700,000","24,600,000","39,200,000","28,300,000","23,300,000","24,400,000","40,000,000","27,300,000","23,800,000","23,400,000","41,000,000","26,100,000","22,200,000","24,500,000","35,200,000","28,000,000","21,800,000","25,000,000","42,600,000","34,000,000","22,000,000"
TaxRateForCalcs,"0.024","0.018","0.27","0.066","0.034","0","0.27","0.27","0.27","0.27","0.003","0.025","0.27","0.021","0.27","0.27","0.066","0.032","0.065","0.071","0.026","0.106","0.4","0.4","0.077","0.061","0.107","0.212","0.21","0.163","0.35","0.35","0.135","0.149","0.17","0.104","0.128","0.117","0.215","0.35","0.183","0.2","0.022","0.041","0.35","0.22","0.255","0.247","0.087","0.298","0.225","0.35","0.369","0.365","0.388","0.36","0.387","0.361","0.395","0.325","0.4","0.393","0.4","0.4","0.099","0.365","0.398","0.268","0.338","0.4","0.4","0.004","0.009","0.4","0.4","0.053","0.4","0.026","0.006","0.4","0.106","0.161","0.4","0.4","0.197","0.4","0.4","0.136","0.4","0.229","0.021","0.308","0.4","0.362","0.4","0.133","0.156","0.304","0.314","0.326","0.219","0.342","0.4","0.25","0.308","0.364","0.355","0.38","0.375","0.349","0.371","0.278","0.29","0.344","0.4","0.4","0.4","0.4","0.4","0.4","0.4","0.4","0.4","0.4","0.4","0.4","0.4","0.4","0.4","0.4","0.4","0.4","0.4",,,,,,,,,,,,,,,
TaxEffectOfUnusualItems,"0","0","0","0","0","0","0","0","0","0","0","0","0","0","0","0","0","0","0","0","0","0","0","0","0","0","0","0","0","0","0","0","0","0","0","0","0","0","-674,591.227","-8,072,750","215,413.84","196,824.566","36,854.489","14,147.457","387,100","176,952.315","363,068.804","572,934.635","162,130.268","224,253.998","293,833.666","141,050","73,074.599","215,652.478","-31,784.739","438,640.777","-62,367.78","238,652.886","309,261.77","295,189.761","143,511.467","148,376.186","418,000","-158,800","312,282.33","1,922,689.035","3,717,939.598","1,439,812.352","536,885.263","242,800","-9,102,000","4,816.795","4,620.416","280,400","69,600","-383,802.253","552,000","707,199.813","-28,435.456","392,800","-263,641.12","112,006.79","1,557,200","510,800","329,708.687","0","0","0","0","0","61,538.462","338,461.538","1,000,000","1,195,652.174","-1,800,000","613,333.333","421,875","1,033,783.784","1,130,578.512","1,239,130.435","546,875","581,879.195","2,440,000","225,000","615,384.615","218,181.818","213,157.895","494,000","262,500","209,174.312","296,774.194","138,888.889","232,258.065","172,131.148","0","0","0","0","0","0","0","0","0","0","0","0","0","0","0","0","0","0","0",,,,,,,,,,,,,,,