name,ttm,03/31/2022,12/31/2021,09/30/2021,06/30/2021,03/31/2021,12/31/2020,09/30/2020,06/30/2020,03/31/2020,12/31/2019,09/30/2019,06/30/2019,03/31/2019,12/31/2018,09/30/2018,06/30/2018,03/31/2018,12/31/2017,09/30/2017,06/30/2017,03/31/2017,12/31/2016,09/30/2016,06/30/2016,03/31/2016,12/31/2015,09/30/2015,06/30/2015,03/31/2015,12/31/2014,09/30/2014,06/30/2014,03/31/2014,12/31/2013,09/30/2013,06/30/2013,03/31/2013,12/31/2012,09/30/2012,06/30/2012,03/31/2012,12/31/2011,09/30/2011,06/30/2011,03/31/2011,12/31/2010,09/30/2010,06/30/2010,03/31/2010,12/31/2009,09/30/2009,06/30/2009,03/31/2009,12/31/2008,09/30/2008,06/30/2008,03/31/2008,12/31/2007,09/30/2007,06/30/2007,03/31/2007,12/31/2006,09/30/2006,06/30/2006,03/31/2006,12/31/2005,09/30/2005,06/30/2005,03/31/2005,12/31/2004,09/30/2004,06/30/2004,03/31/2004,12/31/2003,09/30/2003,06/30/2003,03/31/2003,12/31/2002,09/30/2002,06/30/2002,03/31/2002,12/31/2001,09/30/2001,06/30/2001,03/31/2001,12/31/2000,09/30/2000,06/30/2000,03/31/2000,12/31/1999,09/30/1999,06/30/1999,03/31/1999,12/31/1998,09/30/1998,06/30/1998,03/31/1998,12/31/1997,09/30/1997,06/30/1997,03/31/1997,12/31/1996,09/30/1996,06/30/1996,03/31/1996,12/31/1995,09/30/1995,06/30/1995,03/31/1995,12/31/1994,09/30/1994,06/30/1994,03/31/1994,12/31/1993,09/30/1993,06/30/1993,03/31/1993,12/31/1992,09/30/1992,06/30/1992,03/31/1992,12/31/1991,09/30/1991,06/30/1991,03/31/1991,12/31/1990,09/30/1990,06/30/1990,03/31/1990,12/31/1989,09/30/1989,06/30/1989,03/31/1989,12/31/1988,09/30/1988,06/30/1988,03/31/1988,12/31/1987,09/30/1987,06/30/1987,03/31/1987,12/31/1986,09/30/1986,06/30/1986,03/31/1986,12/31/1985,09/30/1985
TotalRevenue,"596,350,000","151,259,000","149,721,000","149,286,000","146,084,000","144,188,000","141,752,000","140,002,000","130,879,000","136,382,000","137,740,000","134,256,000","131,861,000","134,785,000","130,867,000","130,321,000","133,200,000","135,775,000","131,715,000","132,607,000","130,922,000","132,385,000","127,868,000","127,166,000","122,205,000","127,912,000","117,032,000","125,369,000","122,164,000","128,388,000","123,424,000","120,519,000","117,894,000","115,203,000","108,854,000","111,081,000","109,529,000","111,295,000","114,510,000","116,128,000","118,296,000","108,994,000","112,765,000","107,634,000","100,442,000","97,108,000","91,871,000","81,457,000","82,927,000","78,513,000","74,962,000","71,698,000","66,638,000","65,831,000","65,479,000","58,981,000","55,224,000","51,232,000","48,090,000","45,146,000","42,032,000","45,136,000","38,496,000","37,459,000","36,074,000","35,565,000","26,752,000","29,542,000","27,428,000","25,526,000","22,088,000","21,217,000","20,130,000","18,787,000","18,199,000","17,642,000","16,306,000","15,068,000","14,400,000","12,994,000","12,307,000","11,973,000","11,043,000","10,497,000","10,909,000","10,678,000","10,333,000","9,663,000","9,262,000","8,773,000","8,800,000","9,700,000","9,100,000","9,800,000","8,800,000","7,900,000","7,200,000","9,000,000","7,500,000","7,500,000","7,200,000","6,100,000","4,700,000","4,600,000","4,800,000","4,400,000","4,300,000","4,200,000","3,800,000","3,400,000","2,800,000","2,800,000","3,100,000","3,100,000","3,700,000","2,500,000","2,600,000","3,200,000","2,800,000","2,700,000","2,900,000","3,400,000","2,700,000","2,300,000","3,300,000","2,900,000","3,200,000","3,300,000","3,600,000","2,500,000","2,300,000","2,200,000","2,600,000","2,000,000","2,300,000","2,200,000","2,300,000","2,300,000","2,300,000","2,600,000","2,800,000","2,100,000","2,200,000","3,200,000","2,100,000","2,800,000","2,700,000","2,400,000"
	OperatingRevenue,"596,350,000","151,259,000","149,721,000","149,286,000","146,084,000","144,188,000","141,752,000","140,002,000","130,879,000","136,382,000","137,740,000","134,256,000","131,861,000","134,785,000","130,867,000","130,321,000","133,200,000","135,775,000","131,715,000","132,607,000","130,922,000","132,385,000","127,868,000","127,166,000","122,205,000","127,912,000","117,032,000","125,369,000","122,164,000","105,781,000","102,485,000","99,743,000","96,826,000","95,817,000","91,738,000","95,696,000","93,862,000","95,265,000","98,852,000","116,128,000","118,296,000","108,994,000","112,765,000","107,634,000","100,442,000","97,108,000","91,871,000","81,457,000","82,927,000","78,513,000","74,962,000","71,698,000","66,638,000","65,831,000","65,479,000","58,981,000","55,224,000","51,232,000","48,090,000","45,146,000","42,032,000","45,136,000","38,496,000","37,459,000","36,074,000","35,565,000","26,752,000","29,542,000","27,428,000","25,526,000","22,088,000","21,217,000","20,130,000","18,787,000","18,199,000","17,642,000","16,306,000","15,068,000","14,400,000","12,994,000","12,307,000","11,973,000","11,043,000","10,497,000","10,909,000","10,678,000","10,333,000","9,663,000","9,262,000","8,773,000","8,800,000","9,700,000","9,100,000","9,800,000","8,800,000","7,900,000","7,200,000","9,000,000","7,500,000","7,500,000","7,200,000","6,100,000","4,700,000","4,600,000","4,800,000","4,400,000","4,300,000","4,200,000","3,800,000","3,400,000","2,800,000","2,800,000","3,100,000","3,100,000","3,700,000","2,500,000","2,600,000","3,200,000","2,800,000","2,700,000","2,900,000","3,400,000","2,700,000","2,300,000","3,300,000","2,900,000","3,200,000","3,300,000","3,600,000","2,500,000","2,300,000","2,200,000","2,600,000","2,000,000","2,300,000","2,200,000","2,300,000","2,300,000","2,300,000","2,600,000","2,800,000","2,100,000","2,200,000","3,200,000","2,100,000","2,800,000","2,700,000","2,400,000"
CostOfRevenue,"295,404,000","75,761,000","74,204,000","72,698,000","72,741,000","69,781,000","70,324,000","68,950,000","66,369,000","68,339,000","68,135,000","65,734,000","65,231,000","62,057,000","61,671,000","61,118,000","61,851,000","61,977,000","61,634,000","58,755,000","59,169,000","55,970,000","54,352,000","55,997,000","56,815,000","59,255,000","53,785,000","56,598,000","55,977,000","55,841,000","54,360,000","56,773,000","56,190,000","53,354,000","71,055,000","47,682,000","48,072,000","48,297,000","46,596,000","46,364,000","48,395,000","41,941,000","38,334,000","36,020,000","34,928,000","33,166,000","32,329,000","30,128,000","31,859,000","28,298,000","28,309,000","28,311,000","25,889,000","25,341,000","23,100,000","21,222,000","19,227,000","17,036,000","16,148,000","14,775,000","14,542,000","14,797,000","12,697,000","11,833,000","11,457,000","11,063,000","9,403,000","9,611,000","9,751,000","9,115,000","7,515,000","7,937,000","8,101,000","7,048,000","7,523,000","7,492,000","6,610,000","6,822,000","6,353,000","5,660,000","4,920,000","5,072,000","4,900,000","4,547,000","4,734,000","3,769,000","3,764,000","3,599,000","3,454,000","3,691,000","3,300,000","3,800,000","3,500,000","3,800,000","3,300,000","2,800,000","3,400,000","2,800,000","3,000,000","2,600,000","3,200,000","2,700,000","2,100,000","2,000,000","2,100,000","1,900,000","1,900,000","2,000,000","1,600,000","1,500,000","1,300,000","1,400,000","1,600,000","1,500,000","1,900,000","1,400,000","1,500,000","1,600,000","1,600,000","1,600,000","1,700,000",,,,,"2,100,000","2,000,000","2,100,000","2,300,000",,,,,,,,,,,,,,,,,,,
GrossProfit,"300,946,000","75,498,000","75,517,000","76,588,000","73,343,000","74,407,000","71,428,000","71,052,000","64,510,000","68,043,000","69,605,000","68,522,000","66,630,000","72,728,000","69,196,000","69,203,000","71,349,000","73,798,000","70,081,000","73,852,000","71,753,000","76,415,000","73,516,000","71,169,000","65,390,000","68,657,000","63,247,000","68,771,000","66,187,000","72,547,000","69,064,000","63,746,000","61,704,000","61,849,000","37,799,000","63,399,000","61,457,000","62,998,000","67,914,000","69,764,000","69,901,000","67,053,000","74,431,000","71,614,000","65,514,000","63,942,000","59,542,000","51,329,000","51,068,000","50,215,000","46,653,000","43,387,000","40,749,000","40,490,000","42,379,000","37,759,000","35,997,000","34,196,000","31,942,000","30,371,000","27,490,000","30,339,000","25,799,000","25,626,000","24,617,000","24,502,000","17,349,000","19,931,000","17,677,000","16,411,000","14,573,000","13,280,000","12,029,000","11,739,000","10,676,000","10,150,000","9,696,000","8,246,000","8,047,000","7,334,000","7,387,000","6,901,000","6,143,000","5,950,000","6,175,000","6,909,000","6,569,000","6,064,000","5,808,000","5,082,000","5,500,000","5,900,000","5,600,000","6,000,000","5,500,000","5,100,000","3,800,000","6,200,000","4,500,000","4,900,000","4,000,000","3,400,000","2,600,000","2,600,000","2,700,000","2,500,000","2,400,000","2,200,000","2,200,000","1,900,000","1,500,000","1,400,000","1,500,000","1,600,000","1,800,000","1,100,000","1,100,000","1,600,000","1,200,000","1,100,000","1,200,000",,,,,"800,000","1,200,000","1,200,000","1,300,000",,,,,,,,,,,,,,,,,,,
OperatingExpense,"289,843,000","70,356,000","67,509,000","83,290,000","68,688,000","71,373,000","68,281,000","60,754,000","60,071,000","66,037,000","63,831,000","59,700,000","63,044,000","65,551,000","63,013,000","53,721,000","67,932,000","88,602,000","66,164,000","62,516,000","65,013,000","67,367,000","59,824,000","63,699,000","61,509,000","59,024,000","54,810,000","56,275,000","57,153,000","59,815,000","60,854,000","56,487,000","53,949,000","54,928,000","51,258,000","47,453,000","41,904,000","47,733,000","44,530,000","45,420,000","46,394,000","43,755,000","41,916,000","40,047,000","36,695,000","35,481,000","33,761,000","30,506,000","32,041,000","30,174,000","25,905,000","24,774,000","24,427,000","22,001,000","22,225,000","21,625,000","18,371,000","17,134,000","16,157,000","15,876,000","15,443,000","17,206,000","13,194,000","12,585,000","12,518,000","12,747,000","10,224,000","10,897,000","9,773,000","2,690,000","8,127,000","7,232,000","6,565,000","6,715,000","6,530,000","6,270,000","6,106,000","5,627,000","5,265,000","4,655,000","4,808,000","4,591,000","4,074,000","4,294,000","4,352,000","5,277,000","5,156,000","4,984,000","4,948,000","4,475,000","4,900,000","4,800,000","4,500,000","5,000,000","4,900,000","4,900,000","4,800,000","5,000,000","4,300,000","4,400,000","3,700,000","3,200,000","2,900,000","2,600,000","2,100,000","1,700,000","1,600,000","1,400,000","1,400,000","1,400,000","1,400,000","1,300,000","1,200,000","1,300,000","1,200,000","1,100,000","1,100,000","1,100,000","1,100,000","1,100,000","1,100,000",,,,,"1,300,000","1,400,000","1,300,000","1,300,000",,,,,,,,,,,,,,,,,,,
	SellingGeneralAndAdministration,"209,661,000","50,046,000","47,238,000","63,891,000","48,486,000","48,870,000","48,972,000","41,950,000","40,737,000","43,159,000","42,841,000","39,046,000","40,128,000","44,710,000","41,304,000","34,229,000","44,636,000","65,709,000","43,563,000","40,977,000","42,977,000","42,710,000","37,542,000","42,790,000","40,581,000","40,272,000","39,395,000","37,396,000","39,171,000","41,279,000","41,482,000","38,681,000","36,730,000","38,676,000","36,864,000","38,578,000","35,096,000","38,308,000","35,532,000","37,832,000","36,681,000","34,195,000","33,096,000","32,169,000","29,386,000","29,285,000","27,958,000","24,829,000","26,238,000","24,122,000","21,951,000","20,428,000","20,450,000","18,309,000","18,601,000","18,283,000","15,252,000","14,146,000","13,283,000","13,188,000","12,643,000","14,550,000","10,593,000","9,994,000","10,200,000","10,586,000","8,016,000","8,920,000","8,032,000","7,990,000","6,420,000","5,414,000","4,953,000","5,072,000","4,902,000","4,768,000","4,740,000","4,260,000","3,918,000","3,442,000","3,673,000","3,512,000","3,017,000","3,294,000","3,245,000","3,525,000","3,451,000","3,246,000","3,365,000","3,345,000","3,200,000","3,100,000","3,000,000","3,400,000","3,400,000","3,400,000","3,300,000","3,500,000","3,100,000","3,300,000","2,500,000","2,400,000","2,100,000","1,800,000","1,400,000","1,100,000","900,000","1,000,000","900,000","900,000","900,000","800,000","800,000","1,200,000","1,200,000","1,000,000","1,000,000","900,000","1,000,000","1,000,000","1,000,000",,,,,"1,300,000","1,200,000","1,200,000","1,300,000",,,,,,,,,,,,,,,,,,,
	ResearchAndDevelopment,"76,657,000","19,428,000","19,390,000","18,518,000","19,321,000","21,390,000","18,197,000","17,692,000","18,222,000","21,429,000","20,026,000","19,789,000","22,051,000","19,813,000","20,682,000","18,371,000","22,128,000","21,098,000","20,645,000","19,527,000","19,989,000","22,111,000","19,714,000","18,292,000","18,224,000","16,077,000","14,518,000","17,981,000","17,085,000","17,638,000","18,468,000","16,898,000","16,236,000","15,120,000","13,175,000","7,615,000","5,614,000","8,231,000","7,786,000","6,272,000","8,576,000","8,907,000","8,277,000","7,358,000","6,827,000","5,751,000","5,358,000","5,232,000","5,456,000","4,269,000","3,954,000","4,346,000","3,977,000","3,692,000","3,624,000","3,342,000","3,119,000","2,988,000","2,874,000","2,688,000","2,800,000","2,656,000","2,601,000","2,591,000","2,318,000","2,161,000","2,208,000","1,977,000","1,741,000","1,766,000","1,707,000","1,818,000","1,612,000","1,643,000","1,628,000","1,502,000","1,366,000","1,367,000","1,347,000","1,213,000","1,135,000","1,079,000","1,057,000","1,000,000","1,107,000","1,092,000","1,010,000","974,000","1,005,000","926,000","1,000,000","1,000,000","900,000","1,000,000","800,000","900,000","900,000","900,000","700,000","700,000","800,000","500,000","500,000","500,000","500,000","500,000","500,000","300,000","400,000","400,000","400,000","400,000","300,000",,,,,,,,,,,,,,,,,,,,,,,,,,,,,,,,,,,
	DepreciationAmortizationDepletionIncomeStatement,"3,525,000","882,000","881,000","881,000","881,000","1,113,000","1,112,000","1,112,000","1,112,000","1,449,000","964,000","865,000","865,000","1,028,000","1,027,000","1,121,000","1,168,000","1,795,000","1,956,000","2,012,000","2,047,000","2,546,000","2,568,000","2,617,000","2,704,000","2,675,000","897,000","898,000","897,000","898,000","904,000","908,000","983,000","1,132,000","1,219,000","1,260,000","1,194,000","1,194,000","1,212,000","1,316,000","1,137,000","653,000","543,000","520,000","482,000","445,000","445,000","445,000","347,000",,,,,,,,,,,,,,,,,,,,,,,,,,,,,,,,,,,,,"660,000","695,000","764,000","578,000","204,000","700,000","700,000","600,000","600,000","700,000","600,000","600,000","600,000","500,000","400,000","400,000","300,000","300,000","300,000","200,000","100,000","200,000","100,000","100,000","100,000","100,000","100,000","100,000","100,000",,"100,000","100,000","200,000","100,000","100,000","100,000",,,,,"0","200,000","100,000",,,,,,,,,,,,,,,,,,,,
		DepreciationAndAmortizationInIncomeStatement,"3,525,000","882,000","881,000","881,000","881,000","1,113,000","1,112,000","1,112,000","1,112,000","1,449,000","964,000","865,000","865,000","1,028,000","1,027,000","1,121,000","1,168,000","1,795,000","1,956,000","2,012,000","2,047,000","2,546,000","2,568,000","2,617,000","2,704,000","2,675,000","897,000","898,000","897,000","898,000","904,000","908,000","983,000","1,132,000","1,219,000","1,260,000","1,194,000","1,194,000","1,212,000","1,316,000","1,137,000","653,000","543,000","520,000","482,000","445,000","445,000","445,000","347,000",,,,,,,,,,,,,,,,,,,,,,,,,,,,,,,,,,,,,"660,000","695,000","764,000","578,000","204,000","700,000","700,000","600,000","600,000","700,000","600,000","600,000","600,000","500,000","400,000","400,000","300,000","300,000","300,000","200,000","100,000","200,000","100,000","100,000","100,000","100,000","100,000","100,000","100,000",,"100,000","100,000","200,000","100,000","100,000","100,000",,,,,"0","200,000","100,000",,,,,,,,,,,,,,,,,,,,
			Amortization,"3,525,000","882,000","881,000","881,000","881,000","1,113,000","1,112,000","1,112,000","1,112,000","1,449,000","964,000","865,000","865,000","1,028,000","1,027,000","1,121,000","1,168,000","1,795,000","1,956,000","2,012,000","2,047,000","2,546,000","2,568,000","2,617,000","2,704,000","2,675,000","897,000","898,000","897,000","898,000","904,000","908,000","983,000","1,132,000","1,219,000","1,260,000","1,194,000","1,194,000","1,212,000","1,316,000","1,137,000","653,000","543,000","520,000","482,000","445,000","445,000","445,000","347,000",,,,,,,,,,,,,,,,,,,,,,,,,,,,,,,,,,,,,,,,,,,,,,,,,,,,,,,,,,,,,,,,,,,,,,,,,,,,,,,,,,,,,,,,,,,,,,,,,,,
				AmortizationOfIntangiblesIncomeStatement,"3,525,000","882,000","881,000","881,000","881,000","1,113,000","1,112,000","1,112,000","1,112,000","1,449,000","964,000","865,000","865,000","1,028,000","1,027,000","1,121,000","1,168,000","1,795,000","1,956,000","2,012,000","2,047,000","2,546,000","2,568,000","2,617,000","2,704,000","2,675,000","897,000","898,000","897,000","898,000","904,000","908,000","983,000","1,132,000","1,219,000","1,260,000","1,194,000","1,194,000","1,212,000","1,316,000","1,137,000","653,000","543,000","520,000","482,000","445,000","445,000","445,000","347,000",,,,,,,,,,,,,,,,,,,,,,,,,,,,,,,,,,,,,,,,,,,,,,,,,,,,,,,,,,,,,,,,,,,,,,,,,,,,,,,,,,,,,,,,,,,,,,,,,,,
OperatingIncome,"11,103,000","5,142,000","8,008,000","-6,702,000","4,655,000","3,034,000","3,147,000","10,298,000","4,439,000","2,006,000","5,774,000","8,822,000","3,586,000","7,177,000","6,183,000","15,482,000","3,417,000","-14,804,000","3,917,000","11,336,000","6,740,000","9,048,000","13,692,000","7,470,000","3,881,000","9,633,000","8,437,000","12,496,000","9,034,000","12,732,000","8,210,000","7,259,000","7,755,000","6,921,000","-13,459,000","15,946,000","19,553,000","15,265,000","23,384,000","24,344,000","23,507,000","23,298,000","32,515,000","31,567,000","28,819,000","28,461,000","25,781,000","20,823,000","19,027,000","20,041,000","20,748,000","18,613,000","16,322,000","18,489,000","20,154,000","16,134,000","17,626,000","17,062,000","15,785,000","14,495,000","12,047,000","13,133,000","12,605,000","13,041,000","12,099,000","11,755,000","7,125,000","9,034,000","7,904,000","13,721,000","6,446,000","6,048,000","5,464,000","5,024,000","4,146,000","3,880,000","3,590,000","2,619,000","2,782,000","2,679,000","2,579,000","2,310,000","2,069,000","1,656,000","1,823,000","1,632,000","1,413,000","1,080,000","860,000","607,000","600,000","1,100,000","1,100,000","1,000,000","600,000","200,000","-1,000,000","1,200,000","200,000","500,000","300,000","200,000","-300,000","0","600,000","800,000","800,000","800,000","800,000","500,000","100,000","100,000","300,000","300,000","600,000","0","0","500,000","100,000","0","100,000","-8,700,000","2,700,000","2,300,000","3,300,000","-500,000","-200,000","-100,000","0","-8,800,000","2,300,000","2,200,000","2,600,000","-7,900,000","2,300,000","2,200,000","2,300,000","-7,400,000","2,300,000","2,600,000","2,800,000","-7,200,000","2,200,000","3,200,000","2,100,000","-7,500,000","2,700,000","2,400,000"
NetNonOperatingInterestIncomeExpense,"-1,398,000","-519,000","-271,000","-303,000","-305,000","-632,000","-622,000","-1,123,000","-1,101,000","-550,000","-405,000","-351,000","-393,000","-492,000","-676,000","-729,000","-701,000","-1,054,000","-718,000","-828,000","-668,000","-706,000","-629,000","-802,000","-1,005,000","-1,268,000","49,000","41,000","302,000","-271,000","-82,000","69,000","54,000","322,000","121,000","-205,000","31,000","-93,000","13,000","-62,000","35,000","35,000","55,000","75,000","82,000","19,000","55,000","129,000","60,000","46,000","43,000","59,000","78,000",,,,,,,,,,,,,,,,,,,,,,,,,,,,,,,,,,,,,,,,,,,,,,,,,,,,,,,,,,,,,,,,,,,,,,,,,,,,,,,,,,,,,,,,,,,,,,,
	InterestIncomeNonOperating,"101,000","22,000","50,000","17,000","12,000","11,000","9,000","12,000","6,000","111,000","30,000","36,000","79,000","103,000","44,000","40,000","29,000","19,000","15,000","12,000","9,000","5,000","0","1,000","8,000","27,000",,,,,,,,,,,,,,,"35,000","35,000","55,000","75,000","82,000","19,000","55,000","129,000","60,000","46,000","43,000","59,000","78,000",,,,,,,,,,,,,,,,,,,,,,,,,,,,,,,,,,,,,,,,,,,,,,,,,,,,,,,,,,,,,,,,,,,,,,,,,,,,,,,,,,,,,,,,,,,,,,,
	InterestExpenseNonOperating,"1,499,000","541,000","321,000","320,000","317,000","643,000","631,000","1,135,000","1,107,000","661,000","435,000","387,000","472,000","595,000","720,000","769,000","730,000","1,073,000","733,000","840,000","677,000","711,000","629,000","803,000","1,013,000","1,295,000",,,,,,,,,,,,,,,,,,,,,,,,,,,,,,,,,,,,,,,,,,,,,,,,,,,,,,,,,,,,,,,,,,,,,,,,,,,,,,,,,,,,,,,,,,,,,,,,,,,,,,,,,,,,,,,,,,,,,,,,,,
	TotalOtherFinanceCost,,,,,,,,,,,,,,,,,,,,,,,,,,,"-49,000","-41,000","-302,000","271,000","82,000","-69,000","-54,000","-322,000","-121,000","205,000","-31,000","93,000","-13,000","62,000",,,,,,,,,,,,,,,,,,,,,,,,,,,,,,,,,,,,,,,,,,,,,,,,,,,,,,,,,,,,,,,,,,,,,,,,,,,,,,,,,,,,,,,,,,,,,,,,,,,,,,,,,,,,
OtherIncomeExpense,"-4,509,000","-2,350,000","-9,000","-1,207,000","-943,000","-3,371,000","-2,230,000","-18,000","-2,546,000","-7,663,000","-2,357,000","-1,881,000","-2,329,000","-757,000","-227,000","237,000","374,000","-4,153,000","-171,000","15,000","-22,000","-2,509,000","-235,000","-756,000","-3,840,000","-32,257,000","-43,000","-54,000","-50,000","-45,000",,"-26,000","9,000","35,000","-5,855,000","-155,000","-254,000","-17,364,000","-122,000","220,000","-213,000","261,000","-218,000","-144,000","-38,000","2,000",,"65,000","-6,000","74,000","136,000",,"58,000",,,,,"0","953,000",,,,,,,,,,,"323,000","263,000","170,000","120,000","102,000","95,000","89,000","100,000","98,000","109,000","123,000","104,000","100,000","147,000","190,000","206,000","274,000","261,000","251,000","246,000","259,000","200,000","200,000","200,000","100,000","100,000",,"200,000","-5,300,000","300,000","200,000","-4,400,000","300,000","300,000","300,000","-7,900,000","100,000","100,000","100,000","100,000","200,000","100,000",,,"0","200,000","100,000","100,000","100,000",,,"100,000",,,,,"100,000","100,000","100,000","100,000",,,,,,,,,,,,,,,,,,,
	SpecialIncomeCharges,"-4,445,000","-2,329,000","0","-1,195,000","-921,000","-3,324,000","-2,215,000","0","-2,562,000","-8,295,000","-2,494,000","-2,091,000","-2,196,000","-640,000","0",,,"-4,238,000","-130,000","0","0","-2,393,000","-231,000","-701,000","-3,753,000","-32,238,000",,,,"0","0",,,"0","-5,873,000","0",,"-17,400,000",,"220,000","-213,000","261,000","-218,000","-144,000","-38,000","2,000","0","65,000","-6,000","74,000","136,000","0","58,000",,,,,"0","953,000",,,,,,,,,,,"323,000","263,000","170,000","120,000","102,000","95,000","89,000","100,000","98,000","109,000","123,000","104,000","100,000","147,000","190,000","206,000","274,000","261,000","251,000","246,000","259,000","200,000","200,000","200,000","100,000","100,000",,"200,000","-5,300,000","300,000","200,000","-4,400,000","300,000","300,000","300,000","-7,900,000","100,000","100,000","100,000","100,000","200,000","100,000",,,"0","200,000","100,000","100,000","100,000",,,"100,000",,,,,"100,000","100,000","100,000","100,000",,,,,,,,,,,,,,,,,,,
		RestructuringAndMergernAcquisition,"539,000","0","0","0","539,000","0","0","0","2,562,000","77,000","546,000","175,000","1,707,000","640,000","0",,,"481,000","130,000","0","0","2,393,000","231,000","701,000","3,753,000",,,,,,,,,,,,,,,,,,,,,,,,,,,,,,,,,,,,,,,,,,,,,,,,,,,,,,,,,,,,,,,,,,,,,,,,,,,,,,,,,,,,,,,,,,,,,,,,,,,,,,,,,,,,,,,,,,,,,,,,,,,
		ImpairmentOfCapitalAssets,"3,906,000","2,329,000","0","1,195,000","382,000","3,324,000","2,215,000","0","0","8,218,000","1,948,000","1,916,000","489,000","0",,,,"3,757,000",,,,,,,,"32,238,000",,,,"0","0",,,"0","5,873,000","0",,"17,400,000",,,,,,,,,,,,,,,,,,,,,,,,,,,,,,,,,,,,,,,,,,,,,,,,,,,,,,,,,,,,,,,,,,,,,,,,,,,,,,,,,,,,,,,,,,,,,,,,,,,,,,,,,,,,,,
		WriteOff,,,,,,,,,,,"1,948,000","1,916,000","489,000","0",,,,"3,757,000",,,,,,,,"32,238,000",,,,,,,,,,,,,,,,,,,,,,,,,,,,,,,,,,,,,,,,,,,,,,,,,,,,,,,,,,,,,,,,,,,,,,,,,,,,,,,,,,,,,,,,,,,,,,,,,,,,,,,,,,,,,,,,,,,,,,,,,,
	OtherNonOperatingIncomeExpenses,"-64,000","-21,000","-9,000","-12,000","-22,000","-47,000","-15,000","-18,000","16,000","632,000","137,000","210,000","-133,000","-117,000","-227,000","237,000","374,000","85,000","-41,000","15,000","-22,000","-116,000","-4,000","-55,000","-87,000","-19,000","-43,000","-54,000","-50,000","-45,000",,"-26,000","9,000","35,000","18,000","-155,000","-254,000","36,000","-122,000",,,,,,,,,,,,,,,,,,,,,,,,,,,,,,,,,,,,,,,,,,,,,,,,,,,,,,,,,,,,,,,,,,,,,,,,,,,,,,,,,,,,,,,,,,,,,,,,,,,,,,,,,,,,,
PretaxIncome,"5,196,000","2,273,000","7,728,000","-8,212,000","3,407,000","-969,000","295,000","9,157,000","792,000","-6,207,000","3,012,000","6,590,000","864,000","5,928,000","5,280,000","14,990,000","3,090,000","-20,011,000","3,028,000","10,523,000","6,050,000","5,833,000","12,828,000","5,912,000","-964,000","-23,892,000","8,443,000","12,483,000","9,286,000","12,416,000","8,128,000","7,302,000","7,818,000","7,278,000","-19,193,000","15,586,000","19,330,000","-2,192,000","23,275,000","24,502,000","23,329,000","23,594,000","32,352,000","31,498,000","28,863,000","28,482,000","25,836,000","21,017,000","19,081,000","20,161,000","20,927,000","18,672,000","16,458,000","18,371,000","20,482,000","16,474,000","18,000,000","17,629,000","17,448,000","15,140,000","12,786,000","14,018,000","13,540,000","13,860,000","12,766,000","12,468,000","7,719,000","9,494,000","8,245,000","6,978,000","6,709,000","6,218,000","5,584,000","5,126,000","4,241,000","3,969,000","3,690,000","2,717,000","2,891,000","2,802,000","2,683,000","2,410,000","2,216,000","1,846,000","2,029,000","1,906,000","1,674,000","1,333,000","1,106,000","866,000","900,000","1,300,000","1,200,000","1,300,000","700,000","300,000","-900,000","-4,000,000","400,000","600,000","-4,200,000","500,000",,"400,000","-7,400,000","1,000,000","1,000,000","900,000","900,000","800,000","200,000","300,000",,"300,000","800,000",,,"400,000","200,000",,"200,000",,,,,,"-200,000",,"200,000",,,,,,,,,,,,,,,,,,,
TaxProvision,"3,578,000","1,925,000","2,535,000","-1,441,000","559,000","-389,000","-169,000","-1,298,000","1,616,000","-1,965,000","-1,403,000","509,000","-380,000","2,000,000","456,000","1,896,000","442,000","-8,964,000","1,487,000","2,493,000","2,154,000","1,418,000","2,342,000","1,925,000","-317,000","-7,570,000","1,141,000","4,168,000","2,924,000","1,673,000","1,452,000","2,552,000","2,655,000","2,077,000","-6,606,000","5,465,000","6,385,000","1,898,000","7,649,000","8,811,000","7,832,000","8,521,000","11,247,000","11,002,000","9,880,000","9,929,000","8,305,000","7,587,000","6,989,000","7,100,000","7,775,000","6,852,000","6,112,000","7,015,000","7,332,000","5,975,000","6,886,000","6,377,000","6,234,000","5,468,000","4,846,000","5,513,000","4,819,000","5,523,000","5,097,000","4,830,000","2,904,000","3,700,000","3,170,000","2,187,000","2,488,000","2,503,000","2,202,000","2,022,000","1,630,000","1,561,000","1,413,000","954,000","956,000","1,092,000","1,057,000","917,000","833,000","714,000","771,000","732,000","708,000","589,000","481,000","362,000","400,000","600,000","500,000","500,000","300,000","200,000","-300,000","-1,600,000","200,000","300,000","-1,500,000","300,000",,"200,000","400,000","400,000","400,000","400,000","400,000","300,000","100,000","100,000",,"100,000","200,000",,,"200,000","100,000",,"100,000",,,,,,"-100,000",,"100,000",,,,,,,,,,,,,,,,,,,
NetIncomeCommonStockholders,"1,618,000","348,000","5,193,000","-6,771,000","2,848,000","-580,000","464,000","10,455,000","-824,000","-4,242,000","4,415,000","6,081,000","1,244,000","3,928,000","4,824,000","13,094,000","2,648,000","-11,047,000","1,541,000","8,030,000","3,896,000","4,415,000","10,486,000","3,987,000","-647,000","-16,322,000","7,302,000","8,315,000","6,362,000","10,743,000","6,676,000","4,750,000","5,163,000","5,201,000","-12,587,000","10,121,000","12,945,000","-4,090,000","15,626,000","15,691,000","15,497,000","15,073,000","21,105,000","20,496,000","18,983,000","18,553,000","17,531,000","13,430,000","12,092,000","13,061,000","13,152,000","11,820,000","10,346,000","11,356,000","13,150,000","10,499,000","11,114,000","11,252,000","11,214,000","9,672,000","7,940,000","8,505,000","8,721,000","8,337,000","7,669,000","7,638,000","4,815,000","5,794,000","5,075,000","4,791,000","4,221,000","3,715,000","3,382,000","3,104,000","2,611,000","2,408,000","2,277,000","1,763,000","1,935,000","1,710,000","1,626,000","1,493,000","1,383,000","1,132,000","1,258,000","1,174,000","966,000","744,000","625,000","504,000","500,000","700,000","700,000","800,000","400,000","100,000","-600,000","-2,400,000","200,000","300,000","-2,700,000","200,000","-100,000","200,000","-7,800,000","600,000","600,000","500,000","500,000","500,000","100,000","200,000","200,000","200,000","600,000","100,000","100,000","400,000","100,000",,"100,000",,,,,,"-100,000",,"100,000",,,,,,,,,,,,,,,,,,,
	NetIncome,"1,618,000","348,000","5,193,000","-6,771,000","2,848,000","-580,000","464,000","10,455,000","-824,000","-4,242,000","4,415,000","6,081,000","1,244,000","3,928,000","4,824,000","13,094,000","2,648,000","-11,047,000","1,541,000","8,030,000","3,896,000","4,415,000","10,486,000","3,987,000","-647,000","-16,322,000","7,302,000","8,315,000","6,362,000","10,743,000","6,676,000","4,750,000","5,163,000","5,201,000","-12,587,000","10,121,000","12,945,000","-4,090,000","15,626,000","15,691,000","15,497,000","15,073,000","21,105,000","20,496,000","18,983,000","18,553,000","17,531,000","13,430,000","12,092,000","13,061,000","13,152,000","11,820,000","10,346,000","11,356,000","13,150,000","10,499,000","11,114,000","11,252,000","11,214,000","9,672,000","7,940,000","8,505,000","8,721,000","8,337,000","7,669,000","7,638,000","4,815,000","5,794,000","5,075,000","4,791,000","4,221,000","3,715,000","3,382,000","3,104,000","2,611,000","2,408,000","2,277,000","1,763,000","1,935,000","1,710,000","1,626,000","1,493,000","1,383,000","1,132,000","1,258,000","1,174,000","966,000","744,000","625,000","504,000","500,000","700,000","700,000","800,000","400,000","100,000","-600,000","-2,400,000","200,000","300,000","-2,700,000","200,000","-100,000","200,000","-7,800,000","600,000","600,000","500,000","500,000","500,000","100,000","200,000","200,000","200,000","600,000","100,000","100,000","400,000","100,000",,"100,000",,,,,,"-100,000",,"100,000",,,,,,,,,,,,,,,,,,,
		NetIncomeIncludingNoncontrollingInterests,"1,618,000","348,000","5,193,000","-6,771,000","2,848,000","-580,000","464,000","10,455,000","-824,000","-4,242,000","4,415,000","6,081,000","1,244,000","3,928,000","4,824,000","13,094,000","2,648,000","-11,047,000","1,541,000","8,030,000","3,896,000","4,415,000","10,486,000","3,987,000","-647,000","-16,322,000","7,302,000","8,315,000","6,362,000","10,743,000","6,676,000","4,750,000","5,163,000","5,201,000","-12,587,000","10,121,000","12,945,000","-4,090,000","15,626,000","15,691,000","15,497,000","15,073,000","21,105,000","20,496,000","18,983,000","18,553,000","17,531,000","13,430,000","12,092,000","13,061,000","13,152,000","11,820,000","10,346,000","11,356,000","13,150,000","10,499,000","11,114,000","11,252,000","11,214,000","9,672,000","7,940,000","8,505,000","8,721,000","8,337,000","7,669,000","7,638,000","4,815,000","5,794,000","5,075,000","4,791,000","4,221,000","3,715,000","3,382,000","3,104,000","2,611,000","2,408,000","2,277,000","1,763,000","1,935,000","1,710,000","1,626,000","1,493,000","1,383,000","1,132,000","1,258,000","1,174,000","966,000","744,000","625,000","504,000","500,000","700,000","700,000","800,000","400,000","100,000","-600,000","-2,400,000","200,000","300,000","-2,700,000","200,000","-100,000","200,000","-7,800,000","600,000","600,000","500,000","500,000","500,000","100,000","200,000","200,000","200,000","600,000","100,000","100,000","400,000","100,000",,"100,000","400,000","-200,000","-500,000","100,000",,"-100,000",,"100,000","-600,000","-300,000",,"100,000","-500,000",,,,"-100,000","-400,000","100,000","200,000","0","100,000","300,000","100,000","100,000","100,000","100,000"
			NetIncomeContinuousOperations,"1,618,000","348,000","5,193,000","-6,771,000","2,848,000","-580,000","464,000","10,455,000","-824,000","-4,242,000","4,415,000","6,081,000","1,244,000","3,928,000","4,824,000","13,094,000","2,648,000","-11,047,000","1,541,000","8,030,000","3,896,000","4,415,000","10,486,000","3,987,000","-647,000","-16,322,000","7,302,000","8,315,000","6,362,000","10,743,000","6,676,000","4,750,000","5,163,000","5,201,000","-12,587,000","10,121,000","12,945,000","-4,090,000","15,626,000","15,691,000","15,497,000","15,073,000","21,105,000","20,496,000","18,983,000","18,553,000","17,531,000","13,430,000","12,092,000","13,061,000","13,152,000","11,820,000","10,346,000","11,356,000","13,150,000","10,499,000","11,114,000","11,252,000","11,214,000","9,672,000","7,940,000","8,505,000","8,721,000","8,337,000","7,669,000","7,638,000","4,815,000","5,794,000","5,075,000","4,791,000","4,221,000","3,715,000","3,382,000","3,104,000","2,611,000","2,408,000","2,277,000","1,763,000","1,935,000","1,710,000","1,626,000","1,493,000","1,383,000","1,132,000","1,258,000","1,174,000","966,000","744,000","625,000","504,000","500,000","700,000","700,000","800,000","400,000","100,000","-600,000","-2,400,000","200,000","300,000","-2,700,000","200,000","-100,000","200,000","-7,800,000","600,000","600,000","500,000","500,000","500,000","100,000","200,000","200,000","200,000","600,000","100,000","100,000","200,000","100,000",,"100,000","400,000","-200,000","-500,000","100,000",,"-100,000",,"100,000","-600,000","-300,000",,"100,000","-500,000",,,,"-100,000","-400,000","100,000","200,000","0","100,000","300,000","100,000","100,000","100,000","100,000"
DilutedNIAvailtoComStockholders,"1,618,000","348,000","5,193,000","-6,771,000","2,848,000","-580,000","464,000","10,455,000","-824,000","-4,242,000","4,415,000","6,081,000","1,244,000","3,928,000","4,824,000","13,094,000","2,648,000","-11,047,000","1,541,000","8,030,000","3,896,000","4,415,000","10,486,000","3,987,000","-647,000","-16,322,000","7,302,000","8,315,000","6,362,000","10,743,000","6,676,000","4,750,000","5,163,000","5,201,000","-12,587,000","10,121,000","12,945,000","-4,090,000","15,626,000","15,691,000","15,497,000","15,073,000","21,105,000","20,496,000","18,983,000","18,553,000","17,531,000","13,430,000","12,092,000","13,061,000","13,152,000","11,820,000","10,346,000","11,356,000","13,150,000","10,499,000","11,114,000","11,252,000","11,214,000","9,672,000","7,940,000","8,505,000","8,721,000","8,337,000","7,669,000","7,638,000","4,815,000","5,794,000","5,075,000","4,791,000","4,221,000","3,715,000","3,382,000","3,104,000","2,611,000","2,408,000","2,277,000","1,763,000","1,935,000","1,710,000","1,626,000","1,493,000","1,383,000","1,132,000","1,258,000","1,174,000","966,000","744,000","625,000","504,000","500,000","700,000","700,000","800,000","400,000","100,000","-600,000","-2,400,000","200,000","300,000","-2,700,000","200,000","-100,000","200,000","-7,800,000","600,000","600,000","500,000","500,000","500,000","100,000","200,000","200,000","200,000","600,000","100,000","100,000","400,000","100,000",,"100,000",,,,,,"-100,000",,"100,000",,,,,,,,,,,,,,,,,,,
BasicEPS,,"0.01","0.08","-0.1","0.04","-0.01","0.01","0.16","-0.01","-0.06","0.07","0.09","0.02","0.06","0.07","0.2","0.04","-0.17","0.02","0.13","0.06",,"0.17","0.06","-0.01","-0.27","0.12","0.14","0.11","0.18","0.11","0.08","0.09","0.09","-0.21","0.17","0.22","-0.07","0.26","0.26","0.26",,"0.36","0.35","0.325",,"0.3","0.23","0.21",,"0.23","0.205","0.18",,"0.23","0.19","0.2",,"0.205","0.175","0.145",,"0.16","0.155","0.145",,"0.09","0.11","0.098",,"0.081","0.073","0.066",,"0.053","0.049","0.046",,"0.04","0.035","0.034",,"0.029","0.024","0.026",,"0.02","0.015","0.013",,"0.01","0.015","0.015",,"0.008","0.001","-0.013",,"0.005","0.008","-0.058",,"-0.001","0.004","-0.168",,"0.016","0.015","0.014",,"0.004","0.005","0.005",,"0.016","0.003","0.003",,"0.003","0.001","0.003",,"-0.006","-0.015","0.004",,"-0.003","-0.001","0.004",,"-0.009","-0.001","0.004",,"0.001","0.001","0.001",,"-0.011","0.003","0.008",,"0.004","0.009","0.001",,"0.004","0.001"
DilutedEPS,,"0.01","0.08","-0.1","0.04","-0.01","0.01","0.16","-0.01","-0.06","0.07","0.09","0.02","0.06","0.07","0.2","0.04","-0.17","0.02","0.13","0.06",,"0.17","0.06","-0.01","-0.27","0.12","0.14","0.1","0.18","0.11","0.08","0.08","0.09","-0.21","0.17","0.22","-0.07","0.26","0.26","0.26",,"0.36","0.35","0.325",,"0.3","0.23","0.21",,"0.23","0.205","0.18",,"0.23","0.185","0.2",,"0.2","0.175","0.145",,"0.16","0.15","0.14",,"0.088","0.108","0.095",,"0.08","0.07","0.064",,"0.05","0.046","0.044",,"0.038","0.034","0.033",,"0.028","0.023","0.025",,"0.02","0.015","0.013",,"0.01","0.015","0.015",,"0.008","0.001","-0.013",,"0.005","0.008","-0.058",,"-0.001","0.004","-0.168",,"0.016","0.015","0.014",,"0.004","0.005","0.005",,"0.016","0.003","0.003",,"0.003","0.001","0.003",,"-0.006","-0.015","0.004",,"-0.003","-0.001","0.004",,"-0.009","-0.001","0.004",,"0.001","0.001","0.001",,"-0.011","0.003","0.008",,"0.004","0.009","0.001",,"0.004","0.001"
BasicAverageShares,,"66,929,000","67,958,000","67,406,000","67,175,000","67,029,000","66,943,000","66,688,000","66,296,000","65,988,000","65,493,000","65,401,000","65,015,000","64,749,000","64,637,000","64,265,000","64,019,000","63,888,000","63,706,000","63,513,000","62,636,000",,"62,093,000","61,658,000","61,179,000","60,899,000","60,867,000","60,461,000","60,312,000","60,288,000","60,272,000","60,247,000","60,230,000","60,208,000","60,173,000","59,734,000","59,559,000","59,541,000","59,400,000","59,347,000","59,281,000",,"58,847,000","58,664,000","58,362,000",,"57,956,000","57,870,000","57,792,000",,"57,334,000","57,194,000","56,984,000",,"56,680,000","55,860,000","54,930,000",,"54,724,000","54,574,000","54,268,000",,"53,932,000","53,604,000","53,428,000",,"52,980,000","52,596,000","52,448,000",,"51,950,769","51,241,379","50,664,000",,"49,733,333","49,394,872","49,256,000",,"48,375,000","48,857,143","48,848,000",,"48,104,348","47,663,158","47,923,810",,"48,300,000","49,600,000","49,704,000",,"50,000,000","46,666,667","46,666,667",,"53,333,333","48,000,000","48,000,000",,"40,000,000","40,000,000","46,956,522",,"46,412,214","53,333,333","46,567,164",,"36,923,077","33,333,333","36,363,636",,"26,666,667","40,000,000","40,000,000",,"36,923,077","40,000,000","40,000,000",,"40,000,000","40,000,000","40,000,000",,"33,472,000","33,472,000","33,472,000",,"40,000,000","26,666,667","26,666,667",,"34,328,000","34,328,000","34,328,000",,"34,328,000","34,328,000","34,328,000",,"34,328,000","34,328,000","34,328,000",,"35,184,000","35,184,000","35,184,000",,"35,360,000","35,360,000"
DilutedAverageShares,,"67,547,000","68,167,000","67,406,000","67,799,000","67,919,000","67,140,000","66,689,000","66,296,000","65,988,000","65,664,000","65,560,000","65,353,000","64,917,000","64,776,000","64,857,000","64,054,000","63,888,000","63,708,000","63,530,000","62,643,000",,"62,093,000","62,052,000","61,179,000","60,899,000","61,279,000","61,194,000","61,064,000","60,956,000","60,855,000","60,788,000","60,770,000","60,592,000","60,173,000","59,751,000","59,572,000","59,541,000","59,405,000","59,386,000","59,388,000",,"59,128,000","59,005,000","58,800,000",,"58,280,000","58,156,000","58,114,000",,"57,666,000","57,484,000","57,270,000",,"56,946,000","56,422,000","55,542,000",,"55,392,000","55,436,000","55,314,000",,"55,014,000","54,760,000","54,464,000",,"54,744,000","54,256,000","53,900,000",,"52,762,500","53,071,429","52,616,000",,"52,220,000","52,064,865","51,728,000",,"51,600,000","50,666,667","50,656,000",,"50,290,909","50,311,111","50,320,000",,"48,300,000","49,704,000","49,704,000",,"50,000,000","46,666,667","46,666,667",,"53,333,333","48,000,000","48,000,000",,"40,000,000","40,000,000","46,956,522",,"46,412,214","53,333,333","46,567,164",,"36,923,077","33,333,333","36,363,636",,"26,666,667","40,000,000","40,000,000",,"36,923,077","40,000,000","40,000,000",,"40,000,000","40,000,000","40,000,000",,"33,472,000","33,472,000","33,472,000",,"40,000,000","26,666,667","26,666,667",,"34,328,000","34,328,000","34,328,000",,"34,328,000","34,328,000","34,328,000",,"34,328,000","34,328,000","34,328,000",,"35,184,000","35,184,000","35,184,000",,"35,360,000","35,360,000"
TotalOperatingIncomeAsReported,"6,658,000","2,813,000","8,008,000","-7,897,000","3,734,000","-290,000","932,000","10,298,000","1,877,000","-6,289,000","3,280,000","6,731,000","1,390,000","6,537,000","6,183,000","15,482,000","3,417,000","-19,042,000","3,787,000","11,336,000","6,740,000","6,655,000","13,461,000","6,769,000","128,000","-22,605,000","8,437,000","12,496,000","9,034,000","12,732,000","8,210,000","7,259,000","7,755,000","6,921,000","-19,332,000","15,946,000","19,553,000","-2,135,000","23,384,000","24,344,000","23,507,000","23,298,000","32,515,000","31,567,000","28,819,000","28,461,000","25,781,000","20,823,000","19,027,000","20,041,000","20,748,000","18,613,000","16,322,000","18,489,000","20,154,000","16,134,000","17,626,000","17,062,000","15,785,000","14,495,000","12,047,000","13,133,000","12,605,000","13,041,000","12,099,000","11,755,000","7,125,000","9,034,000","7,904,000","13,721,000","6,446,000","6,048,000","5,464,000","5,024,000","4,146,000","3,880,000","3,590,000","2,619,000","2,782,000","2,679,000","2,579,000","2,310,000","2,069,000","1,656,000","1,823,000","1,632,000","1,413,000","1,080,000","860,000","607,000","600,000","1,100,000","1,100,000","1,000,000","600,000","200,000","-1,000,000","1,200,000","200,000","500,000","300,000","200,000","-300,000",,"600,000","800,000","800,000","800,000","800,000","500,000","100,000","100,000","300,000","300,000","600,000",,,"500,000","100,000",,"100,000",,,,,"-500,000","-200,000","-100,000",,,,,,,,,,,,,,,,,,,,
TotalExpenses,"585,247,000","146,117,000","141,713,000","155,988,000","141,429,000","141,154,000","138,605,000","129,704,000","126,440,000","134,376,000","131,966,000","125,434,000","128,275,000","127,608,000","124,684,000","114,839,000","129,783,000","150,579,000","127,798,000","121,271,000","124,182,000","123,337,000","114,176,000","119,696,000","118,324,000","118,279,000","108,595,000","112,873,000","113,130,000","115,656,000","115,214,000","113,260,000","110,139,000","108,282,000","122,313,000","95,135,000","89,976,000","96,030,000","91,126,000","91,784,000","94,789,000","85,696,000","80,250,000","76,067,000","71,623,000","68,647,000","66,090,000","60,634,000","63,900,000","58,472,000","54,214,000","53,085,000","50,316,000","47,342,000","45,325,000","42,847,000","37,598,000","34,170,000","32,305,000","30,651,000","29,985,000","32,003,000","25,891,000","24,418,000","23,975,000","23,810,000","19,627,000","20,508,000","19,524,000","11,805,000","15,642,000","15,169,000","14,666,000","13,763,000","14,053,000","13,762,000","12,716,000","12,449,000","11,618,000","10,315,000","9,728,000","9,663,000","8,974,000","8,841,000","9,086,000","9,046,000","8,920,000","8,583,000","8,402,000","8,166,000","8,200,000","8,600,000","8,000,000","8,800,000","8,200,000","7,700,000","8,200,000","7,800,000","7,300,000","7,000,000","6,900,000","5,900,000","5,000,000","4,600,000","4,200,000","3,600,000","3,500,000","3,400,000","3,000,000","2,900,000","2,700,000","2,700,000","2,800,000","2,800,000","3,100,000","2,500,000","2,600,000","2,700,000","2,700,000","2,700,000","2,800,000",,,,,"3,400,000","3,400,000","3,400,000","3,600,000",,,,,,,,,,,,,,,,,,,
NetIncomeFromContinuingAndDiscontinuedOperation,"1,618,000","348,000","5,193,000","-6,771,000","2,848,000","-580,000","464,000","10,455,000","-824,000","-4,242,000","4,415,000","6,081,000","1,244,000","3,928,000","4,824,000","13,094,000","2,648,000","-11,047,000","1,541,000","8,030,000","3,896,000","4,415,000","10,486,000","3,987,000","-647,000","-16,322,000","7,302,000","8,315,000","6,362,000","10,743,000","6,676,000","4,750,000","5,163,000","5,201,000","-12,587,000","10,121,000","12,945,000","-4,090,000","15,626,000","15,691,000","15,497,000","15,073,000","21,105,000","20,496,000","18,983,000","18,553,000","17,531,000","13,430,000","12,092,000","13,061,000","13,152,000","11,820,000","10,346,000","11,356,000","13,150,000","10,499,000","11,114,000","11,252,000","11,214,000","9,672,000","7,940,000","8,505,000","8,721,000","8,337,000","7,669,000","7,638,000","4,815,000","5,794,000","5,075,000","4,791,000","4,221,000","3,715,000","3,382,000","3,104,000","2,611,000","2,408,000","2,277,000","1,763,000","1,935,000","1,710,000","1,626,000","1,493,000","1,383,000","1,132,000","1,258,000","1,174,000","966,000","744,000","625,000","504,000","500,000","700,000","700,000","800,000","400,000","100,000","-600,000","-2,400,000","200,000","300,000","-2,700,000","200,000","-100,000","200,000","-7,800,000","600,000","600,000","500,000","500,000","500,000","100,000","200,000","200,000","200,000","600,000","100,000","100,000","200,000","100,000",,"100,000",,,,,,"-100,000",,"100,000",,,,,,,,,,,,,,,,,,,
NormalizedIncome,"4,285,000","1,745,400","5,193,000","-5,785,125","3,617,956","1,414,400","2,080,950","10,455,000","1,046,260","1,426,985.017","6,235,620","8,010,993","2,847,080","4,352,075.574","4,824,000","13,094,000","2,648,000","-7,953,260","1,619,000","8,030,000","3,896,000","6,226,262.644","10,674,727","4,459,474","1,871,263","-16,322,000","7,302,000","8,315,000","6,362,000","10,743,000","6,676,000","4,750,000","5,163,000","5,201,000","-8,734,312","10,121,000","12,945,000","-4,090,000","15,626,000","15,550,112.725","15,638,491.748","14,906,260.448","21,247,213.464","20,589,701.949","19,007,992.343","18,551,697.212","17,531,000","13,388,464.576","12,095,802.316","13,013,060.215","13,066,528.026","11,820,000","10,309,539.434","11,356,000","13,150,000","10,499,000","11,114,000","11,252,000","10,601,497.593","9,672,000","7,940,000","8,505,000","8,721,000","8,337,000","7,669,000","7,638,000","4,815,000","5,794,000","5,075,000","4,569,232.588","4,055,532.27","3,613,000","3,309,320.917","3,042,234.881","2,552,512.615","2,354,003.527","2,215,292.683","1,699,410.011","1,862,044.275","1,634,935.76","1,562,972.046","1,431,049.793","1,291,257.671","1,015,488.624","1,130,277.969","1,005,229.801","809,400","593,400","477,400","348,600","380,000","580,000","580,000","738,461.538","340,000","100,000","-733,333.333","780,000","20,000","180,000","128,571.429","20,000","-280,000","20,000","-3,060,000","540,000","540,000","440,000","440,000","375,000","40,000","200,000","200,000","200,000","450,000","40,000","40,000","140,000","100,000",,"40,000",,,,,,"-160,000",,"40,000",,,,,,,,,,,,,,,,,,,
InterestIncome,"101,000","22,000","50,000","17,000","12,000","11,000","9,000","12,000","6,000","111,000","30,000","36,000","79,000","103,000","44,000","40,000","29,000","19,000","15,000","12,000","9,000","5,000","0","1,000","8,000","27,000",,,,,,,,,,,,,,,"35,000","35,000","55,000","75,000","82,000","19,000","55,000","129,000","60,000","46,000","43,000","59,000","78,000",,,,,,,,,,,,,,,,,,,,,,,,,,,,,,,,,,,,,,,,,,,,,,,,,,,,,,,,,,,,,,,,,,,,,,,,,,,,,,,,,,,,,,,,,,,,,,,
InterestExpense,"1,499,000","541,000","321,000","320,000","317,000","643,000","631,000","1,135,000","1,107,000","661,000","435,000","387,000","472,000","595,000","720,000","769,000","730,000","1,073,000","733,000","840,000","677,000","711,000","629,000","803,000","1,013,000","1,295,000",,,,,,,,,,,,,,,,,,,,,,,,,,,,,,,,,,,,,,,,,,,,,,,,,,,,,,,,,,,,,,,,,,,,,,,,,,,,,,,,,,,,,,,,,,,,,,,,,,,,,,,,,,,,,,,,,,,,,,,,,,
NetInterestIncome,"-1,398,000","-519,000","-271,000","-303,000","-305,000","-632,000","-622,000","-1,123,000","-1,101,000","-550,000","-405,000","-351,000","-393,000","-492,000","-676,000","-729,000","-701,000","-1,054,000","-718,000","-828,000","-668,000","-706,000","-629,000","-802,000","-1,005,000","-1,268,000","49,000","41,000","302,000","-271,000","-82,000","69,000","54,000","322,000","121,000","-205,000","31,000","-93,000","13,000","-62,000","35,000","35,000","55,000","75,000","82,000","19,000","55,000","129,000","60,000","46,000","43,000","59,000","78,000",,,,,,,,,,,,,,,,,,,,,,,,,,,,,,,,,,,,,,,,,,,,,,,,,,,,,,,,,,,,,,,,,,,,,,,,,,,,,,,,,,,,,,,,,,,,,,,
EBIT,"6,695,000","2,814,000","8,049,000","-7,892,000","3,724,000","-326,000","926,000","10,292,000","1,899,000","-5,546,000","3,447,000","6,977,000","1,336,000","6,523,000","6,000,000","15,759,000","3,820,000","-18,938,000","3,761,000","11,363,000","6,727,000","6,544,000","13,457,000","6,715,000","49,000","-22,343,000","8,437,000","12,496,000","9,034,000","12,732,000","8,210,000","7,259,000","7,755,000","6,921,000","-13,459,000","15,946,000","19,553,000","15,265,000","23,384,000","24,344,000","23,507,000","23,298,000","32,515,000","31,567,000","28,819,000","28,461,000","25,781,000","20,823,000","19,027,000","20,041,000","20,748,000","18,613,000","16,322,000","18,489,000","20,154,000","16,134,000","17,626,000","17,062,000","15,785,000","14,495,000","12,047,000","13,133,000","12,605,000","13,041,000","12,099,000","11,755,000","7,125,000","9,034,000","7,904,000","13,721,000","6,446,000","6,048,000","5,464,000","5,024,000","4,146,000","3,880,000","3,590,000","2,619,000","2,782,000","2,679,000","2,579,000","2,310,000","2,069,000","1,656,000","1,823,000","1,632,000","1,413,000","1,080,000","860,000","607,000","600,000","1,100,000","1,100,000","1,000,000","600,000","200,000","-1,000,000","1,200,000","200,000","500,000","300,000","200,000","-300,000","0","600,000","800,000","800,000","800,000","800,000","500,000","100,000","100,000","300,000","300,000","600,000","0","0","500,000","100,000","0","100,000","-8,700,000","2,700,000","2,300,000","3,300,000","-500,000","-200,000","-100,000","0","-8,800,000","2,300,000","2,200,000","2,600,000","-7,900,000","2,300,000","2,200,000","2,300,000","-7,400,000","2,300,000","2,600,000","2,800,000","-7,200,000","2,200,000","3,200,000","2,100,000","-7,500,000","2,700,000","2,400,000"
EBITDA,"49,010,000"
ReconciledCostOfRevenue,"256,614,000","66,624,000","64,385,000","63,056,000","62,549,000","60,284,000","58,854,000","57,047,000","54,474,000","57,361,000","56,820,000","54,882,000","54,726,000","51,557,000","51,846,000","51,592,000","52,914,000","53,152,000","53,026,000","51,048,000","51,723,000","49,223,000","47,082,000","47,968,000","48,862,000","51,598,000","48,254,000","51,035,000","50,356,000","49,788,000","48,075,000","50,133,000","49,594,000","47,339,000","63,867,000","42,201,000","42,824,000","43,366,000","41,853,000","41,501,000","43,636,000","37,666,000","34,268,000","32,197,000","31,340,000","29,848,000","28,905,000","26,951,000","28,810,000","28,298,000","28,309,000","28,311,000","25,889,000","25,341,000","23,100,000","21,222,000","19,227,000","17,036,000","16,148,000","14,775,000","14,542,000","14,797,000","12,697,000","11,833,000","11,457,000","11,063,000","9,403,000","9,611,000","9,751,000","9,115,000","7,515,000","7,937,000","8,101,000","7,048,000","7,523,000","7,492,000","6,610,000","6,822,000","6,353,000","5,660,000","4,920,000","5,072,000","4,900,000","4,547,000","4,734,000","3,769,000","3,764,000","3,599,000","3,454,000","3,691,000","3,300,000","3,800,000","3,500,000","3,800,000","3,300,000","2,800,000","3,400,000","2,800,000","3,000,000","2,600,000","3,200,000","2,700,000","2,100,000","2,000,000","2,100,000","1,900,000","1,900,000","2,000,000","1,600,000","1,500,000","1,300,000","1,400,000","1,600,000","1,500,000","1,900,000","1,500,000","1,500,000","1,600,000","1,600,000","1,700,000","1,700,000",,,,,"2,100,000","2,000,000","2,100,000","2,300,000",,,,,,,,,,,,,,,,,,,
ReconciledDepreciation,"42,315,000","10,019,000","10,700,000","10,523,000","11,073,000","10,610,000","12,582,000","13,015,000","13,007,000","12,427,000","12,279,000","11,717,000","11,370,000","11,528,000","10,852,000","10,647,000","10,105,000","10,620,000","10,564,000","9,719,000","9,493,000","9,293,000","9,838,000","10,646,000","10,657,000","10,332,000","6,428,000","6,461,000","6,518,000","6,951,000","7,189,000","7,548,000","7,579,000","7,147,000","8,407,000","6,741,000","6,442,000","6,125,000","5,955,000","6,179,000","5,896,000","4,928,000","4,609,000","4,343,000","4,070,000","3,763,000","3,869,000","3,622,000","3,396,000","3,229,000","2,770,000","2,691,000","2,683,000","2,479,000","2,478,000","2,254,000","1,897,000","1,674,000","1,701,000","1,580,000","1,563,000","1,473,000","1,352,000","1,212,000","1,144,000","1,044,000","975,000","915,000","894,000","816,000","750,000","755,000","643,000","537,000","635,000","581,000","573,000","555,000","561,000","538,000","523,000","530,000","517,000","507,000","532,000","660,000","695,000","764,000","578,000","204,000","700,000","700,000","600,000","600,000","700,000","600,000","600,000","600,000","500,000","400,000","400,000","300,000","300,000","300,000","200,000","100,000","200,000","100,000","100,000","100,000","100,000","100,000","100,000","100,000","200,000","0","100,000","200,000","100,000","0","100,000",,,,,"0","200,000","100,000",,,,,,,,,,,,,,,,,,,,
NetIncomeFromContinuingOperationNetMinorityInterest,"1,618,000","348,000","5,193,000","-6,771,000","2,848,000","-580,000","464,000","10,455,000","-824,000","-4,242,000","4,415,000","6,081,000","1,244,000","3,928,000","4,824,000","13,094,000","2,648,000","-11,047,000","1,541,000","8,030,000","3,896,000","4,415,000","10,486,000","3,987,000","-647,000","-16,322,000","7,302,000","8,315,000","6,362,000","10,743,000","6,676,000","4,750,000","5,163,000","5,201,000","-12,587,000","10,121,000","12,945,000","-4,090,000","15,626,000","15,691,000","15,497,000","15,073,000","21,105,000","20,496,000","18,983,000","18,553,000","17,531,000","13,430,000","12,092,000","13,061,000","13,152,000","11,820,000","10,346,000","11,356,000","13,150,000","10,499,000","11,114,000","11,252,000","11,214,000","9,672,000","7,940,000","8,505,000","8,721,000","8,337,000","7,669,000","7,638,000","4,815,000","5,794,000","5,075,000","4,791,000","4,221,000","3,715,000","3,382,000","3,104,000","2,611,000","2,408,000","2,277,000","1,763,000","1,935,000","1,710,000","1,626,000","1,493,000","1,383,000","1,132,000","1,258,000","1,174,000","966,000","744,000","625,000","504,000","500,000","700,000","700,000","800,000","400,000","100,000","-600,000","-2,400,000","200,000","300,000","-2,700,000","200,000","-100,000","200,000","-7,800,000","600,000","600,000","500,000","500,000","500,000","100,000","200,000","200,000","200,000","600,000","100,000","100,000","200,000","100,000",,"100,000",,,,,,"-100,000",,"100,000",,,,,,,,,,,,,,,,,,,
TotalUnusualItemsExcludingGoodwill,"-4,445,000","-2,329,000","0","-1,195,000","-921,000","-3,324,000","-2,215,000","0","-2,562,000","-8,295,000","-2,494,000","-2,091,000","-2,196,000","-640,000","0",,,"-4,238,000","-130,000","0","0","-2,393,000","-231,000","-701,000","-3,753,000","-32,238,000",,,,"0","0",,,"0","-5,873,000","0",,"-17,400,000",,"220,000","-213,000","261,000","-218,000","-144,000","-38,000","2,000","0","65,000","-6,000","74,000","136,000","0","58,000",,,,,"0","953,000",,,,,,,,,,,"323,000","263,000","170,000","120,000","102,000","95,000","89,000","100,000","98,000","109,000","123,000","104,000","100,000","147,000","190,000","206,000","274,000","261,000","251,000","246,000","259,000","200,000","200,000","200,000","100,000","100,000",,"200,000","-5,300,000","300,000","200,000","-4,400,000","300,000","300,000","300,000","-7,900,000","100,000","100,000","100,000","100,000","200,000","100,000",,,"0","200,000","100,000","100,000","100,000",,,"100,000",,,,,,"100,000",,"100,000",,,,,,,,,,,,,,,,,,,
TotalUnusualItems,"-4,445,000","-2,329,000","0","-1,195,000","-921,000","-3,324,000","-2,215,000","0","-2,562,000","-8,295,000","-2,494,000","-2,091,000","-2,196,000","-640,000","0",,,"-4,238,000","-130,000","0","0","-2,393,000","-231,000","-701,000","-3,753,000","-32,238,000",,,,"0","0",,,"0","-5,873,000","0",,"-17,400,000",,"220,000","-213,000","261,000","-218,000","-144,000","-38,000","2,000","0","65,000","-6,000","74,000","136,000","0","58,000",,,,,"0","953,000",,,,,,,,,,,"323,000","263,000","170,000","120,000","102,000","95,000","89,000","100,000","98,000","109,000","123,000","104,000","100,000","147,000","190,000","206,000","274,000","261,000","251,000","246,000","259,000","200,000","200,000","200,000","100,000","100,000",,"200,000","-5,300,000","300,000","200,000","-4,400,000","300,000","300,000","300,000","-7,900,000","100,000","100,000","100,000","100,000","200,000","100,000",,,"0","200,000","100,000","100,000","100,000",,,"100,000",,,,,,"100,000",,"100,000",,,,,,,,,,,,,,,,,,,
NormalizedEBITDA,"53,455,000","15,162,000","18,749,000","3,826,000","15,718,000","13,608,000","15,723,000","23,307,000","17,468,000","15,176,000","18,220,000","20,785,000","14,902,000","18,691,000","16,852,000","26,406,000","13,925,000","-4,080,000","14,455,000","21,082,000","16,220,000","18,230,000","23,526,000","18,062,000","14,459,000","-12,011,000","14,865,000","18,957,000","15,552,000","19,683,000","15,399,000","14,807,000","15,334,000","14,068,000","821,000","22,687,000","25,995,000","21,390,000","29,339,000","30,303,000","29,616,000","27,965,000","37,342,000","36,054,000","32,927,000","32,222,000","29,650,000","24,380,000","22,429,000","23,196,000","23,382,000","21,304,000","18,947,000","20,968,000","22,632,000","18,388,000","19,523,000","18,736,000","16,533,000","16,075,000","13,610,000","14,606,000","13,957,000","14,253,000","13,243,000","12,799,000","8,100,000","9,949,000","8,798,000","14,214,000","6,933,000","6,633,000","5,987,000","5,459,000","4,686,000","4,372,000","4,063,000","3,076,000","3,234,000","3,094,000","2,998,000","2,740,000","2,439,000","1,973,000","2,149,000","2,018,000","1,847,000","1,593,000","1,192,000","552,000","1,100,000","1,600,000","1,500,000","1,500,000","1,200,000","800,000","-600,000","7,100,000","400,000","700,000","5,100,000","200,000","-300,000","0","8,700,000","800,000","900,000","800,000","800,000","400,000","100,000","200,000","400,000","400,000","600,000","0","0","600,000","200,000","100,000","100,000","-8,700,000","2,700,000","2,300,000","3,300,000","-500,000","-100,000","0","-100,000","-8,800,000","2,300,000","2,200,000","2,600,000","-7,900,000","2,300,000","2,200,000","2,300,000","-7,400,000","2,300,000","2,600,000","2,800,000","-7,200,000","2,200,000","3,200,000","2,100,000","-7,500,000","2,700,000","2,400,000"
TaxRateForCalcs,"0.4","0.4","0.328","0.175","0.164","0.4","0.27","0.27","0.27","0.317","0.27","0.077","0.27","0.337","0.086","0.126","0.143","0.27","0.4","0.237","0.356","0.243","0.183","0.326","0.329","0.317","0.135","0.334","0.315","0.135","0.179","0.349","0.34","0.285","0.344","0.351","0.33","0.35","0.329","0.36","0.336","0.361","0.348","0.349","0.342","0.349","0.321","0.361","0.366","0.352","0.372","0.367","0.371","0.382","0.358","0.363","0.383","0.362","0.357","0.361","0.379","0.393","0.356","0.398","0.399","0.387","0.376","0.39","0.384","0.313","0.371","0.4","0.394","0.394","0.384","0.393","0.383","0.351","0.331","0.39","0.394","0.38","0.376","0.387","0.38","0.384","0.4","0.4","0.4","0.4","0.4","0.4","0.4","0.385","0.4","0.4","0.333","0.4","0.4","0.4","0.357","0.4","0.4","0.4","0.4","0.4","0.4","0.4","0.4","0.375","0.4","0.333","0.4","0.333","0.25","0.4","0.4","0.4","0.4",,"0.4",,,,,,"0.4",,"0.4",,,,,,,,,,,,,,,,,,,
TaxEffectOfUnusualItems,"-1,778,000","-931,600","0","-209,125","-151,044","-1,329,600","-598,050","0","-691,740","-2,626,014.983","-673,380","-161,007","-592,920","-215,924.426","0","0","0","-1,144,260","-52,000","0","0","-581,737.356","-42,273","-228,526","-1,234,737","0","0","0","0","0","0","0","0","0","-2,020,312","0","0","0","0","79,112.725","-71,508.252","94,260.448","-75,786.536","-50,298.051","-13,007.657","697.212","0","23,464.576","-2,197.684","26,060.215","50,528.026","0","21,539.434","0","0","0","0","0","340,497.593","0","0","0","0","0","0","0","0","0","0","101,232.588","97,532.27","68,000","47,320.917","40,234.881","36,512.615","35,003.527","38,292.683","34,410.011","36,044.275","47,935.76","40,972.046","38,049.793","55,257.671","73,488.624","78,277.969","105,229.801","104,400","100,400","98,400","103,600","80,000","80,000","80,000","38,461.538","40,000","0","66,666.667","-2,120,000","120,000","80,000","-1,571,428.571","120,000","120,000","120,000","-3,160,000","40,000","40,000","40,000","40,000","75,000","40,000","0","0","0","50,000","40,000","40,000","40,000","0",,"40,000",,,,,,"40,000",,"40,000",,,,,,,,,,,,,,,,,,,