name,ttm,03/31/2022,12/31/2021,09/30/2021,06/30/2021,03/31/2021,12/31/2020,09/30/2020,06/30/2020,03/31/2020,12/31/2019,09/30/2019,06/30/2019,03/31/2019,12/31/2018,09/30/2018,06/30/2018,03/31/2018,12/31/2017,09/30/2017,06/30/2017,03/31/2017,12/31/2016,09/30/2016,06/30/2016,03/31/2016,12/31/2015,09/30/2015,06/30/2015,03/31/2015,12/31/2014,09/30/2014,06/30/2014,03/31/2014,12/31/2013,09/30/2013,06/30/2013,03/31/2013,12/31/2012,09/30/2012,06/30/2012,03/31/2012,12/31/2011,09/30/2011,06/30/2011,03/31/2011,12/31/2010,09/30/2010,06/30/2010,03/31/2010,12/31/2009,09/30/2009,06/30/2009,03/31/2009,12/31/2008,09/30/2008,06/30/2008,03/31/2008,12/31/2007,09/30/2007,06/30/2007,03/31/2007,12/31/2006,09/30/2006,06/30/2006,03/31/2006,12/31/2005,09/30/2005,06/30/2005,03/31/2005,12/31/2004,09/30/2004,06/30/2004,03/31/2004,12/31/2003,09/30/2003,06/30/2003,03/31/2003,12/31/2002,09/30/2002,06/30/2002,03/31/2002,12/31/2001,09/30/2001,06/30/2001,03/31/2001,12/31/2000,09/30/2000,06/30/2000,03/31/2000,12/31/1999,09/30/1999,06/30/1999,03/31/1999,12/31/1998,09/30/1998,06/30/1998,03/31/1998,12/31/1997,09/30/1997,06/30/1997,03/31/1997,12/31/1996,09/30/1996,06/30/1996,03/31/1996,12/31/1995,09/30/1995,06/30/1995,03/31/1995,12/31/1994,09/30/1994,06/30/1994,03/31/1994,12/31/1993,09/30/1993,06/30/1993,03/31/1993,12/31/1992,09/30/1992,06/30/1992,03/31/1992,12/31/1991,09/30/1991,06/30/1991,03/31/1991,12/31/1990,09/30/1990,06/30/1990,03/31/1990,12/31/1989,09/30/1989,06/30/1989,03/31/1989,12/31/1988,09/30/1988,06/30/1988,03/31/1988,12/31/1987,09/30/1987,06/30/1987,03/31/1987,12/31/1986,09/30/1986,06/30/1986,03/31/1986,12/31/1985,09/30/1985
TotalRevenue,"2,139,257,000","537,425,000","594,232,000","509,103,000","498,497,000","473,045,000","509,358,000","426,895,000","403,750,000","443,636,000","508,363,000","428,501,000","436,258,000","439,062,000","502,744,000","417,346,000","414,560,000","413,948,000","484,126,000","385,635,000","407,074,000","398,804,000","439,650,000","363,547,000","372,630,000","379,515,000","444,686,000","367,404,000","382,886,000","384,239,000","444,683,000","364,718,000","388,719,000","390,408,000","443,860,000","361,738,000","485,363,000","465,933,000","575,818,000","449,028,000","515,212,000","499,376,000","642,960,000","537,235,000","576,702,000","566,504,000","661,676,000","554,333,000","589,587,000","587,867,000","676,311,000","570,621,000","584,485,000","609,022,000","772,054,000","687,042,000","741,905,000","747,855,000","865,755,000","754,359,000","788,943,000","786,020,000","930,863,000","739,586,000","858,748,000","831,772,000","931,040,000","791,083,000","845,069,000","805,583,000","903,937,000","773,830,000","823,931,000","801,944,000","882,282,000","759,287,000","801,891,000","783,740,000","840,198,000","729,501,000","772,211,000","737,097,000","780,630,000","696,893,000","760,282,000","778,152,000","973,645,000","787,289,000","885,588,000","797,260,000","882,500,000","729,700,000","779,400,000","695,400,000","782,200,000","682,700,000","749,200,000","722,600,000","768,400,000","683,600,000","721,900,000","692,500,000","718,200,000","629,000,000","645,200,000","622,500,000","655,100,000","572,700,000","610,400,000","530,900,000","605,400,000","527,200,000","596,700,000","589,500,000","636,100,000","445,600,000","483,600,000","454,500,000","455,400,000","429,700,000","448,000,000","440,400,000","452,500,000","393,400,000","440,400,000","416,900,000","456,000,000","420,700,000","468,900,000","431,200,000","470,200,000","415,300,000","460,300,000","423,100,000","409,100,000","404,100,000","456,400,000","430,400,000","447,800,000","406,500,000","426,300,000","409,000,000","417,900,000","370,100,000","401,200,000","375,400,000","385,200,000","334,200,000"
	OperatingRevenue,"1,921,700,000","488,249,000","527,964,000","453,496,000","451,991,000","426,200,000","455,065,000","380,203,000","360,949,000","391,571,000","446,581,000","380,833,000","391,217,000","395,898,000","455,281,000","379,473,000","379,830,000","386,240,000","451,999,000","360,271,000","382,271,000","372,403,000","410,969,000","341,997,000","350,635,000","357,674,000","418,147,000","344,431,000","360,257,000","361,378,000","419,890,000","344,634,000","366,163,000","368,450,000","419,766,000","342,174,000","452,586,000","432,956,000","436,784,000","449,028,000","515,212,000","499,376,000","642,960,000","537,235,000","576,702,000","566,504,000","661,676,000","554,333,000","589,587,000","587,867,000","676,311,000","570,621,000","584,485,000","609,022,000","772,054,000","687,042,000","741,905,000","747,855,000","865,755,000","754,359,000","788,943,000","786,020,000","930,863,000","739,586,000","858,748,000","831,772,000","931,040,000","791,083,000","845,069,000","805,583,000","903,937,000","773,830,000","823,931,000","801,944,000","882,282,000","759,287,000","801,891,000","783,740,000","840,198,000","729,501,000","772,211,000","737,097,000","937,555,000","640,935,000","708,164,000","729,303,000","973,645,000","787,289,000","885,588,000","797,260,000","882,500,000","729,700,000","779,400,000","695,400,000","782,200,000","682,700,000","749,200,000","722,600,000","768,400,000","683,600,000","721,900,000","692,500,000","718,200,000","629,000,000","645,200,000","622,500,000","655,100,000","572,700,000","610,400,000","530,900,000","605,400,000","527,200,000","596,700,000","589,500,000","636,100,000","445,600,000","483,600,000","454,500,000","455,400,000","429,700,000","448,000,000","440,400,000","452,500,000","393,400,000","440,400,000","416,900,000","456,000,000","420,700,000","468,900,000","431,200,000","470,200,000","415,300,000","460,300,000","423,100,000","409,100,000","404,100,000","456,400,000","430,400,000","447,800,000","406,500,000","426,300,000","409,000,000","417,900,000","370,100,000","401,200,000","375,400,000","385,200,000","334,200,000"
CostOfRevenue,"1,069,936,000","281,365,000","280,235,000","256,978,000","251,358,000","250,997,000","250,503,000","235,900,000","230,147,000","243,672,000","186,482,000","178,776,000","173,014,000","168,083,000","180,544,000","163,434,000","155,857,000","154,341,000","162,965,000","149,920,000","149,285,000","153,236,000","160,909,000","156,616,000","152,717,000","157,862,000","156,372,000","152,031,000","152,773,000","156,636,000","165,891,000","161,177,000","157,944,000","158,983,000","164,515,000","152,595,000","192,396,000","196,874,000","224,110,000","201,577,000","212,698,000","213,192,000","244,089,000","232,903,000","236,998,000","243,477,000","246,743,000","237,384,000","236,802,000","240,849,000","235,194,000","241,193,000","254,144,000","290,699,000","327,911,000","322,246,000","324,399,000","340,564,000","338,187,000","331,962,000","325,922,000","345,025,000","419,373,000","362,568,000","391,572,000","393,834,000","401,745,000","382,832,000","378,876,000","376,931,000","378,041,000","364,569,000","365,459,000","367,479,000","375,433,000","350,858,000","351,046,000","351,458,000","373,870,000","324,736,000","324,663,000","329,363,000","343,789,000","327,872,000","342,051,000","349,150,000","151,093,000","353,253,000","364,971,000","359,288,000","347,100,000","264,300,000","288,600,000","281,300,000","335,800,000","308,900,000","311,200,000","317,500,000","325,400,000","305,300,000","292,300,000","300,900,000","300,600,000","295,000,000","297,500,000","306,800,000","327,500,000","285,700,000","281,000,000","271,200,000","275,100,000","255,900,000","293,000,000","284,500,000","301,600,000","237,900,000","237,200,000","231,100,000","231,800,000","228,500,000","215,900,000","220,400,000","260,200,000","209,700,000","222,900,000","226,100,000","239,500,000","224,500,000","232,000,000","218,700,000","228,900,000","221,000,000","230,500,000",,,,,,,,,,,,,,,
GrossProfit,"1,069,321,000","256,060,000","313,997,000","252,125,000","247,139,000","222,048,000","258,855,000","190,995,000","173,603,000","199,964,000","321,881,000","249,725,000","263,244,000","270,979,000","322,200,000","253,912,000","258,703,000","259,607,000","321,161,000","235,715,000","257,789,000","245,568,000","278,741,000","206,931,000","219,913,000","221,653,000","288,314,000","215,373,000","230,113,000","227,603,000","278,792,000","203,541,000","230,775,000","231,425,000","279,345,000","209,143,000","292,967,000","269,059,000","351,708,000","247,451,000","302,514,000","286,184,000","398,871,000","304,332,000","339,704,000","323,027,000","414,933,000","316,949,000","352,785,000","347,018,000","441,117,000","329,428,000","330,341,000","318,323,000","444,143,000","364,796,000","417,506,000","407,291,000","527,568,000","422,397,000","463,021,000","440,995,000","511,490,000","377,018,000","467,176,000","437,938,000","529,295,000","408,251,000","466,193,000","428,652,000","525,896,000","409,261,000","458,472,000","434,465,000","506,849,000","408,429,000","450,845,000","432,282,000","466,328,000","404,765,000","447,548,000","407,734,000","436,841,000","369,021,000","418,231,000","429,002,000","822,552,000","434,036,000","520,617,000","437,972,000","535,400,000","465,400,000","490,800,000","414,100,000","446,400,000","373,800,000","438,000,000","405,100,000","443,000,000","378,300,000","429,600,000","391,600,000","417,600,000","334,000,000","347,700,000","315,700,000","327,600,000","287,000,000","329,400,000","259,700,000","330,300,000","271,300,000","303,700,000","305,000,000","334,500,000","207,700,000","246,400,000","223,400,000","223,600,000","201,200,000","232,100,000","220,000,000","192,300,000","183,700,000","217,500,000","190,800,000","216,500,000","196,200,000","236,900,000","212,500,000","241,300,000","194,300,000","229,800,000",,,,,,,,,,,,,,,
OperatingExpense,"808,118,000","215,064,000","219,882,000","203,149,000","170,023,000","170,390,000","178,321,000","151,399,000","144,797,000","172,644,000","243,916,000","222,676,000","225,311,000","236,381,000","246,169,000","217,320,000","217,449,000","223,664,000","295,325,000","200,160,000","228,135,000","214,157,000","223,186,000","199,980,000","187,216,000","193,718,000","196,291,000","193,440,000","192,062,000","233,970,000","216,368,000","212,573,000","214,278,000","206,816,000","210,468,000","190,117,000","239,536,000","246,189,000","305,080,000","238,942,000","251,406,000","266,568,000","289,090,000","271,287,000","292,463,000","291,953,000","309,557,000","285,540,000","291,960,000","294,360,000","299,138,000","354,866,000","307,010,000","379,957,000","380,805,000","515,240,000","377,251,000","401,076,000","426,058,000","394,292,000","419,704,000","386,498,000","1,207,044,000","356,542,000","368,103,000","369,662,000","407,934,000","363,172,000","359,651,000","220,580,000","341,153,000","324,970,000","326,715,000","325,303,000","312,388,000","315,692,000","320,788,000","309,987,000","274,092,000","292,392,000","305,820,000","309,203,000","306,394,000","287,760,000","370,020,000","314,518,000","643,629,000","317,850,000","334,739,000","328,976,000","347,000,000","352,600,000","335,900,000","342,500,000","294,000,000","272,400,000","292,900,000","288,700,000","308,000,000","286,900,000","302,300,000","290,300,000","196,800,000","397,900,000","257,500,000","255,000,000","278,400,000","246,800,000","247,800,000","242,500,000","268,800,000","238,000,000","269,200,000","261,900,000","300,000,000","195,500,000","197,500,000","192,300,000","219,300,000","189,000,000","194,900,000","185,200,000","140,900,000","174,700,000","199,100,000","175,800,000","189,600,000","178,700,000","185,400,000","178,400,000","229,400,000","164,900,000","158,400,000",,,,,,,,,,,,,,,
	SellingGeneralAndAdministration,"577,286,000","148,945,000","164,318,000","148,185,000","115,838,000","116,730,000","125,766,000","101,745,000","98,429,000","126,657,000","228,803,000","207,226,000","210,131,000","221,463,000","231,127,000","202,473,000","203,368,000","208,623,000","280,415,000","184,483,000","213,004,000","198,004,000","207,466,000","184,596,000","172,069,000","178,246,000","180,717,000","178,071,000","176,252,000","219,126,000","195,549,000","193,198,000","195,109,000","186,724,000","189,972,000","169,824,000","217,928,000","224,389,000","283,843,000","216,457,000","226,223,000","234,278,000","255,733,000","241,885,000","262,916,000","263,305,000","279,423,000","255,440,000","261,633,000","263,971,000","332,448,000","252,635,000","272,586,000","326,820,000","325,692,000","320,929,000","344,609,000","340,854,000","368,368,000","342,503,000","344,481,000","342,061,000","392,611,000","356,542,000","368,103,000","369,662,000","407,934,000","363,172,000","359,651,000","343,526,000","341,153,000","324,970,000","326,715,000","325,303,000","312,388,000","315,692,000","320,788,000","309,987,000","274,092,000","292,392,000","305,820,000","309,203,000","306,394,000","287,760,000","370,020,000","314,518,000","415,656,000","317,850,000","334,739,000","328,976,000","295,300,000","303,900,000","287,300,000","294,000,000","247,400,000","223,600,000","245,900,000","242,900,000","262,800,000","242,200,000","258,700,000","249,900,000","159,800,000","358,900,000","221,200,000","219,400,000","248,700,000","209,700,000","211,900,000","206,100,000","228,300,000","201,900,000","230,400,000","223,000,000","257,500,000","166,500,000","168,500,000","164,000,000","191,700,000","162,300,000","168,000,000","158,500,000","156,500,000","145,500,000","169,700,000","146,400,000","157,600,000","147,000,000","154,000,000","147,300,000","200,300,000","137,900,000","136,200,000",,,,,,,,,,,,,,,
		GeneralAndAdministrativeExpense,"264,904,000","71,357,000","66,846,000","64,418,000","62,283,000","56,577,000","60,766,000","51,118,000","58,812,000","52,861,000",,,"210,131,000","221,463,000","231,127,000","202,473,000","203,368,000","208,623,000","280,415,000","184,483,000","213,004,000","198,004,000","207,466,000","184,596,000","172,069,000","178,246,000","180,717,000","178,071,000","176,252,000","219,126,000","195,549,000","193,198,000","195,109,000","186,724,000","189,972,000","169,824,000","217,928,000","224,389,000","283,843,000",,,,,,,,,,,,,,,,,,,,,,,,,,,,,,,,,,,,,,,,,,,,,,,,,,,,,,,,,,,,,,,,,,,,,,,,,,,,,,,,,,,,,,,,,,,,,,,,,,,,,,,,,,,,,
			SalariesAndWages,,,,,,,,,,,,,,,,,,,"65,052,000",,,,,,"0","0","0","0","0","40,329,000","0","0","9,525,000",,"3,228,000",,,,"48,729,000",,,,,,,,,,,,,,,,,,,,,,,,,,,,,,,,,,,,,,,,,,,,,,,,,,,,,,,,,,,,,,,,,,,,,,,,,,,,,,,,,,,,,,,,,,,,,,,,,,,,,,,,,,,,,
			OtherGandA,"264,904,000","71,357,000","66,846,000","64,418,000","62,283,000","56,577,000","60,766,000","51,118,000","58,812,000","52,861,000",,,"210,131,000","221,463,000","231,127,000","202,473,000","203,368,000","208,623,000","215,363,000","184,483,000","213,004,000","198,004,000","186,172,000","184,596,000","172,069,000","178,246,000","180,717,000","178,071,000","176,252,000","178,797,000","195,549,000","193,198,000","185,584,000","186,724,000","186,744,000","169,824,000","217,928,000","224,389,000","235,114,000",,,,,,,,,,,,,,,,,,,,,,,,,,,,,,,,,,,,,,,,,,,,,,,,,,,,,,,,,,,,,,,,,,,,,,,,,,,,,,,,,,,,,,,,,,,,,,,,,,,,,,,,,,,,,
		SellingAndMarketingExpense,"312,382,000","77,588,000","97,472,000","83,767,000","53,555,000","60,153,000","65,000,000","50,627,000","39,617,000","73,796,000",,,,,,,,,,,,,,,,,,,,,,,,,,,,,,,,,,,,,,,,,,,,,,,,,,,,,,,,,,,,,,,,,,,,,,,,,,,,,,,,,,,,,,,,,,,,,,,,,,,,,,,,,,,,,,,,,,,,,,,,,,,,,,,,,,,,,,,,,,
	ResearchAndDevelopment,"169,361,000","47,433,000","41,591,000","40,638,000","39,699,000","38,943,000","36,787,000","34,102,000","30,737,000","30,802,000",,,,,,,,,,,,,,,,,,,,,,,,,,,,,,,,,,,,,,,,,,,,,,,,,,,,,,,,,,,,,,,,,,,,,,,,,,,,,,,,,,,,,,,,,,,,,,,,,,,,,,,,,,,,,,,,,,,,,,,,,,,,,,,,,,,,,,,,,,
	DepreciationAmortizationDepletionIncomeStatement,"61,471,000","18,686,000","13,973,000","14,326,000","14,486,000","14,717,000","15,768,000","15,552,000","15,631,000","15,185,000","15,113,000","15,450,000","15,180,000","14,918,000","15,042,000","14,847,000","14,081,000","15,041,000","14,910,000","15,677,000","15,131,000","16,153,000","15,720,000","15,384,000","15,147,000","15,472,000","15,574,000","15,369,000","15,810,000","14,844,000","20,819,000","19,375,000","19,169,000","20,092,000","20,496,000","20,293,000","21,608,000","21,800,000","21,237,000","22,485,000","25,183,000","32,290,000","28,857,000","29,402,000","29,547,000","28,648,000","30,134,000","30,100,000","30,327,000","30,389,000","31,179,000","31,319,000","34,424,000","36,774,000","35,955,000","33,881,000","32,642,000","41,931,000","46,690,000","51,789,000","46,645,000","44,437,000",,,,,,,,,,,,,,,,,,,,,,,,,,,,,"51,700,000","48,700,000","48,600,000","48,500,000","46,600,000","48,800,000","47,000,000","45,800,000","45,200,000","44,700,000","43,600,000","40,400,000","37,000,000","39,000,000","36,300,000","35,600,000","29,700,000","37,100,000","35,900,000","36,400,000","40,500,000","36,100,000","38,800,000","38,900,000","42,500,000","29,000,000","29,000,000","28,300,000","27,600,000","26,700,000","26,900,000","26,700,000","-15,600,000","29,200,000","29,400,000","29,400,000","32,000,000","31,700,000","31,400,000","31,100,000","29,100,000","27,000,000","22,200,000",,,,,,,,,,,,,,,
		DepreciationAndAmortizationInIncomeStatement,"61,471,000","18,686,000","13,973,000","14,326,000","14,486,000","14,717,000","15,768,000","15,552,000","15,631,000","15,185,000","15,113,000","15,450,000","15,180,000","14,918,000","15,042,000","14,847,000","14,081,000","15,041,000","14,910,000","15,677,000","15,131,000","16,153,000","15,720,000","15,384,000","15,147,000","15,472,000","15,574,000","15,369,000","15,810,000","14,844,000","20,819,000","19,375,000","19,169,000","20,092,000","20,496,000","20,293,000","21,608,000","21,800,000","21,237,000","22,485,000","25,183,000","32,290,000","28,857,000","29,402,000","29,547,000","28,648,000","30,134,000","30,100,000","30,327,000","30,389,000","31,179,000","31,319,000","34,424,000","36,774,000","35,955,000","33,881,000","32,642,000","41,931,000","46,690,000","51,789,000","46,645,000","44,437,000",,,,,,,,,,,,,,,,,,,,,,,,,,,,,"51,700,000","48,700,000","48,600,000","48,500,000","46,600,000","48,800,000","47,000,000","45,800,000","45,200,000","44,700,000","43,600,000","40,400,000","37,000,000","39,000,000","36,300,000","35,600,000","29,700,000","37,100,000","35,900,000","36,400,000","40,500,000","36,100,000","38,800,000","38,900,000","42,500,000","29,000,000","29,000,000","28,300,000","27,600,000","26,700,000","26,900,000","26,700,000","-15,600,000","29,200,000","29,400,000","29,400,000","32,000,000","31,700,000","31,400,000","31,100,000","29,100,000","27,000,000","22,200,000",,,,,,,,,,,,,,,
	OtherOperatingExpenses,,,,,,,,,,,,,,,,,,,,,,,,,,,,,,,,,,,,,,,,,,,,,,,,,,,"-64,489,000","70,912,000",,"16,363,000","19,158,000","160,430,000",,"18,291,000","11,000,000",,"28,578,000",,,,,,"0",,,"-122,946,000",,,,,,,,,,,,,,,,,,,,,,,,,,,,,,,,,,,,,,,,,,,,,,,,,,,,,,,,,,,,,,,,,,,,,,,,,,,,,,
OperatingIncome,"261,203,000","40,996,000","94,115,000","48,976,000","77,116,000","51,658,000","80,534,000","39,596,000","28,806,000","27,320,000","77,965,000","27,049,000","37,933,000","34,598,000","76,031,000","36,592,000","41,254,000","35,943,000","25,836,000","35,555,000","29,654,000","31,411,000","55,555,000","6,951,000","32,697,000","27,935,000","92,023,000","21,933,000","38,051,000","-6,367,000","62,424,000","-9,032,000","16,497,000","24,609,000","68,877,000","19,026,000","53,431,000","22,870,000","46,628,000","8,509,000","51,108,000","19,616,000","109,781,000","33,045,000","47,241,000","31,074,000","105,376,000","31,409,000","60,825,000","52,658,000","141,979,000","-25,438,000","23,331,000","-61,634,000","63,338,000","-150,444,000","40,255,000","6,215,000","101,510,000","28,105,000","43,317,000","54,497,000","-695,554,000","20,476,000","99,073,000","68,276,000","121,361,000","45,079,000","106,542,000","208,072,000","184,743,000","84,291,000","131,757,000","109,162,000","194,461,000","92,737,000","130,057,000","122,295,000","192,236,000","112,373,000","141,728,000","98,531,000","130,447,000","81,261,000","48,211,000","114,484,000","178,923,000","116,186,000","185,878,000","108,996,000","188,400,000","112,800,000","154,900,000","71,600,000","152,400,000","101,400,000","145,100,000","116,400,000","135,000,000","91,400,000","127,300,000","101,300,000","220,800,000","-63,900,000","90,200,000","60,700,000","49,200,000","40,200,000","81,600,000","17,200,000","61,500,000","33,300,000","34,500,000","43,100,000","34,500,000","12,200,000","48,900,000","31,100,000","4,300,000","12,200,000","37,200,000","34,800,000","51,400,000","9,000,000","18,400,000","15,000,000","26,900,000","17,500,000","51,500,000","34,100,000","11,900,000","29,400,000","71,400,000","423,100,000","-1,039,900,000","404,100,000","456,400,000","430,400,000","-950,400,000","406,500,000","426,300,000","409,000,000","-875,100,000","370,100,000","401,200,000","375,400,000","-795,400,000","334,200,000"
NetNonOperatingInterestIncomeExpense,"5,353,000","1,075,000","992,000","1,413,000","1,873,000","1,511,000","3,153,000","3,537,000","2,786,000","13,854,000","-248,000","-755,000","-1,514,000","-1,303,000","-3,127,000","-4,026,000","-4,536,000","-4,877,000","-4,665,000","-4,660,000","-5,133,000","-5,325,000","-7,850,000","-9,032,000","-9,097,000","-8,826,000","-7,955,000","-9,127,000","-9,776,000","-12,192,000","-11,620,000","-13,066,000","-13,205,000","-13,301,000","-13,904,000","-15,454,000","-14,646,000","-14,074,000","-19,788,000","-14,368,000","-15,464,000","-15,452,000","-15,461,000","-20,039,000","-25,152,000","-24,591,000","-29,291,000","-18,514,000","-20,614,000","-18,580,000","60,748,300","-21,028,000","-21,656,000","-18,146,000",,,,,,,,,,,,,,,,,,,,,,,,,,,,,,,,,,,,,,,,,,,,,,,,,,,,,,,,,,,,,,,,,,,,,,,,,,,,,,,,,,,,,,,,,,,,,,
	InterestIncomeNonOperating,"6,091,000","1,222,000","1,216,000","1,598,000","2,053,000","1,689,000","3,333,000","3,720,000","2,965,000","14,039,000","4,487,000","5,078,000","5,410,000","6,605,000","4,755,000","3,836,000","3,117,000","2,802,000","2,713,000","2,752,000","2,313,000","2,119,000","2,753,000","2,085,000","1,949,000","2,233,000","3,130,000","1,887,000","1,183,000","1,141,000","2,254,000","996,000","994,000","940,000","427,000","395,000","349,000","343,000","195,000","92,000","61,000","62,000","63,000","107,000","148,000","464,000",,"316,000","375,000","380,000","-1,047,600","618,000","680,000","111,000",,,,,,,,,,,,,,,,,,,,,,,,,,,,,,,,,,,,,,,,,,,,,,,,,,,,,,,,,,,,,,,,,,,,,,,,,,,,,,,,,,,,,,,,,,,,,,
	InterestExpenseNonOperating,"738,000","147,000","224,000","185,000","180,000","178,000","180,000","183,000","179,000","185,000","5,604,000","7,111,000","7,129,000","7,015,000","7,016,000","7,023,000","6,840,000","6,803,000","6,552,000","6,611,000","6,668,000","6,644,000","9,376,000","9,891,000","9,855,000","9,806,000","9,869,000","9,834,000","9,814,000","12,118,000","12,855,000","12,748,000","13,071,000","13,051,000","13,176,000","14,494,000","13,892,000","13,253,000","15,467,000","14,460,000","15,525,000","15,514,000","15,524,000","20,146,000","25,300,000","25,055,000","28,240,000","18,830,000","20,989,000","18,960,000","-61,795,900","21,646,000","22,336,000","18,257,000",,,,,,,,,,,,,,,,,,,,,,,,,,,,,,,,,,,,,,,,,,,,,,,,,,,,,,,,,,,,,,,,,,,,,,,,,,,,,,,,,,,,,,,,,,,,,,
	TotalOtherFinanceCost,,,"-992,000",,,,"-3,153,000",,"-2,786,000","-13,854,000","-869,000","-1,278,000","-205,000","893,000","866,000","839,000","813,000","876,000","826,000","801,000","778,000","800,000","1,227,000","1,226,000","1,191,000","1,253,000","1,216,000","1,180,000","1,145,000","1,215,000","1,019,000","1,314,000","1,128,000","1,190,000","1,155,000","1,355,000","1,103,000","1,164,000","16,402,000","15,497,000",,"-15,452,000",,,"-25,152,000","-24,591,000",,"20,627,000","20,614,000",,,,,,,,,,,,,,,,,,,,,,,,,,,,,,,,,,,,,,,,,,,,,,,,,,,,,,,,,,,,,,,,,,,,,,,,,,,,,,,,,,,,,,,,,,,,,,,,,,,
OtherIncomeExpense,"-20,788,000","-36,234,000","-2,682,000","24,557,000","-6,429,000","-2,599,000","-77,419,000","-2,272,000","-2,149,000","-2,314,000","-1,800,000","-3,797,000","-1,833,000","-1,835,000","7,361,000","2,500,000","-3,123,000","-3,901,000","-15,984,000","29,015,000","-2,251,000","-2,229,000","5,572,000","2,485,000","-23,968,000","-41,896,000","-4,383,000","170,000","-356,000","-5,269,000","-8,195,000","-589,000","25,000","-4,697,000","183,000","-6,294,000","-459,000","-2,940,000","155,323,000","498,000","-155,856,000","12,919,000","93,700,000","17,824,000","-158,527,000","149,000","25,234,000","-19,047,000","16,806,000","7,107,000","-3,847,000","7,498,000","17,684,000","4,403,000","-17,360,000","-153,538,000","10,165,000","-20,084,000","-21,622,000","5,412,000","-23,833,000","-2,153,000","-813,178,000","7,348,000","8,770,000","1,967,000","-2,189,000","6,250,000","4,388,000","123,948,000","747,000","5,764,000","3,984,000","-2,043,000","-1,297,000","1,244,000","1,805,000","3,302,000","-4,471,000","-3,882,000","-1,012,000","1,319,000","-152,097,000","59,623,000","54,133,000","50,991,000","67,913,000","26,101,000","3,622,000","49,564,000","5,500,000","4,900,000","3,300,000","47,900,000","7,400,000","5,300,000","11,900,000","9,000,000","16,700,000","3,400,000","3,100,000","1,300,000","-121,800,000","31,500,000","2,200,000","4,700,000","5,500,000","15,600,000","2,600,000","41,900,000","-5,000,000","205,500,000","38,800,000",,,,,,"-5,500,000","-48,200,000",,,,,,,,,,,,,,,,,,,,,,,,,,,,
	GainOnSaleOfSecurity,,,,,,,,,,,,,,,,,,,,,,,,,,,,,,,,,,,,,,,"164,630,000",,"37,797,000","17,848,000","0","65,273,000",,"5,898,000","0",,,,,,,,,,,,,,,,,,,,,,,,,,,,,,,,,,,,,,,,,,,,,,,,,,,,,,,,,,,,,,,,,,,,,,,,,,,,,,,,,,,,,,,,,,,,,,,,,,,,,
	EarningsFromEquityInterest,,,"-27,156,000","27,156,000",,,"5,000,000",,,,"0","0","0","0","10,773,000","-16,000","-8,000","15,000","-12,823,000","31,557,000","-266,000","173,000","5,572,000","463,000","-412,000","-41,896,000","-25,000","170,000","-356,000","-572,000","-7,845,000","1,599,000","25,000","-2,147,000","183,000","-123,000","-459,000","-2,940,000","927,000","1,027,000","1,079,000","-29,000","4,054,000","-1,068,000","2,791,000","-5,749,000","-3,236,000","5,482,000","7,678,000","9,111,000",,"7,498,000","8,434,000",,"1,798,000","6,892,000","10,165,000","-1,793,000","-10,622,000","5,412,000","4,745,000","-2,153,000",,,,,,,,,,,,,,,,,,,,,,"2,415,000","765,000","892,000",,,,,,,,,,,,,,,,,,,,,,,,,,,,,,,,,,,,,,,,,,,,,,,,,,,,,,,,,,,,,,
	SpecialIncomeCharges,"-38,543,000","-34,712,000","0","0","-3,831,000",,"0","0",,,"0","-1,963,000","0","0","-6,215,000","4,851,000","-1,252,000","-1,888,000","-3,161,000","-2,542,000","-1,985,000","-2,402,000","0","-2,949,000","-11,855,000",,"0","0","0","0","-350,000","-2,188,000","0","-2,550,000","0","0","0","0","-7,614,000","-529,000","-194,732,000","-4,900,000","89,646,000","-46,381,000","-161,318,000","-5,749,000","12,322,000","-24,529,000","9,128,000","-2,004,000","16,488,000","0","9,250,000","4,403,000","-19,158,000","-160,430,000",,"-18,291,000","-11,000,000",,"-28,578,000",,"-832,518,000","7,348,000","8,770,000","1,967,000","-2,189,000","6,250,000","4,388,000","123,948,000","747,000","5,764,000","3,984,000","-2,043,000","-1,297,000","1,244,000","1,805,000","3,302,000","-4,471,000","-3,882,000","-1,012,000","1,319,000","-148,025,000","57,208,000","53,368,000","50,099,000","67,913,000","26,101,000","3,622,000","49,564,000","5,500,000","4,900,000","3,300,000","47,900,000","7,400,000","5,300,000","11,900,000","9,000,000","16,700,000","3,400,000","3,100,000","1,300,000","-121,800,000","31,500,000","2,200,000","4,700,000","5,500,000","15,600,000","2,600,000","41,900,000","-5,000,000","205,500,000","38,800,000",,,,,,"-5,500,000","-48,200,000",,,,,,,,,,,,,,,,,,,,,,,,,,,,
		RestructuringAndMergernAcquisition,"34,712,000","34,712,000",,,,,"0","0",,,"0","4,008,000","0","0","1,364,000","0","1,252,000","1,888,000","3,161,000","2,542,000","1,985,000","2,402,000","0","2,949,000","11,855,000",,,,,,,,,,,,,,,,,,,,,,,,,,,,,,,,,,,,,,,,,,,,,,,,,,,,,,,,,,,,,,,,,,,,,,,,,,,,,,,,,,,,,,,,,,,,,,,,,,,,,,,,,,,,,,,,,,,,,,,,,,,
		ImpairmentOfCapitalAssets,,,,,,,,,,,,,,,,,,,,,,,,,,,,,,,,,,,,,,,,"0","194,732,000","4,900,000","3,116,000","0","161,318,000",,"0","16,148,000",,,"4,179,000","0","0","0",,,,,,,,,,,,,,,,,,,,,,,,,,,,,,,,,,,,,,,,,,,,,,,,,,,,,,,,,,,,,,,,,,,,,,,,,,,,,,,,,,,,,,,,,,,,,,
		WriteOff,,,,,,,,,,,,,,,,,,,,,,,,,,,,,,,,,,,"0","0","0","0","0","600,000","194,732,000","4,900,000",,"0","161,318,000",,,"16,148,000",,,,"0","0",,,,,,,,,,,,,,,,,,,,,,,,,,,,,,,,,,,,,,,,,,,,,,,,,,,,,,,,,,,,,,,,,,,,,,,,,,,,,,,,,,,,,,,,,,,,,,,
		OtherSpecialCharges,,,"0",,"3,831,000",,,,,,"0","-2,045,000",,,,"-4,851,000",,,,,,,,,,,,,,,"350,000","2,188,000",,"2,550,000",,,,,,"529,000",,"29,000","-92,762,000","46,381,000","4,228,000",,,"8,381,000",,,"0","76,110,000","-9,250,000",,,,,,,,,,,,,,,,,,,,,,,,,,,,,,,,,,,,,,,,,,,,,,,,,,,,,,,,,,,,,,,,,,,,,,,,,,,,,,,,,,,,,,,,,,,,,,,
		GainOnSaleOfBusiness,,,,,,,,,,,,,,,,,,,,,,,,,,,,,,,,,,,,,,,,,,,,,"2,791,000",,,"5,482,000",,,,,,"4,403,000",,,,,,,,,,,,,,,,,,,,,,,,,,,,,,,,,,,,,,,,,,,,,,,,,,,,,,,,,,,,,,,,,,,,,,,,,,,,,,,,,,,,,,,,,,,,,,
		GainOnSaleOfPPE,,,,,,,,,,,,,,,,,,,,,,,,,,,,,,,,,,,,,,,,,,,,,,,,"0",,,,"5,198,000",,,,,,,,,,,,,,,,,,,,,,,,,,,,,,,,,,,,,,,,,,,,,,,,,,,,,,,,,,,,,,,,,,,,,,,,,,,,,,,,,,,,,,,,,,,,,,,,
	OtherNonOperatingIncomeExpenses,"-9,401,000","-1,522,000","-2,682,000","-2,599,000","-2,598,000","-2,599,000","-82,419,000","-2,272,000","-2,149,000","-2,314,000","-1,800,000","-1,834,000","-1,833,000","-1,835,000","2,803,000","-2,335,000","-1,863,000","-2,028,000",,,,,"0","4,971,000","-11,701,000",,"-4,358,000",,,"-4,697,000",,,,,"0","-6,171,000",,,"-2,620,000",,,,,,,,,,,,,,,,,,,,,,,,,,,,,,,,,,,,,,,,,,,,,,,,,,,,,,,,,,,,,,,,,,,,,,,,,,,,,,,,,,,,,,,,,,,,,,,,,,,,,,,,,,,,,
PretaxIncome,"245,768,000","5,837,000","92,425,000","74,946,000","72,560,000","50,570,000","6,268,000","40,861,000","29,443,000","38,860,000","75,917,000","22,497,000","34,586,000","31,460,000","80,265,000","35,066,000","33,595,000","27,165,000","5,187,000","59,910,000","22,270,000","23,857,000","53,277,000","404,000","-368,000","-22,787,000","79,685,000","12,976,000","27,919,000","-23,828,000","42,609,000","-22,687,000","3,317,000","6,611,000","55,156,000","-2,722,000","38,326,000","5,856,000","193,163,000","-6,561,000","-120,212,000","17,083,000","95,258,000","30,830,000","-136,438,000","6,632,000","85,171,000","-6,152,000","57,017,000","41,185,000","117,261,000","-38,968,000","859,000","-75,377,000","52,853,000","10,820,000","38,316,000","-7,323,000","79,970,000","23,047,000","40,936,000","41,016,000","-705,925,000","14,557,000","94,609,000","57,719,000","112,540,000","39,652,000","99,086,000","194,826,000","174,483,000","79,975,000","125,388,000","96,674,000","182,831,000","82,843,000","120,378,000","113,795,000","176,232,000","96,744,000","129,116,000","89,295,000","124,515,000","73,677,000","39,827,000","101,835,000","230,786,000","124,771,000","174,310,000","143,218,000","180,900,000","104,700,000","145,300,000","107,500,000","147,400,000","96,400,000","146,500,000","115,200,000","141,200,000","83,000,000","119,000,000","94,200,000","92,900,000","-40,400,000","86,500,000","58,900,000","49,200,000","50,200,000","77,500,000","51,900,000","54,400,000","232,500,000","65,700,000","34,400,000","-21,100,000","3,500,000","43,300,000","23,700,000","-11,400,000","-44,100,000","28,300,000","26,900,000","44,600,000","2,700,000","12,800,000","8,700,000","22,600,000","15,200,000","47,300,000","29,100,000","-13,700,000","28,000,000","65,900,000",,,,,,,,,,,,,,,
TaxProvision,"62,181,000","1,112,000","22,536,000","20,290,000","18,243,000","9,461,000","-4,475,000","7,283,000","5,781,000","6,006,000","7,705,000","6,070,000","9,415,000","1,304,000","23,289,000","10,092,000","9,999,000","5,251,000","63,083,000","23,420,000","6,711,000","10,742,000","13,377,000","121,000","124,000","-9,201,000","28,006,000","3,611,000","11,700,000","-9,407,000","8,685,000","-10,247,000","-5,743,000","3,764,000","16,419,000","2,578,000","18,189,000","2,967,000","75,775,000","-2,796,000","-36,541,000","4,076,000","36,353,000","15,362,000","-16,615,000","1,406,000","18,072,000","-2,018,000","25,435,000","27,027,000","44,852,000","-3,233,000","-38,265,000","-1,148,000","25,075,000","-40,360,000","17,251,000","-7,692,000","27,396,000","8,991,000","18,851,000","20,899,000","-39,598,000","5,091,000","33,540,000","22,857,000","41,736,000","16,738,000","38,110,000","83,658,000","64,102,000","31,620,000","49,538,000","38,239,000","72,541,000","32,723,000","47,549,000","44,949,000","68,730,000","37,730,000","50,355,000","34,825,000","50,429,000","29,839,000","15,611,000","41,753,000","93,017,000","49,806,000","72,572,000","60,155,000","75,600,000","44,700,000","61,800,000","46,100,000","63,100,000","41,400,000","63,800,000","50,600,000","61,900,000","36,800,000","34,100,000","42,400,000","40,200,000","7,300,000","39,700,000","26,200,000","16,100,000","18,000,000","34,200,000","24,500,000","13,800,000","111,900,000","31,400,000","16,700,000","3,000,000","6,500,000","20,900,000","12,800,000","-4,800,000","-10,200,000","13,100,000","13,000,000","10,000,000","800,000","7,400,000","3,600,000","10,400,000","6,000,000","20,500,000","12,500,000","5,300,000","11,600,000","26,700,000",,,,,,,,,,,,,,,
NetIncomeCommonStockholders,"183,587,000","4,725,000","69,889,000","54,656,000","54,317,000","41,109,000","10,009,000","33,578,000","23,662,000","32,854,000","68,212,000","16,427,000","25,171,000","30,156,000","55,199,000","24,976,000","23,597,000","21,912,000","-56,813,000","32,329,000","15,599,000","13,181,000","37,144,000","406,000","-211,000","-8,271,000","51,693,000","9,415,000","16,400,000","-14,262,000","34,875,000","-12,499,000","9,188,000","1,743,000","65,626,000","-24,226,000","20,131,000","3,138,000","176,910,000","2,282,000","-88,149,000","42,130,000","58,945,000","15,685,000","-119,718,000","5,419,000","67,139,000","-4,261,000","32,033,000","12,793,000","90,919,000","-35,624,000","39,064,000","-74,468,000","27,648,000","-106,293,000","21,141,000","-335,000","52,995,000","13,439,000","118,368,000","23,902,000","-653,734,000","14,023,000","61,313,000","34,955,000","64,808,000","23,081,000","60,815,000","111,049,000","110,173,000","48,272,000","75,677,000","58,435,000","110,860,000","50,120,000","72,829,000","68,846,000","107,502,000","59,014,000","78,761,000","54,470,000","74,086,000","43,838,000","265,474,000","61,274,000","137,769,000","74,965,000","101,738,000","83,063,000","105,300,000","60,000,000","83,500,000","61,400,000","84,300,000","55,000,000","75,000,000","64,600,000","79,300,000","46,200,000","84,900,000","51,800,000","52,700,000","-47,700,000","46,800,000","32,700,000","33,000,000","32,200,000","43,300,000","27,400,000","40,500,000","120,600,000","34,300,000","17,700,000","-24,200,000","-3,000,000","22,400,000","10,900,000","-40,100,000","-33,900,000","15,200,000","13,900,000","34,500,000","1,900,000","5,400,000","5,100,000","12,100,000","9,200,000","26,800,000","16,600,000","-19,100,000","210,800,000","41,300,000",,,,,,,,,,,,,,,
	NetIncome,"183,587,000","4,725,000","69,889,000","54,656,000","54,317,000","41,109,000","10,009,000","33,578,000","23,662,000","32,854,000","68,212,000","16,427,000","25,171,000","30,156,000","55,199,000","24,976,000","23,597,000","21,912,000","-56,813,000","32,329,000","15,599,000","13,181,000","37,144,000","406,000","-211,000","-8,271,000","51,693,000","9,415,000","16,400,000","-14,262,000","34,875,000","-12,499,000","9,188,000","1,743,000","65,626,000","-24,226,000","20,131,000","3,138,000","176,910,000","2,282,000","-88,149,000","42,130,000","58,945,000","15,685,000","-119,718,000","5,419,000","67,139,000","-4,261,000","32,033,000","12,793,000","90,919,000","-35,624,000","39,064,000","-74,468,000","27,648,000","-106,293,000","21,141,000","-335,000","52,995,000","13,439,000","118,368,000","23,902,000","-653,734,000","14,023,000","61,313,000","34,955,000","64,808,000","23,081,000","60,815,000","111,049,000","110,173,000","48,272,000","75,677,000","58,435,000","110,860,000","50,120,000","72,829,000","68,846,000","107,502,000","59,014,000","78,761,000","54,470,000","74,086,000","43,838,000","265,474,000","61,274,000","137,769,000","74,965,000","101,738,000","83,063,000","105,300,000","60,000,000","83,500,000","61,400,000","84,300,000","55,000,000","75,000,000","64,600,000","79,300,000","46,200,000","84,900,000","51,800,000","52,700,000","-47,700,000","46,800,000","32,700,000","33,100,000","32,200,000","43,300,000","27,400,000","40,600,000","120,600,000","34,300,000","17,700,000","-24,100,000","-3,000,000","22,400,000","10,900,000","-40,000,000","-33,900,000","15,200,000","13,900,000","34,600,000","1,900,000","5,400,000","5,100,000","12,200,000","9,200,000","26,800,000","16,600,000","-19,000,000","210,800,000","41,300,000",,,,,,,,,,,,,,,
		NetIncomeIncludingNoncontrollingInterests,"183,587,000","4,725,000","69,889,000","54,656,000","54,317,000","41,109,000","10,743,000","33,578,000","23,662,000","32,854,000","68,212,000","16,427,000","25,171,000","30,156,000","56,976,000","24,974,000","23,596,000","21,914,000","-57,839,000","36,002,000","15,559,000","13,115,000","37,627,000","283,000","-492,000","-13,586,000","51,679,000","9,365,000","16,219,000","-14,421,000","33,832,000","-12,440,000","9,060,000","1,853,000","65,681,000","-24,287,000","20,137,000","2,889,000","177,177,000","2,261,000","-88,176,000","42,077,000","58,905,000","15,468,000","-119,823,000","5,226,000","67,099,000","-4,358,000","31,819,000","14,158,000","90,741,000","-35,735,000","39,124,000","-74,229,000","27,778,000","-106,239,000","21,354,000","-231,000","52,927,000","13,385,000","118,392,000","23,893,000","-653,489,000","13,756,000","61,069,000","34,862,000","64,952,000","22,914,000","60,976,000","111,168,000","110,381,000","48,355,000","75,850,000","58,560,000","110,290,000","50,120,000","72,829,000","68,846,000","107,502,000","59,014,000","78,761,000","54,470,000","74,086,000","43,838,000","265,474,000","61,274,000","137,769,000","74,965,000","101,738,000","83,063,000","105,300,000","60,000,000","83,500,000","61,400,000","84,300,000","55,000,000","75,000,000","64,600,000","79,300,000","46,200,000","84,900,000","51,800,000","52,700,000","-47,700,000","46,800,000","32,700,000","33,100,000","32,200,000","43,300,000","27,400,000","37,300,000","120,600,000","34,000,000","17,700,000","23,000,000","-900,000","22,900,000","13,000,000","-37,400,000","-31,800,000","17,900,000","15,300,000","34,700,000","400,000","2,700,000","3,500,000","12,100,000","6,800,000","25,300,000","16,600,000","6,100,000","208,200,000","38,300,000","33,500,000","50,500,000","26,700,000","45,100,000","45,500,000","42,500,000","32,600,000","44,100,000","41,100,000","34,700,000","26,700,000","36,800,000","33,900,000","30,200,000","22,600,000"
			NetIncomeContinuousOperations,"183,587,000","4,725,000","69,889,000","54,656,000","54,317,000","41,109,000","10,743,000","33,578,000","23,662,000","32,854,000","68,212,000","16,427,000","25,171,000","30,156,000","56,976,000","24,974,000","23,596,000","21,914,000","-57,896,000","36,490,000","15,559,000","13,115,000","39,900,000","283,000","-492,000","-13,586,000","51,679,000","9,365,000","16,219,000","-14,421,000","33,924,000","-12,440,000","9,060,000","2,847,000","38,737,000","-5,300,000","20,137,000","2,889,000","117,388,000","-3,765,000","-83,671,000","13,007,000","58,905,000","15,468,000","-119,823,000","5,226,000","67,099,000","-4,134,000","31,582,000","14,158,000","72,409,000","-35,735,000","39,124,000","-74,229,000","27,648,000","-114,904,000","20,852,000","265,000","52,642,000","14,110,000","22,061,000","20,126,000","-666,572,000","9,733,000","61,313,000","34,955,000","70,660,000","23,081,000","60,815,000","111,049,000","110,173,000","48,272,000","75,677,000","58,435,000","110,860,000","50,120,000","72,829,000","68,846,000","107,502,000","59,014,000","78,761,000","54,470,000","74,086,000","43,838,000","24,216,000","60,082,000","137,769,000","74,965,000","101,738,000","83,063,000","105,300,000","60,000,000","83,500,000","61,400,000","84,300,000","55,000,000","82,700,000","64,600,000","79,300,000","46,200,000","84,900,000","51,800,000","52,700,000","-47,700,000","46,800,000","32,700,000","33,100,000","32,200,000","43,300,000","27,400,000","40,600,000","120,600,000","34,300,000","17,700,000","-24,100,000","-3,000,000","22,400,000","10,900,000","-6,600,000","-33,900,000","15,200,000","13,900,000","34,600,000","1,900,000","5,400,000","5,100,000","12,200,000","9,200,000","26,800,000","16,600,000","-19,000,000","16,400,000","39,200,000","31,500,000","43,800,000","26,700,000","45,100,000","45,500,000","42,500,000","32,600,000","44,100,000","41,100,000","34,700,000","26,700,000","36,800,000","33,900,000","30,200,000","22,600,000"
			NetIncomeDiscontinuousOperations,,,,,,,,,,,,,,,"0","0",,,"57,000","-488,000",,,,,,,"0","0","0","0","-92,000","0","0","-994,000","26,944,000","-18,987,000","0","0","59,789,000","6,026,000","-4,505,000","29,070,000","0","0","0",,"0","-224,000","237,000","0","18,332,000","0","0","0","0","8,611,000","289,000","-600,000","353,000","-671,000","96,307,000","3,776,000","12,838,000","4,290,000",,,,,,,,,,,,,,,,,,,"0",,"241,258,000","1,192,000",,,,,,,,,,,,,,,,,,,,,,,,,,,,,,,,,,,,,,,,,,,,,"0","194,400,000","2,100,000","2,000,000",,,,,,,,,,,,,,
			NetIncomeFromTaxLossCarryforward,,,,,,,,,,,,,,,,,,,,,,,,,,,,,,,,,,,,,,,,,,,,,,,,,,,,,,,,,,,,,,,,,,,,,,,,,,,,,,,,,,,,,,,,,,,,,,,"0",,"-7,700,000",,,,,,,,,,,,,,,,,,,,,,,,,,,,,,,,,,,,,,,,,,,,,,,,,,,
		MinorityInterests,,,"0",,,,"-734,000",,,,"0","0","0","0","-1,777,000","2,000","1,000","-2,000","1,026,000","-3,673,000","40,000","66,000","-483,000","123,000","281,000","5,315,000","14,000","50,000","181,000","159,000","1,043,000","-59,000","128,000","-110,000","-55,000","61,000","-6,000","249,000","-267,000","21,000","27,000","53,000","40,000","217,000","105,000","193,000","40,000","97,000","214,000","-1,365,000","178,000","111,000","-60,000","-239,000","-130,000","-54,000","-213,000","-104,000","68,000","54,000","-24,000","9,000","-245,000","267,000","244,000","93,000","-144,000","167,000","-161,000","-119,000","-208,000","-83,000","-173,000","-125,000",,,,,,,,,,,,,,,,,,,,,,,,,,,,,,,,,,,,,,,"300,000",,"-47,100,000","-2,100,000","-500,000","-2,100,000","-2,600,000","-2,100,000","-2,700,000","-1,400,000","-100,000","1,500,000","2,700,000","1,600,000","100,000","2,400,000","1,500,000",,"-25,100,000","2,600,000","3,000,000",,,,,,,,,,,,,,,
	PreferredStockDividends,,,,,,,,,,,,,,,,,,,,,,,,,,,,,,,,,,,,,,,,,,,,,,,,,,,,,,,,,,,,,,,,,,,,,,,,,,,,,,,,,,,,,,,,,,,,,,,,,,,"0",,,,"0",,,,,,,,,,,,,,,,,,,,,,,,,,,,,,,,,,,,,,,,,,,,,
	OtherunderPreferredStockDividend,,,,,,,,,,,,,,,,,,,,,,,,,,,,,,,,,,,,,,,,,,,,,,,,,,,,,"60,000",,,,,,,,,,,,,,,,,,,,,,,,,,,,,,,,,,,,,,,,,,,,,,,,,,,,,,,,,,,,,,,,,,,,,,,,,,,,,,,,,,,,,,,,,,,,,,,
DilutedNIAvailtoComStockholders,"183,587,000","4,725,000","69,889,000","54,656,000","54,317,000","41,109,000","10,009,000","33,578,000","23,662,000","32,854,000","68,212,000","16,427,000","25,171,000","30,156,000","55,199,000","24,976,000","23,597,000","21,912,000","-56,813,000","32,329,000","15,599,000","13,181,000","37,144,000","406,000","-211,000","-8,271,000","51,693,000","9,415,000","16,400,000","-14,262,000","34,875,000","-12,499,000","9,188,000","1,743,000","65,626,000","-24,226,000","20,131,000","3,138,000","176,910,000","2,282,000","-88,149,000","42,130,000","58,945,000","15,685,000","-119,718,000","5,419,000","67,139,000","-4,261,000","32,033,000","12,793,000","90,919,000","-35,624,000","39,064,000","-74,468,000","27,648,000","-106,293,000","21,141,000","-335,000","52,995,000","13,439,000","118,368,000","23,902,000","-653,734,000","14,023,000","61,313,000","34,955,000","64,808,000","23,081,000","60,815,000","111,049,000","110,173,000","48,272,000","75,677,000","58,435,000","110,860,000","50,120,000","72,829,000","68,846,000","107,502,000","59,014,000","78,761,000","54,470,000","74,086,000","43,838,000","265,474,000","61,274,000","137,769,000","74,965,000","101,738,000","83,063,000","105,300,000","60,000,000","83,500,000","61,400,000","84,300,000","55,000,000","75,000,000","64,600,000","79,300,000","46,200,000","84,900,000","51,800,000","52,700,000","-47,700,000","46,800,000","32,700,000","33,000,000","32,200,000","43,300,000","27,400,000","40,500,000","120,600,000","34,300,000","17,700,000","-24,200,000","-3,000,000","22,400,000","10,900,000","-40,100,000","-33,900,000","15,200,000","13,900,000","34,500,000","1,900,000","5,400,000","5,100,000","12,100,000","9,200,000","26,800,000","16,600,000","-19,100,000","210,800,000","41,300,000",,,,,,,,,,,,,,,
BasicEPS,,"0.03","0.42","0.33","0.32","0.25","0.06","0.2","0.14","0.2","0.41","0.1","0.15","0.18","0.33","0.15","0.14","0.13","-0.35","0.2","0.1","0.08",,"0.003","-0.001","-0.05","0.32","0.06","0.1","-0.09","0.23","-0.08","0.06","0.01","0.44","-0.16","0.14","0.02","1.19","0.02","-0.6","0.28",,"0.11","-0.81","0.04",,"-0.03","0.22","0.09",,"-0.25","0.27","-0.52",,"-0.74","0.15","-0.002",,"0.09","0.82","0.17",,"0.1","0.42","0.24",,"0.16","0.42","0.76",,"0.33","0.51","0.39",,"0.34","0.48","0.45",,"0.39","0.52","0.36",,"0.28","1.67","0.38",,"0.45","0.6","0.48",,"0.35","0.47","0.34",,"0.29","0.39","0.34",,"0.23","0.43","0.26",,"-0.25","0.24","0.17",,"0.17","0.23","0.14",,"0.58","0.16","0.09",,"-0.02","0.14","0.07",,"-0.22","0.1","0.09",,"0.02","0.03","0.04",,"0.06","0.18","0.11",,"1.35","0.27","0.21",,"0.17","0.28","0.28",,"0.2","0.27","0.25",,"0.17","0.23","0.21",,"0.14"
DilutedEPS,,"0.03","0.41","0.32","0.32","0.24","0.06","0.2","0.14","0.2","0.41","0.1","0.15","0.18","0.33","0.15","0.14","0.13","-0.35","0.2","0.09","0.08",,"0.002","-0.001","-0.05","0.31","0.06","0.1","-0.09","0.22","-0.08","0.06","0.01","0.41","-0.16","0.13","0.02","1.14","0.02","-0.6","0.28",,"0.1","-0.81","0.04",,"-0.03","0.21","0.08",,"-0.25","0.27","-0.52",,"-0.74","0.15","-0.002",,"0.09","0.82","0.17",,"0.1","0.42","0.24",,"0.16","0.42","0.76",,"0.33","0.5","0.38",,"0.33","0.47","0.45",,"0.38","0.51","0.35",,"0.28","1.64","0.37",,"0.44","0.59","0.47",,"0.34","0.47","0.34",,"0.29","0.38","0.33",,"0.23","0.43","0.26",,"-0.25","0.24","0.17",,"0.17","0.23","0.14",,"0.58","0.16","0.09",,"-0.02","0.14","0.07",,"-0.22","0.1","0.09",,"0.02","0.03","0.04",,"0.06","0.18","0.11",,"1.35","0.27","0.21",,"0.17","0.28","0.28",,"0.2","0.27","0.25",,"0.17","0.23","0.21",,"0.14"
BasicAverageShares,,"167,866,000","168,032,000","168,027,000","168,012,000","167,647,000","167,367,000","167,075,000","166,869,000","166,549,000","166,239,000","166,148,000","166,152,000","165,674,000","165,154,000","165,064,000","165,027,000","164,094,000","162,311,000","162,173,000","161,787,000","161,402,000",,"161,185,000","161,128,000","161,003,000","162,179,000","165,052,000","166,355,000","163,988,000","150,779,000","150,822,000","150,796,000","150,612,000","150,162,000","150,033,000","148,797,000","148,710,000","148,461,000","148,254,000","148,005,000","147,867,000",,"147,355,000","147,176,000","146,777,000",,"145,803,000","145,601,000","145,195,000",,"144,335,000","143,981,000","143,907,000",,"143,782,000","143,776,000","143,760,000",,"143,902,000","143,906,000","143,905,000",,"144,454,000","144,792,000","145,165,000",,"145,214,000","145,524,000","145,868,000",,"146,469,000","148,626,000","149,925,000",,"149,305,000","150,730,000","151,845,000",,"151,668,000","151,789,000","151,104,000",,"155,853,000","158,758,000","161,889,000",,"166,564,000","169,501,000","172,960,000",,"171,428,571","177,659,574","180,588,235",,"189,655,172","192,307,692","190,000,000",,"200,869,565","197,441,860","199,230,769",,"190,800,000","195,000,000","192,352,941",,"189,411,765","188,260,870","195,714,286",,"207,931,034","214,375,000","196,666,667",,"150,000,000","160,000,000","155,714,286",,"154,090,909","152,000,000","154,444,444",,"150,000,000","180,000,000","127,500,000",,"153,333,333","148,888,889","150,909,091",,"156,148,148","152,962,963","158,494,000",,"162,376,000","163,496,000","163,990,000",,"164,116,000","163,998,000","163,998,000",,"161,928,000","161,720,000","159,812,000",,"160,184,000"
DilutedAverageShares,,"168,257,000","168,649,000","168,546,000","168,346,000","168,165,000","168,197,000","168,059,000","168,083,000","167,845,000","167,728,000","167,555,000","167,549,000","167,129,000","167,249,000","166,966,000","166,899,000","166,237,000","162,311,000","164,405,000","163,808,000","162,592,000",,"162,945,000","161,128,000","161,003,000","164,128,000","166,981,000","168,316,000","163,988,000","160,455,000","150,822,000","161,868,000","161,920,000","160,013,000","150,033,000","156,511,000","155,270,000","154,685,000","148,254,000","148,005,000","151,468,000",,"151,293,000","147,176,000","153,760,000",,"145,803,000","152,962,000","153,924,000",,"144,335,000","144,626,000","143,907,000",,"143,782,000","144,037,000","144,006,000",,"144,112,000","144,114,000","144,077,000",,"144,568,000","144,943,000","145,361,000",,"145,602,000","146,003,000","146,771,000",,"147,964,000","150,902,000","152,460,000",,"151,606,000","153,403,000","154,598,000",,"154,699,000","155,555,000","154,249,000",,"158,881,000","161,687,000","165,109,000",,"169,903,000","173,047,000","177,155,000",,"176,470,588","177,659,574","180,588,235",,"189,655,172","197,368,421","195,757,576",,"200,869,565","197,441,860","199,230,769",,"190,800,000","195,000,000","192,352,941",,"189,411,765","188,260,870","195,714,286",,"207,931,034","214,375,000","196,666,667",,"150,000,000","160,000,000","155,714,286",,"154,090,909","152,000,000","154,444,444",,"150,000,000","180,000,000","127,500,000",,"153,333,333","148,888,889","150,909,091",,"156,148,148","152,962,963","158,494,000",,"162,376,000","163,496,000","163,990,000",,"164,116,000","163,998,000","163,998,000",,"161,928,000","161,720,000","159,812,000",,"160,184,000"
TotalOperatingIncomeAsReported,"222,660,000","6,284,000","94,115,000","48,976,000","73,285,000","51,658,000","80,534,000","39,596,000","28,806,000","27,320,000","77,965,000","25,086,000","37,933,000","34,598,000","74,667,000","41,443,000","40,002,000","34,055,000","22,675,000","33,013,000","27,669,000","29,009,000","55,555,000","8,973,000","9,141,000","27,935,000","87,665,000","21,933,000","38,051,000","-11,064,000","62,424,000","-9,032,000","16,497,000","22,059,000","68,877,000","12,855,000","53,431,000","22,870,000","44,008,000","8,509,000","-143,624,000","19,616,000","106,665,000","33,045,000","-114,077,000","31,074,000","89,228,000","31,409,000","60,825,000","52,658,000","137,800,000","-25,438,000","23,331,000","-61,634,000","63,338,000","-150,444,000","40,255,000","6,215,000","101,510,000","28,105,000","43,317,000","54,497,000","-695,554,000","20,476,000","99,073,000","68,276,000","121,361,000","45,079,000","106,542,000","208,072,000","184,743,000","84,291,000","131,757,000","109,162,000","194,461,000","92,737,000","130,057,000","122,295,000","192,236,000","112,373,000","141,728,000","98,531,000","130,447,000","81,261,000","48,211,000","114,484,000","178,923,000","116,186,000","185,878,000","108,996,000","188,400,000","112,800,000","154,900,000","71,600,000","152,400,000","101,400,000","145,100,000","116,400,000","135,000,000","91,400,000","127,300,000","101,300,000","220,800,000","-63,900,000","90,200,000","60,700,000","49,200,000","40,200,000","81,600,000","17,200,000","61,500,000","33,300,000","34,500,000","43,100,000","34,500,000","12,200,000","48,900,000","31,100,000","4,300,000","12,200,000","37,200,000","34,800,000","51,400,000","9,000,000","18,400,000","15,000,000","26,900,000","17,500,000","51,500,000","34,100,000","11,900,000","29,400,000","71,400,000",,,,,,,,,,,,,,,
TotalExpenses,"1,878,054,000","496,429,000","500,117,000","460,127,000","421,381,000","421,387,000","428,824,000","387,299,000","374,944,000","416,316,000","430,398,000","401,452,000","398,325,000","404,464,000","426,713,000","380,754,000","373,306,000","378,005,000","458,290,000","350,080,000","377,420,000","367,393,000","384,095,000","356,596,000","339,933,000","351,580,000","352,663,000","345,471,000","344,835,000","390,606,000","382,259,000","373,750,000","372,222,000","365,799,000","374,983,000","342,712,000","431,932,000","443,063,000","529,190,000","440,519,000","464,104,000","479,760,000","533,179,000","504,190,000","529,461,000","535,430,000","556,300,000","522,924,000","528,762,000","535,209,000","534,332,000","596,059,000","561,154,000","670,656,000","708,716,000","837,486,000","701,650,000","741,640,000","764,245,000","726,254,000","745,626,000","731,523,000","1,626,417,000","719,110,000","759,675,000","763,496,000","809,679,000","746,004,000","738,527,000","597,511,000","719,194,000","689,539,000","692,174,000","692,782,000","687,821,000","666,550,000","671,834,000","661,445,000","647,962,000","617,128,000","630,483,000","638,566,000","650,183,000","615,632,000","712,071,000","663,668,000","794,722,000","671,103,000","699,710,000","688,264,000","694,100,000","616,900,000","624,500,000","623,800,000","629,800,000","581,300,000","604,100,000","606,200,000","633,400,000","592,200,000","594,600,000","591,200,000","497,400,000","692,900,000","555,000,000","561,800,000","605,900,000","532,500,000","528,800,000","513,700,000","543,900,000","493,900,000","562,200,000","546,400,000","601,600,000","433,400,000","434,700,000","423,400,000","451,100,000","417,500,000","410,800,000","405,600,000","401,100,000","384,400,000","422,000,000","401,900,000","429,100,000","403,200,000","417,400,000","397,100,000","458,300,000","385,900,000","388,900,000",,,,,,,,,,,,,,,
NetIncomeFromContinuingAndDiscontinuedOperation,"183,587,000","4,725,000","69,889,000","54,656,000","54,317,000","41,109,000","10,009,000","33,578,000","23,662,000","32,854,000","68,212,000","16,427,000","25,171,000","30,156,000","55,199,000","24,976,000","23,597,000","21,912,000","-56,813,000","32,329,000","15,599,000","13,181,000","37,144,000","406,000","-211,000","-8,271,000","51,693,000","9,415,000","16,400,000","-14,262,000","34,875,000","-12,499,000","9,188,000","1,743,000","65,626,000","-24,226,000","20,131,000","3,138,000","176,910,000","2,282,000","-88,149,000","42,130,000","58,945,000","15,685,000","-119,718,000","5,419,000","67,139,000","-4,261,000","32,033,000","12,793,000","90,919,000","-35,624,000","39,064,000","-74,468,000","27,648,000","-106,293,000","21,141,000","-335,000","52,995,000","13,439,000","118,368,000","23,902,000","-653,734,000","14,023,000","61,313,000","34,955,000","70,660,000","23,081,000","60,815,000","111,049,000","110,173,000","48,272,000","75,677,000","58,435,000","110,860,000","50,120,000","72,829,000","68,846,000","107,502,000","59,014,000","78,761,000","54,470,000","74,086,000","43,838,000","265,474,000","61,274,000","137,769,000","74,965,000","101,738,000","83,063,000","105,300,000","60,000,000","83,500,000","61,400,000","84,300,000","55,000,000","82,700,000","64,600,000","79,300,000","46,200,000","84,900,000","51,800,000","52,700,000","-47,700,000","46,800,000","32,700,000","33,100,000","32,200,000","43,300,000","27,400,000","40,600,000","120,600,000","34,300,000","17,700,000","-24,100,000","-3,000,000","22,400,000","10,900,000","-6,600,000","-33,900,000","15,200,000","13,900,000","34,600,000","1,900,000","5,400,000","5,100,000","12,200,000","9,200,000","26,800,000","16,600,000","-19,000,000","210,800,000","41,300,000",,,,,,,,,,,,,,,
NormalizedIncome,"192,093,010.42","32,807,008","49,354,451.079","54,656,000","57,186,419","41,109,000","10,009,000","33,578,000","23,662,000","32,854,000","68,212,000","17,859,990","25,171,000","30,156,000","59,610,709.213","21,522,088","24,475,904","23,435,616","-54,973,400","34,365,282.09","16,985,825.999","14,622,200","39,417,000","2,471,759.901","6,902,000","-8,271,000","51,693,000","9,415,000","16,400,000","-14,262,000","35,245,659.438","-11,076,800","9,188,000","4,394,500","38,682,000","-5,239,000","20,131,000","3,138,000","21,700,064.272","-3,400,150","25,587,261.313","3,201,389.92","3,510,310.735","3,405,200","21,955,190.123","771,390.229","57,431,542.321","12,445,913.849","25,862,800","14,095,600","62,405,613.247","-35,624,000","33,051,500","-78,803,941.826","40,100,700","-10,624,500","20,852,000","12,154,150","59,873,636.864","14,110,000","40,636,700","20,126,000","119,246,920.404","4,954,806.141","55,652,067.848","33,766,941.406","72,037,198.827","19,331,000","58,114,692.308","36,680,200","109,700,434.724","44,786,933.167","73,266,989.473","59,669,899.818","111,642,395.382","49,367,380.225","71,736,970.352","66,848,289.275","110,229,322.178","61,382,026.42","79,378,321.881","53,665,409.261","162,901,000","9,513,200","-8,233,330.555","30,022,600","97,021,200","59,282,978.817","99,564,800","53,324,600","102,000,000","57,060,000","81,520,000","32,660,000","79,860,000","51,820,000","75,560,000","59,200,000","69,280,000","44,160,000","82,688,319.328","51,020,000","125,780,000","-66,600,000","45,480,000","29,880,000","29,399,796.748","22,193,625.498","41,740,000","2,260,000","44,331,617.647","-2,700,000","11,020,000","17,700,000","-24,100,000","-3,000,000","22,400,000","10,900,000","-3,300,000","3,151,700.68","15,200,000","13,900,000","34,600,000","1,900,000","5,400,000","5,100,000","12,200,000","9,200,000","26,800,000","16,600,000","-19,000,000","16,400,000","39,200,000",,,,,,,,,,,,,,,
InterestIncome,"6,091,000","1,222,000","1,216,000","1,598,000","2,053,000","1,689,000","3,333,000","3,720,000","2,965,000","14,039,000","4,487,000","5,078,000","5,410,000","6,605,000","4,755,000","3,836,000","3,117,000","2,802,000","2,713,000","2,752,000","2,313,000","2,119,000","2,753,000","2,085,000","1,949,000","2,233,000","3,130,000","1,887,000","1,183,000","1,141,000","2,254,000","996,000","994,000","940,000","427,000","395,000","349,000","343,000","195,000","92,000","61,000","62,000","63,000","107,000","148,000","464,000",,"316,000","375,000","380,000","-1,047,600","618,000","680,000","111,000",,,,,,,,,,,,,,,,,,,,,,,,,,,,,,,,,,,,,,,,,,,,,,,,,,,,,,,,,,,,,,,,,,,,,,,,,,,,,,,,,,,,,,,,,,,,,,
InterestExpense,"738,000","147,000","224,000","185,000","180,000","178,000","180,000","183,000","179,000","185,000","5,604,000","7,111,000","7,129,000","7,015,000","7,016,000","7,023,000","6,840,000","6,803,000","6,552,000","6,611,000","6,668,000","6,644,000","9,376,000","9,891,000","9,855,000","9,806,000","9,869,000","9,834,000","9,814,000","12,118,000","12,855,000","12,748,000","13,071,000","13,051,000","13,176,000","14,494,000","13,892,000","13,253,000","15,467,000","14,460,000","15,525,000","15,514,000","15,524,000","20,146,000","25,300,000","25,055,000","28,240,000","18,830,000","20,989,000","18,960,000","-61,795,900","21,646,000","22,336,000","18,257,000",,,,,,,,,,,,,,,,,,,,,,,,,,,,,,,,,,,,,,,,,,,,,,,,,,,,,,,,,,,,,,,,,,,,,,,,,,,,,,,,,,,,,,,,,,,,,,
NetInterestIncome,"5,353,000","1,075,000","992,000","1,413,000","1,873,000","1,511,000","3,153,000","3,537,000","2,786,000","13,854,000","-248,000","-755,000","-1,514,000","-1,303,000","-3,127,000","-4,026,000","-4,536,000","-4,877,000","-4,665,000","-4,660,000","-5,133,000","-5,325,000","-7,850,000","-9,032,000","-9,097,000","-8,826,000","-7,955,000","-9,127,000","-9,776,000","-12,192,000","-11,620,000","-13,066,000","-13,205,000","-13,301,000","-13,904,000","-15,454,000","-14,646,000","-14,074,000","-19,788,000","-14,368,000","-15,464,000","-15,452,000","-15,461,000","-20,039,000","-25,152,000","-24,591,000","-29,291,000","-18,514,000","-20,614,000","-18,580,000","60,748,300","-21,028,000","-21,656,000","-18,146,000",,,,,,,,,,,,,,,,,,,,,,,,,,,,,,,,,,,,,,,,,,,,,,,,,,,,,,,,,,,,,,,,,,,,,,,,,,,,,,,,,,,,,,,,,,,,,,
EBIT,"246,506,000","5,984,000","92,649,000","75,131,000","72,740,000","50,748,000","6,448,000","41,044,000","29,622,000","39,045,000","81,521,000","29,608,000","41,715,000","38,475,000","87,281,000","42,089,000","40,435,000","33,968,000","11,739,000","66,521,000","28,938,000","30,501,000","62,653,000","10,295,000","9,487,000","-12,981,000","89,554,000","22,810,000","37,733,000","-11,710,000","55,464,000","-9,939,000","16,388,000","19,662,000","68,332,000","11,772,000","52,218,000","19,109,000","208,630,000","7,899,000","-104,687,000","32,597,000","110,782,000","50,976,000","-111,138,000","31,687,000","113,411,000","12,678,000","78,006,000","60,145,000","55,465,100","-17,322,000","23,195,000","-57,120,000","63,338,000","-150,444,000","40,255,000","6,215,000","101,510,000","28,105,000","43,317,000","54,497,000","-695,554,000","20,476,000","99,073,000","68,276,000","121,361,000","45,079,000","106,542,000","208,072,000","184,743,000","84,291,000","131,757,000","109,162,000","194,461,000","92,737,000","130,057,000","122,295,000","192,236,000","112,373,000","141,728,000","98,531,000","130,447,000","81,261,000","48,211,000","114,484,000","178,923,000","116,186,000","185,878,000","108,996,000","188,400,000","112,800,000","154,900,000","71,600,000","152,400,000","101,400,000","145,100,000","116,400,000","135,000,000","91,400,000","127,300,000","101,300,000","220,800,000","-63,900,000","90,200,000","60,700,000","49,200,000","40,200,000","81,600,000","17,200,000","61,500,000","33,300,000","34,500,000","43,100,000","34,500,000","12,200,000","48,900,000","31,100,000","4,300,000","12,200,000","37,200,000","34,800,000","51,400,000","9,000,000","18,400,000","15,000,000","26,900,000","17,500,000","51,500,000","34,100,000","11,900,000","29,400,000","71,400,000","423,100,000","-1,039,900,000","404,100,000","456,400,000","430,400,000","-950,400,000","406,500,000","426,300,000","409,000,000","-875,100,000","370,100,000","401,200,000","375,400,000","-795,400,000","334,200,000"
EBITDA,"320,698,000"
ReconciledCostOfRevenue,"1,057,215,000","275,966,000","277,816,000","254,351,000","249,082,000","248,831,000","248,381,000","234,099,000","227,849,000","241,325,000","179,098,000","178,776,000","173,014,000","168,083,000","180,544,000","163,434,000","155,857,000","154,341,000","162,965,000","149,920,000","149,285,000","153,236,000","160,909,000","156,616,000","152,717,000","157,862,000","156,372,000","152,031,000","152,773,000","156,636,000","165,891,000","161,177,000","157,944,000","158,983,000","164,333,000","151,497,000","192,396,000","196,874,000","224,110,000","199,335,000","212,698,000","212,854,000","244,089,000","232,903,000","236,998,000","243,477,000","246,743,000","237,384,000","236,802,000","240,849,000","235,115,000","241,193,000","254,144,000","290,699,000","327,911,000","322,246,000","324,399,000","340,564,000","338,187,000","331,962,000","325,922,000","345,025,000","419,373,000","362,568,000","391,572,000","393,834,000","401,745,000","382,832,000","378,876,000","376,931,000","378,041,000","364,569,000","365,459,000","367,479,000","375,433,000","350,858,000","351,046,000","351,458,000","373,870,000","324,736,000","324,663,000","329,363,000","343,789,000","327,872,000","342,051,000","349,150,000","151,093,000","353,253,000","364,971,000","359,288,000","347,100,000","264,300,000","288,600,000","281,300,000","335,800,000","309,000,000","311,100,000","317,500,000","325,400,000","305,300,000","292,300,000","300,900,000","300,600,000","295,000,000","297,500,000","306,800,000","327,500,000","285,800,000","281,000,000","271,200,000","275,100,000","255,900,000","293,000,000","284,500,000","301,600,000","237,900,000","237,200,000","231,100,000","231,800,000","228,500,000","215,900,000","220,400,000","260,200,000","209,700,000","222,900,000","226,100,000","239,500,000","224,500,000","232,000,000","218,700,000","228,900,000","221,000,000","230,500,000",,,,,,,,,,,,,,,
ReconciledDepreciation,"74,192,000","24,085,000","16,392,000","16,953,000","16,762,000","16,883,000","17,890,000","17,353,000","17,929,000","17,532,000","22,497,000","15,450,000","15,180,000","14,918,000","15,042,000","14,847,000","14,081,000","15,041,000","14,910,000","15,677,000","15,131,000","16,153,000","15,720,000","15,384,000","15,147,000","15,472,000","15,574,000","15,369,000","15,810,000","14,844,000","20,819,000","19,375,000","19,169,000","20,092,000","20,678,000","21,391,000","21,608,000","21,800,000","21,237,000","24,727,000","25,183,000","32,628,000","28,857,000","29,402,000","29,547,000","28,648,000","30,134,000","30,100,000","30,327,000","30,389,000","31,258,000","31,319,000","34,424,000","36,774,000","35,955,000","33,881,000","32,642,000","41,931,000","46,690,000","51,789,000","46,645,000","44,437,000",,,,,,,,,,,,,,,,,,,,,"48,817,000","48,340,000","47,146,000","49,705,000","72,555,000","51,319,000","52,436,000","51,663,000","51,700,000","48,700,000","48,600,000","48,500,000","46,600,000","48,700,000","47,100,000","45,800,000","45,200,000","44,700,000","43,600,000","40,400,000","37,000,000","39,000,000","36,300,000","35,600,000","29,700,000","37,000,000","35,900,000","36,400,000","40,500,000","36,100,000","38,800,000","38,900,000","42,500,000","29,000,000","29,000,000","28,300,000","27,600,000","26,700,000","26,900,000","26,700,000","-15,600,000","29,200,000","29,400,000","29,400,000","32,000,000","31,700,000","31,400,000","31,100,000","29,100,000","27,000,000","22,200,000",,,,,,,,,,,,,,,
NetIncomeFromContinuingOperationNetMinorityInterest,"183,587,000","4,725,000","69,889,000","54,656,000","54,317,000","41,109,000","10,009,000","33,578,000","23,662,000","32,854,000","68,212,000","16,427,000","25,171,000","30,156,000","55,199,000","24,976,000","23,597,000","21,912,000","-56,870,000","32,817,000","15,599,000","13,181,000","39,417,000","406,000","-211,000","-8,271,000","51,693,000","9,415,000","16,400,000","-14,262,000","34,967,000","-12,499,000","9,188,000","2,737,000","38,682,000","-5,239,000","20,131,000","3,138,000","117,121,000","-3,744,000","-83,644,000","13,060,000","58,945,000","15,685,000","-119,718,000","5,419,000","67,139,000","-4,037,000","31,796,000","12,793,000","72,587,000","-35,624,000","39,064,000","-74,468,000","27,648,000","-114,904,000","20,852,000","265,000","52,642,000","14,110,000","22,061,000","20,126,000","-666,572,000","9,733,000","61,313,000","34,955,000","70,660,000","23,081,000","60,815,000","111,049,000","110,173,000","48,272,000","75,677,000","58,435,000","110,860,000","50,120,000","72,829,000","68,846,000","107,502,000","59,014,000","78,761,000","54,470,000","74,086,000","43,838,000","24,216,000","60,082,000","137,769,000","74,965,000","101,738,000","83,063,000","105,300,000","60,000,000","83,500,000","61,400,000","84,300,000","55,000,000","82,700,000","64,600,000","79,300,000","46,200,000","84,900,000","51,800,000","52,700,000","-47,700,000","46,800,000","32,700,000","33,100,000","32,200,000","43,300,000","27,400,000","40,600,000","120,600,000","34,300,000","17,700,000","-24,100,000","-3,000,000","22,400,000","10,900,000","-6,600,000","-33,900,000","15,200,000","13,900,000","34,600,000","1,900,000","5,400,000","5,100,000","12,200,000","9,200,000","26,800,000","16,600,000","-19,000,000","16,400,000","39,200,000",,,,,,,,,,,,,,,
TotalUnusualItemsExcludingGoodwill,"-11,387,000","-34,712,000","27,156,000","0","-3,831,000",,"0","0",,,"0","-1,963,000","0","0","-6,215,000","4,851,000","-1,252,000","-1,888,000","-3,161,000","-2,542,000","-1,985,000","-2,402,000","0","-2,949,000","-11,855,000",,"0","0","0","0","-350,000","-2,188,000","0","-2,550,000","0","0","0","0","157,016,000","-529,000","-156,935,000","12,948,000","89,646,000","18,892,000","-161,318,000","5,898,000","12,322,000","-24,529,000","9,128,000","-2,004,000","16,488,000","0","9,250,000","4,403,000","-19,158,000","-160,430,000",,"-18,291,000","-11,000,000",,"-28,578,000",,"-832,518,000","7,348,000","8,770,000","1,967,000","-2,189,000","6,250,000","4,388,000","123,948,000","747,000","5,764,000","3,984,000","-2,043,000","-1,297,000","1,244,000","1,805,000","3,302,000","-4,471,000","-3,882,000","-1,012,000","1,319,000","-148,025,000","57,208,000","53,368,000","50,099,000","67,913,000","26,101,000","3,622,000","49,564,000","5,500,000","4,900,000","3,300,000","47,900,000","7,400,000","5,300,000","11,900,000","9,000,000","16,700,000","3,400,000","3,100,000","1,300,000","-121,800,000","31,500,000","2,200,000","4,700,000","5,500,000","15,600,000","2,600,000","41,900,000","-5,000,000","205,500,000","38,800,000",,,,,,"-5,500,000","-48,200,000",,,,,,,,,,,,,,,,,,,,,,,,,,,,
TotalUnusualItems,"-11,387,000","-34,712,000","27,156,000","0","-3,831,000",,"0","0",,,"0","-1,963,000","0","0","-6,215,000","4,851,000","-1,252,000","-1,888,000","-3,161,000","-2,542,000","-1,985,000","-2,402,000","0","-2,949,000","-11,855,000",,"0","0","0","0","-350,000","-2,188,000","0","-2,550,000","0","0","0","0","157,016,000","-529,000","-156,935,000","12,948,000","89,646,000","18,892,000","-161,318,000","5,898,000","12,322,000","-24,529,000","9,128,000","-2,004,000","16,488,000","0","9,250,000","4,403,000","-19,158,000","-160,430,000",,"-18,291,000","-11,000,000",,"-28,578,000",,"-832,518,000","7,348,000","8,770,000","1,967,000","-2,189,000","6,250,000","4,388,000","123,948,000","747,000","5,764,000","3,984,000","-2,043,000","-1,297,000","1,244,000","1,805,000","3,302,000","-4,471,000","-3,882,000","-1,012,000","1,319,000","-148,025,000","57,208,000","53,368,000","50,099,000","67,913,000","26,101,000","3,622,000","49,564,000","5,500,000","4,900,000","3,300,000","47,900,000","7,400,000","5,300,000","11,900,000","9,000,000","16,700,000","3,400,000","3,100,000","1,300,000","-121,800,000","31,500,000","2,200,000","4,700,000","5,500,000","15,600,000","2,600,000","41,900,000","-5,000,000","205,500,000","38,800,000",,,,,,"-5,500,000","-48,200,000",,,,,,,,,,,,,,,,,,,,,,,,,,,,
NormalizedEBITDA,"332,085,000","64,781,000","81,885,000","92,084,000","93,333,000","67,631,000","24,338,000","58,397,000","47,551,000","56,577,000","104,018,000","47,021,000","56,895,000","53,393,000","108,538,000","52,085,000","55,768,000","50,897,000","29,810,000","84,740,000","46,054,000","49,056,000","78,373,000","28,628,000","36,489,000","2,491,000","105,128,000","38,179,000","53,543,000","3,134,000","76,633,000","11,624,000","35,557,000","42,304,000","89,010,000","33,163,000","73,826,000","40,909,000","72,851,000","33,155,000","77,431,000","52,277,000","49,993,000","61,486,000","79,727,000","54,437,000","131,223,000","67,307,000","99,205,000","92,538,000","70,235,100","13,997,000","48,369,000","-24,749,000","118,451,000","43,867,000","72,897,000","66,437,000","159,200,000","79,894,000","118,540,000","98,934,000","136,964,000","13,128,000","90,303,000","66,309,000","123,550,000","38,829,000","102,154,000","84,124,000","183,996,000","78,527,000","127,773,000","111,205,000","195,758,000","91,493,000","128,252,000","118,993,000","196,707,000","116,255,000","142,740,000","97,212,000","327,289,000","72,393,000","41,989,000","114,090,000","183,565,000","141,404,000","234,692,000","111,095,000","234,600,000","156,600,000","200,200,000","72,200,000","191,600,000","144,900,000","180,300,000","153,200,000","163,500,000","132,700,000","167,800,000","140,400,000","379,600,000","-56,400,000","124,300,000","91,600,000","73,400,000","61,700,000","114,900,000","11,700,000","107,000,000","-136,100,000","34,500,000","82,000,000","77,000,000","41,200,000","77,900,000","59,400,000","37,400,000","87,100,000","64,100,000","61,500,000","35,800,000","38,200,000","47,800,000","44,400,000","58,900,000","49,200,000","82,900,000","65,200,000","41,000,000","56,400,000","93,600,000","423,100,000","-1,039,900,000","404,100,000","456,400,000","430,400,000","-950,400,000","406,500,000","426,300,000","409,000,000","-875,100,000","370,100,000","401,200,000","375,400,000","-795,400,000","334,200,000"
TaxRateForCalcs,"0.253","0.191","0.244","0.271","0.251","0.187","0.27","0.178","0.196","0.155","0.101","0.27","0.272","0.041","0.29","0.288","0.298","0.193","0.4","0.391","0.301","0.4","0.251","0.3","0.4","0.4","0.351","0.278","0.4","0.395","0.204","0.35","0.35","0.35","0.298","0.35","0.35","0.35","0.392","0.35","0.304","0.239","0.382","0.35","0.122","0.212","0.212","0.328","0.35","0.35","0.382","0.083","0.35","0.015","0.35","0.35","0.35","0.35","0.343","0.39","0.35","0.35","0.056","0.35","0.355","0.396","0.371","0.4","0.385","0.4","0.367","0.395","0.395","0.396","0.397","0.395","0.395","0.395","0.39","0.39","0.39","0.39","0.4","0.4","0.392","0.4","0.4","0.399","0.4","0.4","0.4","0.4","0.4","0.4","0.4","0.4","0.4","0.4","0.4","0.4","0.287","0.4","0.4","0.4","0.4","0.4","0.327","0.359","0.4","0.4","0.254","0.4","0.4","0.4","0.4","0.4","0.4","0.4","0.4","0.231","0.4","0.4","0.224","0.296","0.4","0.4","0.4","0.395","0.4","0.4","0.4","0.4","0.4",,,,,,,,,,,,,,,
TaxEffectOfUnusualItems,"-2,880,989.58","-6,629,992","6,621,451.079","0","-961,581","0","0","0","0","0","0","-530,010","0","0","-1,803,290.787","1,397,088","-373,096","-364,384","-1,264,400","-993,717.91","-598,174.001","-960,800","0","-883,240.099","-4,742,000","0","0","0","0","0","-71,340.562","-765,800","0","-892,500","0","0","0","0","61,595,064.272","-185,150","-47,703,738.687","3,089,389.92","34,211,310.735","6,612,200","-19,644,809.877","1,250,390.229","2,614,542.321","-8,046,086.151","3,194,800","-701,400","6,306,613.247","0","3,237,500","67,058.174","-6,705,300","-56,150,500","0","-6,401,850","-3,768,363.136","0","-10,002,300","0","-46,699,079.596","2,569,806.141","3,109,067.848","778,941.406","-811,801.173","2,500,000","1,687,692.308","49,579,200","274,434.724","2,278,933.167","1,573,989.473","-808,100.182","-514,604.618","491,380.225","712,970.352","1,304,289.275","-1,743,677.822","-1,513,973.58","-394,678.119","514,409.261","-59,210,000","22,883,200","20,918,669.445","20,039,600","27,165,200","10,418,978.817","1,448,800","19,825,600","2,200,000","1,960,000","1,320,000","19,160,000","2,960,000","2,120,000","4,760,000","3,600,000","6,680,000","1,360,000","888,319.328","520,000","-48,720,000","12,600,000","880,000","1,880,000","1,799,796.748","5,593,625.498","1,040,000","16,760,000","-1,268,382.353","82,200,000","15,520,000","0","0","0","0","0","-2,200,000","-11,148,299.32","0","0","0","0","0","0","0","0","0","0","0","0","0",,,,,,,,,,,,,,,